<?xml version="1.0" encoding="UTF-8"?>
<!DOCTYPE html PUBLIC "-//W3C//DTD XHTML 1.0 Transitional//EN"
    "http://www.w3.org/TR/xhtml1/DTD/xhtml1-transitional.dtd">
<html xmlns="http://www.w3.org/1999/xhtml" xml:lang="en" lang="en">
 <head>
  <title>
</title>
<meta http-equiv="Content-Type" content="text/html;charset=utf-8" />
  <meta name='ocr-system' content='tesseract 3.04.00' />
  <meta name='ocr-capabilities' content='ocr_page ocr_carea ocr_par ocr_line ocrx_word'/>
</head>
<body>
  <div class='ocr_page' id='page_1' title='image "./operaquaesupersu01ciceuoft/operaquaesupersu01ciceuoft_0253.png"; bbox 0 0 2117 3762; ppageno 0'>
   <div class='ocr_carea' id='block_1_1' title="bbox 766 281 1871 327">
    <p class='ocr_par' dir='ltr' id='par_1_1' title="bbox 766 281 1871 327">
     <span class='ocr_line' id='line_1_1' title="bbox 766 281 1871 327; baseline 0.005 -6"><span class='ocrx_word' id='word_1_1' title='bbox 766 283 864 322; x_wconf 85' lang='lat' dir='ltr'><strong>LIB.</strong></span> <span class='ocrx_word' id='word_1_2' title='bbox 898 281 950 322; x_wconf 88' lang='lat' dir='ltr'><strong>ll.</strong></span> <span class='ocrx_word' id='word_1_3' title='bbox 1013 281 1058 322; x_wconf 89' lang='lat' dir='ltr'><strong>C.</strong></span> <span class='ocrx_word' id='word_1_4' title='bbox 1093 284 1143 324; x_wconf 72' lang='lat'><strong>23</strong></span> <span class='ocrx_word' id='word_1_5' title='bbox 1174 284 1241 324; x_wconf 65' lang='lat'><strong>⁴24.</strong></span> <span class='ocrx_word' id='word_1_6' title='bbox 1794 284 1871 327; x_wconf 66' lang='lat'><strong>241</strong></span> 
     </span>
    </p>
   </div>
   <div class='ocr_carea' id='block_1_2' title="bbox 127 385 1932 2950">
    <p class='ocr_par' dir='ltr' id='par_1_2' title="bbox 130 385 1876 632">
     <span class='ocr_line' id='line_1_2' title="bbox 130 385 1873 445; baseline 0.001 -16"><span class='ocrx_word' id='word_1_7' title='bbox 130 389 334 445; x_wconf 85' lang='lat' dir='ltr'><strong>quandam</strong></span> <span class='ocrx_word' id='word_1_8' title='bbox 365 389 568 444; x_wconf 76' lang='lat' dir='ltr'><strong>expressit</strong></span> <span class='ocrx_word' id='word_1_9' title='bbox 598 386 711 444; x_wconf 82' lang='lat' dir='ltr'>quasi</span> <span class='ocrx_word' id='word_1_10' title='bbox 743 385 917 428; x_wconf 83' lang='lat' dir='ltr'><strong>sormam</strong></span> <span class='ocrx_word' id='word_1_11' title='bbox 950 387 1205 444; x_wconf 82' lang='lat' dir='ltr'><strong>liguramquc</strong></span> <span class='ocrx_word' id='word_1_12' title='bbox 1235 386 1416 438; x_wconf 86' lang='lat' dir='ltr'><strong>dicendi;</strong></span> <span class='ocrx_word' id='word_1_13' title='bbox 1451 389 1560 443; x_wconf 89' lang='lat' dir='ltr'><strong>quod</strong></span> <span class='ocrx_word' id='word_1_14' title='bbox 1589 401 1666 441; x_wconf 86' lang='lat' dir='ltr'><strong>ego</strong></span> <span class='ocrx_word' id='word_1_15' title='bbox 1698 389 1873 431; x_wconf 78' lang='lat' dir='ltr'><strong>maxime</strong></span> 
     </span>
     <span class='ocr_line' id='line_1_3' title="bbox 130 450 1876 506; baseline 0.001 -14"><span class='ocrx_word' id='word_1_16' title='bbox 130 452 245 504; x_wconf 91' lang='lat' dir='ltr'><strong>potui</strong></span> <span class='ocrx_word' id='word_1_17' title='bbox 278 450 459 492; x_wconf 85' lang='lat' dir='ltr'><strong>iudicare</strong></span> <span class='ocrx_word' id='word_1_18' title='bbox 490 451 531 493; x_wconf 89' lang='lat' dir='ltr'><strong>in</strong></span> <span class='ocrx_word' id='word_1_19' title='bbox 563 464 611 492; x_wconf 85' lang='lat' dir='ltr'><strong>ca</strong></span> <span class='ocrx_word' id='word_1_20' title='bbox 641 464 787 497; x_wconf 86' lang='lat' dir='ltr'><strong>causa,</strong></span> <span class='ocrx_word' id='word_1_21' title='bbox 830 464 949 504; x_wconf 83' lang='lat' dir='ltr'><strong>quam</strong></span> <span class='ocrx_word' id='word_1_22' title='bbox 982 451 1047 491; x_wconf 85' lang='lat' dir='ltr'><strong>illc</strong></span> <span class='ocrx_word' id='word_1_23' title='bbox 1080 458 1220 493; x_wconf 83' lang='lat' dir='ltr'><strong>contra</strong></span> <span class='ocrx_word' id='word_1_24' title='bbox 1252 466 1317 492; x_wconf 90' lang='lat' dir='ltr'><strong>me</strong></span> <span class='ocrx_word' id='word_1_25' title='bbox 1349 452 1457 506; x_wconf 89' lang='lat' dir='ltr'><strong>apud</strong></span> <span class='ocrx_word' id='word_1_26' title='bbox 1490 450 1766 492; x_wconf 86' lang='lat' dir='ltr'><strong>centumviros</strong></span> <span class='ocrx_word' id='word_1_27' title='bbox 1797 465 1876 506; x_wconf 92' lang='lat' dir='ltr'><strong>pro</strong></span> 
     </span>
     <span class='ocr_line' id='line_1_4' title="bbox 130 511 1876 570; baseline 0.001 -16"><span class='ocrx_word' id='word_1_28' title='bbox 130 511 326 554; x_wconf 84' lang='lat' dir='ltr'><strong>fratribus</strong></span> <span class='ocrx_word' id='word_1_29' title='bbox 359 513 494 556; x_wconf 87' lang='lat' dir='ltr'><strong>Cossis</strong></span> <span class='ocrx_word' id='word_1_30' title='bbox 525 513 646 562; x_wconf 78' lang='lat' dir='ltr'><strong>dixit;</strong></span> <span class='ocrx_word' id='word_1_31' title='bbox 685 512 727 553; x_wconf 88' lang='lat' dir='ltr'><strong>in</strong></span> <span class='ocrx_word' id='word_1_32' title='bbox 757 526 836 566; x_wconf 90' lang='lat' dir='ltr'><strong>qua</strong></span> <span class='ocrx_word' id='word_1_33' title='bbox 866 513 964 554; x_wconf 74' lang='lat' dir='ltr'><strong>nihil</strong></span> <span class='ocrx_word' id='word_1_34' title='bbox 995 514 1052 554; x_wconf 92' lang='lat' dir='ltr'><strong>illi</strong></span> <span class='ocrx_word' id='word_1_35' title='bbox 1085 513 1235 563; x_wconf 84' lang='lat' dir='ltr'><strong>defuit,</strong></span> <span class='ocrx_word' id='word_1_36' title='bbox 1268 516 1379 570; x_wconf 90' lang='lat' dir='ltr'><strong>quod</strong></span> <span class='ocrx_word' id='word_1_37' title='bbox 1410 528 1492 556; x_wconf 90' lang='lat' dir='ltr'><strong>non</strong></span> <span class='ocrx_word' id='word_1_38' title='bbox 1523 513 1648 555; x_wconf 91' lang='lat' dir='ltr'><strong>modo</strong></span> <span class='ocrx_word' id='word_1_39' title='bbox 1679 515 1876 568; x_wconf 88' lang='lat' dir='ltr'><strong>copiosus</strong></span> 
     </span>
     <span class='ocr_line' id='line_1_5' title="bbox 130 575 1110 632; baseline 0.001 -16"><span class='ocrx_word' id='word_1_40' title='bbox 130 575 201 617; x_wconf 90' lang='lat' dir='ltr'><strong>sed</strong></span> <span class='ocrx_word' id='word_1_41' title='bbox 232 577 353 618; x_wconf 87' lang='lat' dir='ltr'><strong>etiam</strong></span> <span class='ocrx_word' id='word_1_42' title='bbox 385 576 546 632; x_wconf 85' lang='lat' dir='ltr'><strong>sapiens</strong></span> <span class='ocrx_word' id='word_1_43' title='bbox 576 580 716 616; x_wconf 89' lang='lat' dir='ltr'><strong>orator</strong></span> <span class='ocrx_word' id='word_1_44' title='bbox 744 577 896 616; x_wconf 85' lang='lat' dir='ltr'><strong>habere</strong></span> <span class='ocrx_word' id='word_1_45' title='bbox 928 575 1110 617; x_wconf 81' lang='lat' dir='ltr'><strong>deberet.</strong></span> 
     </span>
    </p>

    <p class='ocr_par' dir='ltr' id='par_1_3' title="bbox 127 637 1932 2634">
     <span class='ocr_line' id='line_1_6' title="bbox 241 637 1906 693; baseline -0.001 -13"><span class='ocrx_word' id='word_1_46' title='bbox 241 641 391 681; x_wconf 81' lang='lat' dir='ltr'><strong>xxlv.</strong></span> <span class='ocrx_word' id='word_1_47' title='bbox 443 640 511 679; x_wconf 87' lang='grc'><strong>99.</strong></span> <span class='ocrx_word' id='word_1_48' title='bbox 570 640 746 685; x_wconf 84' lang='lat' dir='ltr'><strong>Verum,</strong></span> <span class='ocrx_word' id='word_1_49' title='bbox 792 644 836 678; x_wconf 89' lang='lat' dir='ltr'><strong>ut</strong></span> <span class='ocrx_word' id='word_1_50' title='bbox 881 637 1102 693; x_wconf 86' lang='lat' dir='ltr'><strong>aliquando</strong></span> <span class='ocrx_word' id='word_1_51' title='bbox 1148 638 1199 680; x_wconf 88' lang='lat' dir='ltr'><strong>ad</strong></span> <span class='ocrx_word' id='word_1_52' title='bbox 1245 652 1388 680; x_wconf 80' lang='lat' dir='ltr'><strong>causas</strong></span> <span class='ocrx_word' id='word_1_53' title='bbox 1435 640 1684 680; x_wconf 86' lang='lat' dir='ltr'><strong>deducamus</strong></span> <span class='ocrx_word' id='word_1_54' title='bbox 1731 638 1870 687; x_wconf 90' lang='lat' dir='ltr'><strong>illum,</strong></span> <span class='ocrx_word' id='word_1_55' title='bbox 1892 654 1906 678; x_wconf 80' lang='lat'>⁵</span> 
     </span>
     <span class='ocr_line' id='line_1_7' title="bbox 131 700 1875 756; baseline 0 -14"><span class='ocrx_word' id='word_1_56' title='bbox 131 714 253 755; x_wconf 88' lang='lat' dir='ltr'><strong>quem</strong></span> <span class='ocrx_word' id='word_1_57' title='bbox 298 700 605 748; x_wconf 90' lang='lat' dir='ltr'><strong>constituimus,</strong></span> <span class='ocrx_word' id='word_1_58' title='bbox 658 706 698 741; x_wconf 94' lang='lat' dir='ltr'><strong>et</strong></span> <span class='ocrx_word' id='word_1_59' title='bbox 738 714 804 741; x_wconf 86' lang='lat' dir='ltr'><strong>cas</strong></span> <span class='ocrx_word' id='word_1_60' title='bbox 842 701 1034 755; x_wconf 86' lang='lat' dir='ltr'><strong>quidem,</strong></span> <span class='ocrx_word' id='word_1_61' title='bbox 1084 701 1125 742; x_wconf 88' lang='lat' dir='ltr'><strong>in</strong></span> <span class='ocrx_word' id='word_1_62' title='bbox 1163 703 1313 756; x_wconf 88' lang='lat' dir='ltr'><strong>quibus</strong></span> <span class='ocrx_word' id='word_1_63' title='bbox 1348 701 1578 756; x_wconf 88' lang='lat' dir='ltr'><strong>plusculum</strong></span> <span class='ocrx_word' id='word_1_64' title='bbox 1609 701 1764 755; x_wconf 89' lang='lat' dir='ltr'><strong>negotii</strong></span> <span class='ocrx_word' id='word_1_65' title='bbox 1795 707 1875 748; x_wconf 85' lang='lat' dir='ltr'><strong>est,</strong></span> 
     </span>
     <span class='ocr_line' id='line_1_8' title="bbox 130 762 1880 820; baseline -0.001 -15"><span class='ocrx_word' id='word_1_66' title='bbox 130 763 375 805; x_wconf 90' lang='lat' dir='ltr'><strong>iudiciorum</strong></span> <span class='ocrx_word' id='word_1_67' title='bbox 422 769 542 818; x_wconf 89' lang='lat' dir='ltr'><strong>atque</strong></span> <span class='ocrx_word' id='word_1_68' title='bbox 586 762 739 810; x_wconf 90' lang='lat' dir='ltr'><strong>litium,</strong></span> <span class='ocrx_word' id='word_1_69' title='bbox 793 763 942 815; x_wconf 80' lang='lat' dir='ltr'><strong>(riserit</strong></span> <span class='ocrx_word' id='word_1_70' title='bbox 983 764 1129 819; x_wconf 90' lang='lat' dir='ltr'><strong>aliquis</strong></span> <span class='ocrx_word' id='word_1_71' title='bbox 1168 765 1341 805; x_wconf 88' lang='lat' dir='ltr'><strong>sortasse</strong></span> <span class='ocrx_word' id='word_1_72' title='bbox 1373 764 1451 805; x_wconf 86' lang='lat' dir='ltr'><strong>hoc</strong></span> <span class='ocrx_word' id='word_1_73' title='bbox 1481 769 1769 820; x_wconf 89' lang='lat' dir='ltr'><strong>praeceptum;</strong></span> <span class='ocrx_word' id='word_1_74' title='bbox 1817 769 1880 805; x_wconf 90' lang='lat' dir='ltr'><strong>est</strong></span> 
     </span>
     <span class='ocr_line' id='line_1_9' title="bbox 130 825 1879 882; baseline 0.001 -15"><span class='ocrx_word' id='word_1_75' title='bbox 130 826 240 867; x_wconf 87' lang='lat' dir='ltr'><strong>enim</strong></span> <span class='ocrx_word' id='word_1_76' title='bbox 280 838 362 867; x_wconf 90' lang='lat' dir='ltr'><strong>non</strong></span> <span class='ocrx_word' id='word_1_77' title='bbox 400 831 480 866; x_wconf 91' lang='lat' dir='ltr'><strong>tam</strong></span> <span class='ocrx_word' id='word_1_78' title='bbox 522 831 686 866; x_wconf 90' lang='lat' dir='ltr'><strong>acutum</strong></span> <span class='ocrx_word' id='word_1_79' title='bbox 718 839 838 879; x_wconf 86' lang='lat' dir='ltr'><strong>quam</strong></span> <span class='ocrx_word' id='word_1_80' title='bbox 870 827 1146 868; x_wconf 85' lang='lat' dir='ltr'><strong>necessarium</strong></span> <span class='ocrx_word' id='word_1_81' title='bbox 1177 828 1389 882; x_wconf 84' lang='lat' dir='ltr'><strong>magisque</strong></span> <span class='ocrx_word' id='word_1_82' title='bbox 1420 828 1634 868; x_wconf 90' lang='lat' dir='ltr'><strong>monitoris</strong></span> <span class='ocrx_word' id='word_1_83' title='bbox 1666 841 1748 868; x_wconf 92' lang='lat' dir='ltr'><strong>non</strong></span> <span class='ocrx_word' id='word_1_84' title='bbox 1778 825 1879 868; x_wconf 83' lang='lat' dir='ltr'><strong>fatui</strong></span> 
     </span>
     <span class='ocr_line' id='line_1_10' title="bbox 129 888 1879 945; baseline 0.001 -16"><span class='ocrx_word' id='word_1_85' title='bbox 129 902 251 944; x_wconf 88' lang='lat' dir='ltr'><strong>quam</strong></span> <span class='ocrx_word' id='word_1_86' title='bbox 283 888 430 930; x_wconf 89' lang='lat' dir='ltr'><strong>eruditi</strong></span> <span class='ocrx_word' id='word_1_87' title='bbox 461 888 687 942; x_wconf 89' lang='lat' dir='ltr'><strong>magistri:)</strong></span> <span class='ocrx_word' id='word_1_88' title='bbox 719 888 796 930; x_wconf 90' lang='lat' dir='ltr'><strong>hoc</strong></span> <span class='ocrx_word' id='word_1_89' title='bbox 827 889 865 930; x_wconf 87' lang='lat' dir='ltr'><strong>ei</strong></span> <span class='ocrx_word' id='word_1_90' title='bbox 895 889 1073 944; x_wconf 90' lang='lat' dir='ltr'><strong>primum</strong></span> <span class='ocrx_word' id='word_1_91' title='bbox 1095 889 1416 944; x_wconf 84' lang='lat' dir='ltr'><strong>praecipiemus,</strong></span> <span class='ocrx_word' id='word_1_92' title='bbox 1448 903 1715 945; x_wconf 89' lang='lat' dir='ltr'><strong>quascunque</strong></span> <span class='ocrx_word' id='word_1_93' title='bbox 1736 902 1879 931; x_wconf 81' lang='lat' dir='ltr'><strong>causas</strong></span> 
     </span>
     <span class='ocr_line' id='line_1_11' title="bbox 129 952 1922 1008; baseline 0 -16"><span class='ocrx_word' id='word_1_94' title='bbox 129 952 207 992; x_wconf 89' lang='lat' dir='ltr'><strong>erit</strong></span> <span class='ocrx_word' id='word_1_95' title='bbox 247 957 510 998; x_wconf 77' lang='lat' dir='ltr'><strong>tractaturus,</strong></span> <span class='ocrx_word' id='word_1_96' title='bbox 556 957 601 992; x_wconf 92' lang='lat' dir='ltr'><strong>ut</strong></span> <span class='ocrx_word' id='word_1_97' title='bbox 631 965 697 992; x_wconf 90' lang='lat' dir='ltr'><strong>cas</strong></span> <span class='ocrx_word' id='word_1_98' title='bbox 736 952 956 1006; x_wconf 82' lang='lat' dir='ltr'><strong>diligenter</strong></span> <span class='ocrx_word' id='word_1_99' title='bbox 994 953 1240 1008; x_wconf 81' lang='lat' dir='ltr'><strong>penitusque</strong></span> <span class='ocrx_word' id='word_1_100' title='bbox 1280 958 1514 1006; x_wconf 88' lang='lat' dir='ltr'><strong>cognoscat.</strong></span> <span class='ocrx_word' id='word_1_101' title='bbox 1579 955 1670 994; x_wconf 92' lang='grc'>100.</span> <span class='ocrx_word' id='word_1_102' title='bbox 1717 954 1808 994; x_wconf 88' lang='lat' dir='ltr'><strong>Hoc</strong></span> <span class='ocrx_word' id='word_1_103' title='bbox 1837 953 1922 993; x_wconf 78' lang='lat' dir='ltr'><strong>inm</strong></span> 
     </span>
     <span class='ocr_line' id='line_1_12' title="bbox 127 1012 1880 1068; baseline 0 -13"><span class='ocrx_word' id='word_1_104' title='bbox 127 1012 224 1055; x_wconf 88' lang='lat' dir='ltr'><strong>ludo</strong></span> <span class='ocrx_word' id='word_1_105' title='bbox 255 1027 339 1055; x_wconf 92' lang='lat' dir='ltr'><strong>non</strong></span> <span class='ocrx_word' id='word_1_106' title='bbox 369 1013 643 1068; x_wconf 72' lang='lat' dir='ltr'><strong>praecipium-3</strong></span> <span class='ocrx_word' id='word_1_107' title='bbox 691 1013 831 1055; x_wconf 79' lang='lat' dir='ltr'><strong>faciles</strong></span> <span class='ocrx_word' id='word_1_108' title='bbox 869 1014 980 1056; x_wconf 92' lang='lat' dir='ltr'><strong>enim</strong></span> <span class='ocrx_word' id='word_1_109' title='bbox 1018 1028 1163 1056; x_wconf 87' lang='lat' dir='ltr'><strong>causac</strong></span> <span class='ocrx_word' id='word_1_110' title='bbox 1203 1012 1254 1054; x_wconf 90' lang='lat' dir='ltr'><strong>ad</strong></span> <span class='ocrx_word' id='word_1_111' title='bbox 1291 1026 1443 1068; x_wconf 87' lang='lat' dir='ltr'><strong>pucros</strong></span> <span class='ocrx_word' id='word_1_112' title='bbox 1474 1012 1732 1055; x_wconf 85' lang='lat' dir='ltr'><strong>deseruntur.</strong></span> <span class='ocrx_word' id='word_1_113' title='bbox 1794 1017 1880 1055; x_wconf 85' lang='lat' dir='ltr'><strong>Lex</strong></span> 
     </span>
     <span class='ocr_line' id='line_1_13' title="bbox 128 1074 1882 1131; baseline 0.001 -15"><span class='ocrx_word' id='word_1_114' title='bbox 128 1074 394 1129; x_wconf 89' lang='lat' dir='ltr'><strong>peregrinum</strong></span> <span class='ocrx_word' id='word_1_115' title='bbox 424 1083 532 1118; x_wconf 89' lang='lat' dir='ltr'><strong>vetat</strong></span> <span class='ocrx_word' id='word_1_116' title='bbox 564 1078 604 1118; x_wconf 93' lang='lat' dir='ltr'><strong>in</strong></span> <span class='ocrx_word' id='word_1_117' title='bbox 639 1092 800 1118; x_wconf 89' lang='lat' dir='ltr'><strong>murum</strong></span> <span class='ocrx_word' id='word_1_118' title='bbox 834 1080 1081 1127; x_wconf 89' lang='lat' dir='ltr'><strong>ascendere;</strong></span> <span class='ocrx_word' id='word_1_119' title='bbox 1115 1074 1320 1125; x_wconf 89' lang='lat' dir='ltr'><strong>ascendit;</strong></span> <span class='ocrx_word' id='word_1_120' title='bbox 1354 1078 1491 1117; x_wconf 89' lang='lat' dir='ltr'><strong>hostes</strong></span> <span class='ocrx_word' id='word_1_121' title='bbox 1522 1076 1724 1131; x_wconf 82' lang='lat' dir='ltr'><strong>reppulit:</strong></span> <span class='ocrx_word' id='word_1_122' title='bbox 1760 1090 1882 1118; x_wconf 91' lang='lat' dir='ltr'><strong>accu-</strong></span> 
     </span>
     <span class='ocr_line' id='line_1_14' title="bbox 129 1137 1881 1193; baseline 0.001 -15"><span class='ocrx_word' id='word_1_123' title='bbox 129 1143 255 1178; x_wconf 90' lang='lat' dir='ltr'><strong>satur.</strong></span> <span class='ocrx_word' id='word_1_124' title='bbox 318 1137 426 1180; x_wconf 85' lang='lat' dir='ltr'><strong>Nihil</strong></span> <span class='ocrx_word' id='word_1_125' title='bbox 456 1145 517 1180; x_wconf 90' lang='lat' dir='ltr'><strong>est</strong></span> <span class='ocrx_word' id='word_1_126' title='bbox 547 1140 702 1193; x_wconf 84' lang='lat' dir='ltr'><strong>negotii</strong></span> <span class='ocrx_word' id='word_1_127' title='bbox 733 1139 970 1182; x_wconf 88' lang='lat' dir='ltr'><strong>huiusmodi</strong></span> <span class='ocrx_word' id='word_1_128' title='bbox 1002 1153 1166 1182; x_wconf 89' lang='lat' dir='ltr'><strong>causam</strong></span> <span class='ocrx_word' id='word_1_129' title='bbox 1189 1151 1464 1193; x_wconf 85' lang='lat' dir='ltr'><strong>cognoscere:</strong></span> <span class='ocrx_word' id='word_1_130' title='bbox 1499 1144 1610 1179; x_wconf 88' lang='lat' dir='ltr'><strong>recte</strong></span> <span class='ocrx_word' id='word_1_131' title='bbox 1632 1138 1758 1193; x_wconf 90' lang='lat' dir='ltr'><strong>igitur</strong></span> <span class='ocrx_word' id='word_1_132' title='bbox 1778 1139 1881 1181; x_wconf 88' lang='lat' dir='ltr'><strong>nihil</strong></span> 
     </span>
     <span class='ocr_line' id='line_1_15' title="bbox 128 1199 1880 1259; baseline 0.001 -18"><span class='ocrx_word' id='word_1_133' title='bbox 128 1199 180 1242; x_wconf 90' lang='lat' dir='ltr'><strong>de</strong></span> <span class='ocrx_word' id='word_1_134' title='bbox 211 1214 332 1242; x_wconf 89' lang='lat' dir='ltr'><strong>causa</strong></span> <span class='ocrx_word' id='word_1_135' title='bbox 363 1201 554 1244; x_wconf 90' lang='lat' dir='ltr'><strong>discenda</strong></span> <span class='ocrx_word' id='word_1_136' title='bbox 595 1205 880 1259; x_wconf 80' lang='lat' dir='ltr'><strong>praecipiunt3</strong></span> <span class='ocrx_word' id='word_1_137' title='bbox 932 1205 1034 1243; x_wconf 90' lang='lat' dir='ltr'><strong>haec</strong></span> <span class='ocrx_word' id='word_1_138' title='bbox 1081 1208 1142 1243; x_wconf 88' lang='lat' dir='ltr'><strong>est</strong></span> <span class='ocrx_word' id='word_1_139' title='bbox 1181 1201 1289 1243; x_wconf 90' lang='lat' dir='ltr'><strong>enim</strong></span> <span class='ocrx_word' id='word_1_140' title='bbox 1330 1201 1372 1242; x_wconf 90' lang='lat' dir='ltr'><strong>in</strong></span> <span class='ocrx_word' id='word_1_141' title='bbox 1410 1200 1508 1243; x_wconf 92' lang='lat' dir='ltr'><strong>ludo</strong></span> <span class='ocrx_word' id='word_1_142' title='bbox 1546 1215 1762 1243; x_wconf 86' lang='lat' dir='ltr'><strong>causarum</strong></span> <span class='ocrx_word' id='word_1_143' title='bbox 1793 1203 1880 1243; x_wconf 85' lang='lat' dir='ltr'><strong>fere</strong></span> 
     </span>
     <span class='ocr_line' id='line_1_16' title="bbox 128 1263 1930 1317; baseline 0 -13"><span class='ocrx_word' id='word_1_144' title='bbox 128 1263 323 1305; x_wconf 85' lang='lat' dir='ltr'><strong>formula.</strong></span> <span class='ocrx_word' id='word_1_145' title='bbox 384 1269 434 1306; x_wconf 90' lang='lat' dir='ltr'><strong>At</strong></span> <span class='ocrx_word' id='word_1_146' title='bbox 463 1278 561 1305; x_wconf 75' lang='lat' dir='ltr'><strong>vero</strong></span> <span class='ocrx_word' id='word_1_147' title='bbox 593 1266 635 1306; x_wconf 91' lang='lat' dir='ltr'><strong>in</strong></span> <span class='ocrx_word' id='word_1_148' title='bbox 667 1265 758 1307; x_wconf 89' lang='lat' dir='ltr'><strong>foro</strong></span> <span class='ocrx_word' id='word_1_149' title='bbox 790 1264 974 1312; x_wconf 86' lang='lat' dir='ltr'><strong>tabulae,</strong></span> <span class='ocrx_word' id='word_1_150' title='bbox 1018 1265 1277 1313; x_wconf 88' lang='lat' dir='ltr'><strong>testimonia,</strong></span> <span class='ocrx_word' id='word_1_151' title='bbox 1318 1269 1460 1317; x_wconf 87' lang='lat' dir='ltr'><strong>pacta,</strong></span> <span class='ocrx_word' id='word_1_152' title='bbox 1495 1270 1717 1313; x_wconf 80' lang='lat' dir='ltr'><strong>conventa,</strong></span> <span class='ocrx_word' id='word_1_153' title='bbox 1750 1263 1930 1317; x_wconf 78' lang='lat' dir='ltr'><strong>stipa-15</strong></span> 
     </span>
     <span class='ocr_line' id='line_1_17' title="bbox 128 1324 1880 1382; baseline 0.001 -16"><span class='ocrx_word' id='word_1_154' title='bbox 128 1324 322 1374; x_wconf 83' lang='lat' dir='ltr'><strong>lationes,</strong></span> <span class='ocrx_word' id='word_1_155' title='bbox 354 1328 642 1380; x_wconf 86' lang='lat' dir='ltr'><strong>cognationes,</strong></span> <span class='ocrx_word' id='word_1_156' title='bbox 673 1327 911 1375; x_wconf 87' lang='lat' dir='ltr'><strong>affinitates,</strong></span> <span class='ocrx_word' id='word_1_157' title='bbox 945 1330 1129 1374; x_wconf 87' lang='lat' dir='ltr'><strong>decreta,</strong></span> <span class='ocrx_word' id='word_1_158' title='bbox 1162 1340 1384 1380; x_wconf 90' lang='lat' dir='ltr'><strong>responsa,</strong></span> <span class='ocrx_word' id='word_1_159' title='bbox 1415 1326 1497 1367; x_wconf 73' lang='lat' dir='ltr'><strong>vita</strong></span> <span class='ocrx_word' id='word_1_160' title='bbox 1524 1325 1700 1382; x_wconf 88' lang='lat' dir='ltr'><strong>denique</strong></span> <span class='ocrx_word' id='word_1_161' title='bbox 1722 1340 1880 1376; x_wconf 89' lang='lat' dir='ltr'><strong>corum,</strong></span> 
     </span>
     <span class='ocr_line' id='line_1_18' title="bbox 129 1388 1883 1444; baseline 0.002 -16"><span class='ocrx_word' id='word_1_162' title='bbox 129 1388 198 1444; x_wconf 90' lang='lat' dir='ltr'><strong>qui</strong></span> <span class='ocrx_word' id='word_1_163' title='bbox 227 1388 270 1431; x_wconf 90' lang='lat' dir='ltr'><strong>in</strong></span> <span class='ocrx_word' id='word_1_164' title='bbox 301 1403 424 1431; x_wconf 87' lang='lat' dir='ltr'><strong>causa</strong></span> <span class='ocrx_word' id='word_1_165' title='bbox 455 1395 692 1436; x_wconf 84' lang='lat' dir='ltr'><strong>versantur,</strong></span> <span class='ocrx_word' id='word_1_166' title='bbox 725 1396 810 1431; x_wconf 87' lang='lat' dir='ltr'><strong>tota</strong></span> <span class='ocrx_word' id='word_1_167' title='bbox 840 1391 1127 1443; x_wconf 87' lang='lat' dir='ltr'><strong>cognoscenda</strong></span> <span class='ocrx_word' id='word_1_168' title='bbox 1157 1395 1238 1439; x_wconf 81' lang='lat' dir='ltr'><strong>est3</strong></span> <span class='ocrx_word' id='word_1_169' title='bbox 1273 1402 1446 1443; x_wconf 90' lang='lat' dir='ltr'><strong>quarum</strong></span> <span class='ocrx_word' id='word_1_170' title='bbox 1474 1402 1611 1430; x_wconf 87' lang='lat' dir='ltr'><strong>rerum</strong></span> <span class='ocrx_word' id='word_1_171' title='bbox 1633 1389 1883 1443; x_wconf 86' lang='lat' dir='ltr'><strong>negligentia</strong></span> 
     </span>
     <span class='ocr_line' id='line_1_19' title="bbox 128 1450 1884 1508; baseline 0 -16"><span class='ocrx_word' id='word_1_172' title='bbox 128 1450 348 1507; x_wconf 88' lang='lat' dir='ltr'><strong>plerasque</strong></span> <span class='ocrx_word' id='word_1_173' title='bbox 380 1466 522 1494; x_wconf 87' lang='lat' dir='ltr'><strong>causas</strong></span> <span class='ocrx_word' id='word_1_174' title='bbox 554 1458 594 1493; x_wconf 89' lang='lat' dir='ltr'><strong>et</strong></span> <span class='ocrx_word' id='word_1_175' title='bbox 626 1452 804 1494; x_wconf 76' lang='lat' dir='ltr'><strong>maxime</strong></span> <span class='ocrx_word' id='word_1_176' title='bbox 835 1452 1013 1508; x_wconf 88' lang='lat' dir='ltr'><strong>privatas</strong></span> <span class='ocrx_word' id='word_1_177' title='bbox 1045 1452 1152 1505; x_wconf 90' lang='lat' dir='ltr'><strong>(sunt</strong></span> <span class='ocrx_word' id='word_1_178' title='bbox 1182 1453 1291 1494; x_wconf 92' lang='lat' dir='ltr'><strong>enim</strong></span> <span class='ocrx_word' id='word_1_179' title='bbox 1312 1451 1441 1493; x_wconf 92' lang='lat' dir='ltr'><strong>multo</strong></span> <span class='ocrx_word' id='word_1_180' title='bbox 1463 1465 1586 1505; x_wconf 86' lang='lat' dir='ltr'><strong>saepe</strong></span> <span class='ocrx_word' id='word_1_181' title='bbox 1607 1450 1884 1506; x_wconf 90' lang='lat' dir='ltr'><strong>obscuriores)</strong></span> 
     </span>
     <span class='ocr_line' id='line_1_20' title="bbox 128 1512 1885 1571; baseline 0.001 -17"><span class='ocrx_word' id='word_1_182' title='bbox 128 1512 316 1556; x_wconf 86' lang='lat' dir='ltr'><strong>videmus</strong></span> <span class='ocrx_word' id='word_1_183' title='bbox 346 1515 490 1557; x_wconf 90' lang='lat' dir='ltr'><strong>amitti.</strong></span> <span class='ocrx_word' id='word_1_184' title='bbox 554 1517 646 1557; x_wconf 91' lang='grc'>101.</span> <span class='ocrx_word' id='word_1_185' title='bbox 675 1517 734 1556; x_wconf 89' lang='lat' dir='ltr'><strong>Ita</strong></span> <span class='ocrx_word' id='word_1_186' title='bbox 765 1515 972 1564; x_wconf 91' lang='lat' dir='ltr'><strong>nonnulli,</strong></span> <span class='ocrx_word' id='word_1_187' title='bbox 1004 1514 1102 1556; x_wconf 91' lang='lat' dir='ltr'><strong>dum</strong></span> <span class='ocrx_word' id='word_1_188' title='bbox 1132 1528 1302 1571; x_wconf 89' lang='lat' dir='ltr'><strong>operam</strong></span> <span class='ocrx_word' id='word_1_189' title='bbox 1332 1527 1448 1556; x_wconf 89' lang='lat' dir='ltr'><strong>suam</strong></span> <span class='ocrx_word' id='word_1_190' title='bbox 1468 1513 1636 1555; x_wconf 90' lang='lat' dir='ltr'><strong>multam</strong></span> <span class='ocrx_word' id='word_1_191' title='bbox 1660 1513 1885 1556; x_wconf 85' lang='lat' dir='ltr'><strong>existimari</strong></span> 
     </span>
     <span class='ocr_line' id='line_1_21' title="bbox 129 1575 1932 1626; baseline 0.001 -9"><span class='ocrx_word' id='word_1_192' title='bbox 129 1577 299 1626; x_wconf 84' lang='lat' dir='ltr'><strong>volunt,</strong></span> <span class='ocrx_word' id='word_1_193' title='bbox 332 1583 377 1617; x_wconf 90' lang='lat' dir='ltr'><strong>ut</strong></span> <span class='ocrx_word' id='word_1_194' title='bbox 407 1583 492 1618; x_wconf 90' lang='lat' dir='ltr'><strong>toto</strong></span> <span class='ocrx_word' id='word_1_195' title='bbox 523 1575 616 1618; x_wconf 91' lang='lat' dir='ltr'><strong>soro</strong></span> <span class='ocrx_word' id='word_1_196' title='bbox 649 1577 821 1619; x_wconf 84' lang='lat' dir='ltr'><strong>volitare</strong></span> <span class='ocrx_word' id='word_1_197' title='bbox 852 1583 893 1619; x_wconf 89' lang='lat' dir='ltr'><strong>et</strong></span> <span class='ocrx_word' id='word_1_198' title='bbox 922 1591 945 1618; x_wconf 91' lang='lat' dir='ltr'><strong>a</strong></span> <span class='ocrx_word' id='word_1_199' title='bbox 975 1592 1099 1619; x_wconf 90' lang='lat' dir='ltr'><strong>causa</strong></span> <span class='ocrx_word' id='word_1_200' title='bbox 1128 1578 1179 1620; x_wconf 89' lang='lat' dir='ltr'><strong>ad</strong></span> <span class='ocrx_word' id='word_1_201' title='bbox 1205 1590 1369 1619; x_wconf 89' lang='lat' dir='ltr'><strong>causam</strong></span> <span class='ocrx_word' id='word_1_202' title='bbox 1389 1578 1450 1618; x_wconf 89' lang='lat' dir='ltr'><strong>ire</strong></span> <span class='ocrx_word' id='word_1_203' title='bbox 1472 1575 1708 1626; x_wconf 86' lang='lat' dir='ltr'><strong>videantur,</strong></span> <span class='ocrx_word' id='word_1_204' title='bbox 1743 1590 1883 1618; x_wconf 88' lang='lat' dir='ltr'><strong>causas</strong></span> <span class='ocrx_word' id='word_1_205' title='bbox 1897 1592 1932 1618; x_wconf 86' lang='lat'><strong>20</strong></span> 
     </span>
     <span class='ocr_line' id='line_1_22' title="bbox 130 1638 1884 1696; baseline 0.001 -17"><span class='ocrx_word' id='word_1_206' title='bbox 130 1639 272 1680; x_wconf 90' lang='lat' dir='ltr'><strong>dicunt</strong></span> <span class='ocrx_word' id='word_1_207' title='bbox 300 1639 542 1694; x_wconf 82' lang='lat' dir='ltr'><strong>incognitas.</strong></span> <span class='ocrx_word' id='word_1_208' title='bbox 604 1641 651 1680; x_wconf 92' lang='lat' dir='ltr'><strong>In</strong></span> <span class='ocrx_word' id='word_1_209' title='bbox 680 1653 762 1695; x_wconf 91' lang='lat' dir='ltr'><strong>quo</strong></span> <span class='ocrx_word' id='word_1_210' title='bbox 795 1645 856 1681; x_wconf 89' lang='lat' dir='ltr'><strong>est</strong></span> <span class='ocrx_word' id='word_1_211' title='bbox 884 1640 954 1682; x_wconf 91' lang='lat' dir='ltr'><strong>illa</strong></span> <span class='ocrx_word' id='word_1_212' title='bbox 985 1642 1152 1696; x_wconf 88' lang='lat' dir='ltr'><strong>quidem</strong></span> <span class='ocrx_word' id='word_1_213' title='bbox 1184 1654 1333 1695; x_wconf 88' lang='lat' dir='ltr'><strong>magna</strong></span> <span class='ocrx_word' id='word_1_214' title='bbox 1365 1638 1544 1681; x_wconf 83' lang='lat' dir='ltr'><strong>offensio</strong></span> <span class='ocrx_word' id='word_1_215' title='bbox 1575 1638 1641 1681; x_wconf 87' lang='lat' dir='ltr'><strong>vel</strong></span> <span class='ocrx_word' id='word_1_216' title='bbox 1670 1640 1884 1694; x_wconf 88' lang='lat' dir='ltr'><strong>negligen-</strong></span> 
     </span>
     <span class='ocr_line' id='line_1_23' title="bbox 131 1700 1884 1758; baseline 0.001 -17"><span class='ocrx_word' id='word_1_217' title='bbox 131 1703 234 1750; x_wconf 86' lang='lat' dir='ltr'><strong>tiae,</strong></span> <span class='ocrx_word' id='word_1_218' title='bbox 269 1702 470 1755; x_wconf 90' lang='lat' dir='ltr'><strong>susceptis</strong></span> <span class='ocrx_word' id='word_1_219' title='bbox 499 1701 644 1750; x_wconf 86' lang='lat' dir='ltr'><strong>rebus,</strong></span> <span class='ocrx_word' id='word_1_220' title='bbox 675 1704 742 1743; x_wconf 84' lang='lat' dir='ltr'><strong>vel</strong></span> <span class='ocrx_word' id='word_1_221' title='bbox 773 1701 995 1758; x_wconf 87' lang='lat' dir='ltr'><strong>perfidiae,</strong></span> <span class='ocrx_word' id='word_1_222' title='bbox 1028 1704 1230 1757; x_wconf 90' lang='lat' dir='ltr'><strong>receptis;</strong></span> <span class='ocrx_word' id='word_1_223' title='bbox 1274 1704 1346 1744; x_wconf 90' lang='lat' dir='ltr'><strong>sed</strong></span> <span class='ocrx_word' id='word_1_224' title='bbox 1378 1703 1502 1743; x_wconf 90' lang='lat' dir='ltr'><strong>etiam</strong></span> <span class='ocrx_word' id='word_1_225' title='bbox 1531 1700 1603 1742; x_wconf 88' lang='lat' dir='ltr'><strong>illa</strong></span> <span class='ocrx_word' id='word_1_226' title='bbox 1633 1702 1767 1742; x_wconf 90' lang='lat' dir='ltr'><strong>maior</strong></span> <span class='ocrx_word' id='word_1_227' title='bbox 1794 1701 1884 1756; x_wconf 92' lang='lat' dir='ltr'><strong>opi-</strong></span> 
     </span>
     <span class='ocr_line' id='line_1_24' title="bbox 130 1764 1882 1823; baseline 0.001 -19"><span class='ocrx_word' id='word_1_228' title='bbox 130 1765 276 1812; x_wconf 90' lang='lat' dir='ltr'><strong>nione,</strong></span> <span class='ocrx_word' id='word_1_229' title='bbox 323 1767 433 1820; x_wconf 89' lang='lat' dir='ltr'><strong>quod</strong></span> <span class='ocrx_word' id='word_1_230' title='bbox 474 1779 596 1807; x_wconf 89' lang='lat' dir='ltr'><strong>nemo</strong></span> <span class='ocrx_word' id='word_1_231' title='bbox 635 1772 771 1821; x_wconf 89' lang='lat' dir='ltr'><strong>potest</strong></span> <span class='ocrx_word' id='word_1_232' title='bbox 801 1768 851 1808; x_wconf 88' lang='lat' dir='ltr'><strong>de</strong></span> <span class='ocrx_word' id='word_1_233' title='bbox 882 1780 930 1807; x_wconf 89' lang='lat' dir='ltr'><strong>ea</strong></span> <span class='ocrx_word' id='word_1_234' title='bbox 959 1768 1043 1815; x_wconf 78' lang='lat' dir='ltr'><strong>1·e,‘</strong></span> <span class='ocrx_word' id='word_1_235' title='bbox 1075 1780 1198 1823; x_wconf 91' lang='lat' dir='ltr'><strong>quam</strong></span> <span class='ocrx_word' id='word_1_236' title='bbox 1229 1779 1313 1808; x_wconf 90' lang='lat' dir='ltr'><strong>non</strong></span> <span class='ocrx_word' id='word_1_237' title='bbox 1342 1764 1482 1812; x_wconf 88' lang='lat' dir='ltr'><strong>novit,</strong></span> <span class='ocrx_word' id='word_1_238' title='bbox 1533 1778 1618 1806; x_wconf 87' lang='lat' dir='ltr'><strong>non</strong></span> <span class='ocrx_word' id='word_1_239' title='bbox 1648 1765 1882 1820; x_wconf 85' lang='lat' dir='ltr'><strong>turpissime</strong></span> 
     </span>
     <span class='ocr_line' id='line_1_25' title="bbox 130 1825 1880 1884; baseline -0.001 -17"><span class='ocrx_word' id='word_1_240' title='bbox 130 1825 282 1868; x_wconf 89' lang='lat' dir='ltr'><strong>dicere.</strong></span> <span class='ocrx_word' id='word_1_241' title='bbox 340 1830 399 1868; x_wconf 87' lang='lat' dir='ltr'><strong>lta</strong></span> <span class='ocrx_word' id='word_1_242' title='bbox 439 1830 536 1869; x_wconf 90' lang='lat' dir='ltr'><strong>dum</strong></span> <span class='ocrx_word' id='word_1_243' title='bbox 575 1828 747 1869; x_wconf 88' lang='lat' dir='ltr'><strong>inertiae</strong></span> <span class='ocrx_word' id='word_1_244' title='bbox 778 1828 1146 1884; x_wconf 84' lang='lat' dir='ltr'><strong>vituperationem,</strong></span> <span class='ocrx_word' id='word_1_245' title='bbox 1180 1842 1285 1883; x_wconf 88' lang='lat' dir='ltr'><strong>quae</strong></span> <span class='ocrx_word' id='word_1_246' title='bbox 1315 1827 1447 1869; x_wconf 86' lang='lat' dir='ltr'><strong>maior</strong></span> <span class='ocrx_word' id='word_1_247' title='bbox 1478 1832 1564 1876; x_wconf 87' lang='lat' dir='ltr'><strong>cst,</strong></span> <span class='ocrx_word' id='word_1_248' title='bbox 1599 1832 1880 1875; x_wconf 89' lang='lat' dir='ltr'><strong>contemnunt,</strong></span> 
     </span>
     <span class='ocr_line' id='line_1_26' title="bbox 129 1889 1931 1946; baseline 0 -17"><span class='ocrx_word' id='word_1_249' title='bbox 129 1895 405 1944; x_wconf 90' lang='lat' dir='ltr'><strong>assequuntur</strong></span> <span class='ocrx_word' id='word_1_250' title='bbox 431 1891 552 1931; x_wconf 88' lang='lat' dir='ltr'><strong>etiam</strong></span> <span class='ocrx_word' id='word_1_251' title='bbox 573 1890 707 1939; x_wconf 90' lang='lat' dir='ltr'><strong>illam,</strong></span> <span class='ocrx_word' id='word_1_252' title='bbox 741 1905 864 1945; x_wconf 86' lang='lat' dir='ltr'><strong>quam</strong></span> <span class='ocrx_word' id='word_1_253' title='bbox 887 1892 1016 1945; x_wconf 88' lang='lat' dir='ltr'><strong>magis</strong></span> <span class='ocrx_word' id='word_1_254' title='bbox 1037 1892 1113 1946; x_wconf 91' lang='lat' dir='ltr'><strong>ipsi</strong></span> <span class='ocrx_word' id='word_1_255' title='bbox 1135 1890 1321 1945; x_wconf 85' lang='lat' dir='ltr'><strong>fugiunt,</strong></span> <span class='ocrx_word' id='word_1_256' title='bbox 1352 1890 1568 1931; x_wconf 83' lang='lat' dir='ltr'><strong>tarditatis.</strong></span> <span class='ocrx_word' id='word_1_257' title='bbox 1632 1892 1724 1930; x_wconf 80' lang='lat'><strong>102.</strong></span> <span class='ocrx_word' id='word_1_258' title='bbox 1757 1889 1883 1945; x_wconf 90' lang='lat' dir='ltr'><strong>Equi·</strong></span> <span class='ocrx_word' id='word_1_259' title='bbox 1896 1903 1931 1929; x_wconf 82' lang='lat'><strong>2⁵</strong></span> 
     </span>
     <span class='ocr_line' id='line_1_27' title="bbox 130 1951 1882 2009; baseline 0 -16"><span class='ocrx_word' id='word_1_260' title='bbox 130 1954 223 1994; x_wconf 92' lang='lat' dir='ltr'><strong>dem</strong></span> <span class='ocrx_word' id='word_1_261' title='bbox 255 1951 370 1994; x_wconf 89' lang='lat' dir='ltr'><strong>soleo</strong></span> <span class='ocrx_word' id='word_1_262' title='bbox 411 1951 508 1993; x_wconf 88' lang='lat' dir='ltr'><strong>dare</strong></span> <span class='ocrx_word' id='word_1_263' title='bbox 549 1965 740 2005; x_wconf 89' lang='lat' dir='ltr'><strong>operam,</strong></span> <span class='ocrx_word' id='word_1_264' title='bbox 791 1959 837 1993; x_wconf 90' lang='lat' dir='ltr'><strong>ut</strong></span> <span class='ocrx_word' id='word_1_265' title='bbox 866 1955 916 1994; x_wconf 90' lang='lat' dir='ltr'><strong>de</strong></span> <span class='ocrx_word' id='word_1_266' title='bbox 947 1967 1021 1994; x_wconf 87' lang='lat' dir='ltr'><strong>sua</strong></span> <span class='ocrx_word' id='word_1_267' title='bbox 1051 1952 1226 2009; x_wconf 85' lang='lat' dir='ltr'><strong>quisque</strong></span> <span class='ocrx_word' id='word_1_268' title='bbox 1256 1968 1304 1995; x_wconf 89' lang='lat' dir='ltr'><strong>re</strong></span> <span class='ocrx_word' id='word_1_269' title='bbox 1335 1966 1401 1994; x_wconf 89' lang='lat' dir='ltr'><strong>me</strong></span> <span class='ocrx_word' id='word_1_270' title='bbox 1438 1952 1527 2008; x_wconf 90' lang='lat' dir='ltr'><strong>ipse</strong></span> <span class='ocrx_word' id='word_1_271' title='bbox 1565 1954 1712 1994; x_wconf 89' lang='lat' dir='ltr'><strong>doceat</strong></span> <span class='ocrx_word' id='word_1_272' title='bbox 1753 1958 1793 1993; x_wconf 88' lang='lat' dir='ltr'><strong>et</strong></span> <span class='ocrx_word' id='word_1_273' title='bbox 1837 1958 1882 1994; x_wconf 90' lang='lat' dir='ltr'><strong>ut</strong></span> 
     </span>
     <span class='ocr_line' id='line_1_28' title="bbox 129 2014 1881 2071; baseline 0.001 -16"><span class='ocrx_word' id='word_1_274' title='bbox 129 2030 182 2056; x_wconf 91' lang='lat' dir='ltr'><strong>ne</strong></span> <span class='ocrx_word' id='word_1_275' title='bbox 212 2014 304 2070; x_wconf 89' lang='lat' dir='ltr'><strong>quis</strong></span> <span class='ocrx_word' id='word_1_276' title='bbox 334 2014 438 2056; x_wconf 92' lang='lat' dir='ltr'><strong>alius</strong></span> <span class='ocrx_word' id='word_1_277' title='bbox 469 2014 597 2063; x_wconf 88' lang='lat' dir='ltr'><strong>adsit,</strong></span> <span class='ocrx_word' id='word_1_278' title='bbox 641 2027 723 2070; x_wconf 92' lang='lat' dir='ltr'><strong>quo</strong></span> <span class='ocrx_word' id='word_1_279' title='bbox 754 2014 923 2056; x_wconf 88' lang='lat' dir='ltr'><strong>liberius</strong></span> <span class='ocrx_word' id='word_1_280' title='bbox 954 2017 1173 2071; x_wconf 87' lang='lat' dir='ltr'><strong>loquatur,</strong></span> <span class='ocrx_word' id='word_1_281' title='bbox 1212 2022 1253 2057; x_wconf 87' lang='lat' dir='ltr'><strong>et</strong></span> <span class='ocrx_word' id='word_1_282' title='bbox 1283 2029 1405 2070; x_wconf 87' lang='lat' dir='ltr'><strong>agere</strong></span> <span class='ocrx_word' id='word_1_283' title='bbox 1436 2014 1662 2057; x_wconf 88' lang='lat' dir='ltr'><strong>adversarii</strong></span> <span class='ocrx_word' id='word_1_284' title='bbox 1693 2029 1881 2064; x_wconf 90' lang='lat' dir='ltr'><strong>causam,</strong></span> 
     </span>
     <span class='ocr_line' id='line_1_29' title="bbox 129 2076 1879 2134; baseline 0 -15"><span class='ocrx_word' id='word_1_285' title='bbox 129 2082 176 2119; x_wconf 86' lang='lat' dir='ltr'><strong>ut</strong></span> <span class='ocrx_word' id='word_1_286' title='bbox 203 2076 269 2119; x_wconf 89' lang='lat' dir='ltr'><strong>ille</strong></span> <span class='ocrx_word' id='word_1_287' title='bbox 298 2082 392 2132; x_wconf 83' lang='lat' dir='ltr'><strong>agat</strong></span> <span class='ocrx_word' id='word_1_288' title='bbox 419 2091 535 2118; x_wconf 89' lang='lat' dir='ltr'><strong>suam</strong></span> <span class='ocrx_word' id='word_1_289' title='bbox 567 2082 626 2124; x_wconf 89' lang='lat' dir='ltr'><strong>et,</strong></span> <span class='ocrx_word' id='word_1_290' title='bbox 659 2078 860 2133; x_wconf 91' lang='lat' dir='ltr'><strong>quidquid</strong></span> <span class='ocrx_word' id='word_1_291' title='bbox 891 2079 941 2119; x_wconf 94' lang='lat' dir='ltr'><strong>de</strong></span> <span class='ocrx_word' id='word_1_292' title='bbox 972 2093 1044 2120; x_wconf 90' lang='lat' dir='ltr'><strong>sua</strong></span> <span class='ocrx_word' id='word_1_293' title='bbox 1074 2094 1118 2121; x_wconf 86' lang='lat' dir='ltr'><strong>re</strong></span> <span class='ocrx_word' id='word_1_294' title='bbox 1148 2079 1358 2134; x_wconf 87' lang='lat' dir='ltr'><strong>cogitarit,</strong></span> <span class='ocrx_word' id='word_1_295' title='bbox 1391 2080 1434 2120; x_wconf 92' lang='lat' dir='ltr'><strong>in</strong></span> <span class='ocrx_word' id='word_1_296' title='bbox 1465 2080 1648 2120; x_wconf 89' lang='lat' dir='ltr'><strong>medium</strong></span> <span class='ocrx_word' id='word_1_297' title='bbox 1679 2078 1879 2132; x_wconf 83' lang='lat' dir='ltr'><strong>proferat.</strong></span> 
     </span>
     <span class='ocr_line' id='line_1_30' title="bbox 129 2139 1884 2196; baseline 0.001 -16"><span class='ocrx_word' id='word_1_298' title='bbox 129 2141 274 2194; x_wconf 87' lang='lat' dir='ltr'><strong>Itaque</strong></span> <span class='ocrx_word' id='word_1_299' title='bbox 305 2153 397 2180; x_wconf 91' lang='lat' dir='ltr'><strong>cum</strong></span> <span class='ocrx_word' id='word_1_300' title='bbox 429 2139 497 2181; x_wconf 93' lang='lat' dir='ltr'><strong>ille</strong></span> <span class='ocrx_word' id='word_1_301' title='bbox 529 2139 733 2188; x_wconf 86' lang='lat' dir='ltr'><strong>discessit,</strong></span> <span class='ocrx_word' id='word_1_302' title='bbox 776 2145 859 2181; x_wconf 89' lang='lat' dir='ltr'><strong>tres</strong></span> <span class='ocrx_word' id='word_1_303' title='bbox 889 2154 1088 2196; x_wconf 87' lang='lat' dir='ltr'><strong>personas</strong></span> <span class='ocrx_word' id='word_1_304' title='bbox 1118 2157 1225 2184; x_wconf 89' lang='lat' dir='ltr'><strong>unus</strong></span> <span class='ocrx_word' id='word_1_305' title='bbox 1256 2141 1438 2184; x_wconf 87' lang='lat' dir='ltr'><strong>sustineo</strong></span> <span class='ocrx_word' id='word_1_306' title='bbox 1469 2155 1628 2184; x_wconf 87' lang='lat' dir='ltr'><strong>summa</strong></span> <span class='ocrx_word' id='word_1_307' title='bbox 1659 2143 1785 2183; x_wconf 88' lang='lat' dir='ltr'><strong>animi</strong></span> <span class='ocrx_word' id='word_1_308' title='bbox 1815 2156 1884 2183; x_wconf 89' lang='lat' dir='ltr'><strong>ae-</strong></span> 
     </span>
     <span class='ocr_line' id='line_1_31' title="bbox 131 2201 1931 2260; baseline -0.001 -17"><span class='ocrx_word' id='word_1_309' title='bbox 131 2202 304 2259; x_wconf 88' lang='lat' dir='ltr'><strong>quitate,</strong></span> <span class='ocrx_word' id='word_1_310' title='bbox 337 2216 495 2251; x_wconf 90' lang='lat' dir='ltr'><strong>meam,</strong></span> <span class='ocrx_word' id='word_1_311' title='bbox 529 2201 778 2252; x_wconf 87' lang='lat' dir='ltr'><strong>adversarii,</strong></span> <span class='ocrx_word' id='word_1_312' title='bbox 810 2203 974 2245; x_wconf 90' lang='lat' dir='ltr'><strong>iudicis.</strong></span> <span class='ocrx_word' id='word_1_313' title='bbox 1038 2206 1118 2254; x_wconf 86' lang='lat' dir='ltr'><strong>Qui</strong></span> <span class='ocrx_word' id='word_1_314' title='bbox 1148 2205 1264 2246; x_wconf 89' lang='lat' dir='ltr'><strong>locus</strong></span> <span class='ocrx_word' id='word_1_315' title='bbox 1295 2210 1356 2246; x_wconf 89' lang='lat' dir='ltr'><strong>est</strong></span> <span class='ocrx_word' id='word_1_316' title='bbox 1386 2204 1503 2253; x_wconf 90' lang='lat' dir='ltr'><strong>talis,</strong></span> <span class='ocrx_word' id='word_1_317' title='bbox 1536 2210 1582 2245; x_wconf 89' lang='lat' dir='ltr'><strong>ut</strong></span> <span class='ocrx_word' id='word_1_318' title='bbox 1611 2203 1702 2260; x_wconf 90' lang='lat' dir='ltr'><strong>plus</strong></span> <span class='ocrx_word' id='word_1_319' title='bbox 1733 2202 1931 2245; x_wconf 78' lang='lat' dir='ltr'><strong>habeat³0</strong></span> 
     </span>
     <span class='ocr_line' id='line_1_32' title="bbox 131 2265 1883 2322; baseline 0 -15"><span class='ocrx_word' id='word_1_320' title='bbox 131 2265 357 2307; x_wconf 87' lang='lat' dir='ltr'><strong>adiumenti</strong></span> <span class='ocrx_word' id='word_1_321' title='bbox 388 2279 511 2320; x_wconf 89' lang='lat' dir='ltr'><strong>quam</strong></span> <span class='ocrx_word' id='word_1_322' title='bbox 542 2265 818 2315; x_wconf 89' lang='lat' dir='ltr'><strong>incommodi,</strong></span> <span class='ocrx_word' id='word_1_323' title='bbox 851 2268 959 2308; x_wconf 91' lang='lat' dir='ltr'><strong>hunc</strong></span> <span class='ocrx_word' id='word_1_324' title='bbox 987 2269 1128 2309; x_wconf 90' lang='lat' dir='ltr'><strong>iudico</strong></span> <span class='ocrx_word' id='word_1_325' title='bbox 1159 2281 1248 2309; x_wconf 89' lang='lat' dir='ltr'><strong>esse</strong></span> <span class='ocrx_word' id='word_1_326' title='bbox 1280 2266 1524 2318; x_wconf 91' lang='lat' dir='ltr'><strong>dicendum;</strong></span> <span class='ocrx_word' id='word_1_327' title='bbox 1563 2265 1635 2308; x_wconf 92' lang='lat' dir='ltr'><strong>ubi</strong></span> <span class='ocrx_word' id='word_1_328' title='bbox 1666 2269 1757 2322; x_wconf 92' lang='lat' dir='ltr'><strong>plus</strong></span> <span class='ocrx_word' id='word_1_329' title='bbox 1788 2265 1883 2308; x_wconf 88' lang='lat' dir='ltr'><strong>mali</strong></span> 
     </span>
     <span class='ocr_line' id='line_1_33' title="bbox 131 2325 1877 2386; baseline 0.001 -18"><span class='ocrx_word' id='word_1_330' title='bbox 131 2341 254 2384; x_wconf 88' lang='lat' dir='ltr'><strong>quam</strong></span> <span class='ocrx_word' id='word_1_331' title='bbox 284 2325 384 2369; x_wconf 91' lang='lat' dir='ltr'><strong>boni</strong></span> <span class='ocrx_word' id='word_1_332' title='bbox 412 2327 605 2383; x_wconf 87' lang='lat' dir='ltr'><strong>reperio,</strong></span> <span class='ocrx_word' id='word_1_333' title='bbox 658 2327 701 2370; x_wconf 92' lang='lat' dir='ltr'><strong>id</strong></span> <span class='ocrx_word' id='word_1_334' title='bbox 732 2333 862 2370; x_wconf 91' lang='lat' dir='ltr'><strong>totum</strong></span> <span class='ocrx_word' id='word_1_335' title='bbox 895 2329 1041 2372; x_wconf 90' lang='lat' dir='ltr'><strong>abdico</strong></span> <span class='ocrx_word' id='word_1_336' title='bbox 1071 2336 1194 2386; x_wconf 86' lang='lat' dir='ltr'><strong>atque</strong></span> <span class='ocrx_word' id='word_1_337' title='bbox 1226 2329 1358 2372; x_wconf 88' lang='lat' dir='ltr'><strong>eiicio.</strong></span> <span class='ocrx_word' id='word_1_338' title='bbox 1420 2332 1512 2371; x_wconf 88' lang='lat'>103.</span> <span class='ocrx_word' id='word_1_339' title='bbox 1561 2331 1623 2370; x_wconf 87' lang='lat' dir='ltr'><strong>Ita</strong></span> <span class='ocrx_word' id='word_1_340' title='bbox 1662 2342 1877 2383; x_wconf 90' lang='lat' dir='ltr'><strong>assequor,</strong></span> 
     </span>
     <span class='ocr_line' id='line_1_34' title="bbox 129 2390 1880 2448; baseline 0 -16"><span class='ocrx_word' id='word_1_341' title='bbox 129 2395 176 2432; x_wconf 90' lang='lat' dir='ltr'><strong>ut</strong></span> <span class='ocrx_word' id='word_1_342' title='bbox 205 2391 287 2432; x_wconf 90' lang='lat' dir='ltr'><strong>alio</strong></span> <span class='ocrx_word' id='word_1_343' title='bbox 316 2396 504 2445; x_wconf 87' lang='lat' dir='ltr'><strong>tempore</strong></span> <span class='ocrx_word' id='word_1_344' title='bbox 537 2391 738 2446; x_wconf 87' lang='lat' dir='ltr'><strong>cogitem,</strong></span> <span class='ocrx_word' id='word_1_345' title='bbox 771 2392 870 2447; x_wconf 90' lang='lat' dir='ltr'><strong>quid</strong></span> <span class='ocrx_word' id='word_1_346' title='bbox 900 2393 1057 2441; x_wconf 83' lang='lat' dir='ltr'><strong>dicam,</strong></span> <span class='ocrx_word' id='word_1_347' title='bbox 1093 2399 1134 2434; x_wconf 88' lang='lat' dir='ltr'><strong>et</strong></span> <span class='ocrx_word' id='word_1_348' title='bbox 1163 2392 1244 2433; x_wconf 91' lang='lat' dir='ltr'><strong>alio</strong></span> <span class='ocrx_word' id='word_1_349' title='bbox 1276 2394 1430 2443; x_wconf 89' lang='lat' dir='ltr'><strong>dicam;</strong></span> <span class='ocrx_word' id='word_1_350' title='bbox 1463 2406 1567 2448; x_wconf 88' lang='lat' dir='ltr'><strong>quae</strong></span> <span class='ocrx_word' id='word_1_351' title='bbox 1590 2390 1670 2433; x_wconf 92' lang='lat' dir='ltr'><strong>duo</strong></span> <span class='ocrx_word' id='word_1_352' title='bbox 1694 2391 1880 2447; x_wconf 90' lang='lat' dir='ltr'><strong>plerique</strong></span> 
     </span>
     <span class='ocr_line' id='line_1_35' title="bbox 130 2452 1882 2509; baseline 0 -15"><span class='ocrx_word' id='word_1_353' title='bbox 130 2453 297 2507; x_wconf 84' lang='lat' dir='ltr'><strong>ingenio</strong></span> <span class='ocrx_word' id='word_1_354' title='bbox 329 2452 424 2495; x_wconf 84' lang='lat' dir='ltr'><strong>freti</strong></span> <span class='ocrx_word' id='word_1_355' title='bbox 454 2454 575 2494; x_wconf 90' lang='lat' dir='ltr'><strong>simul</strong></span> <span class='ocrx_word' id='word_1_356' title='bbox 605 2454 773 2495; x_wconf 84' lang='lat' dir='ltr'><strong>faciunt.</strong></span> <span class='ocrx_word' id='word_1_357' title='bbox 836 2457 917 2496; x_wconf 90' lang='lat' dir='ltr'><strong>Sed</strong></span> <span class='ocrx_word' id='word_1_358' title='bbox 948 2462 1058 2497; x_wconf 88' lang='lat' dir='ltr'><strong>certe</strong></span> <span class='ocrx_word' id='word_1_359' title='bbox 1091 2457 1226 2496; x_wconf 87' lang='lat' dir='ltr'><strong>eidem</strong></span> <span class='ocrx_word' id='word_1_360' title='bbox 1256 2454 1315 2496; x_wconf 92' lang='lat' dir='ltr'><strong>illi</strong></span> <span class='ocrx_word' id='word_1_361' title='bbox 1347 2456 1494 2497; x_wconf 86' lang='lat' dir='ltr'><strong>melius</strong></span> <span class='ocrx_word' id='word_1_362' title='bbox 1531 2454 1740 2509; x_wconf 90' lang='lat' dir='ltr'><strong>aliquanto</strong></span> <span class='ocrx_word' id='word_1_363' title='bbox 1772 2454 1882 2494; x_wconf 91' lang='lat' dir='ltr'><strong>dice-</strong></span> 
     </span>
     <span class='ocr_line' id='line_1_36' title="bbox 131 2515 1929 2572; baseline -0.001 -16"><span class='ocrx_word' id='word_1_364' title='bbox 131 2521 248 2564; x_wconf 86' lang='lat' dir='ltr'><strong>rent,</strong></span> <span class='ocrx_word' id='word_1_365' title='bbox 280 2515 314 2556; x_wconf 91' lang='lat' dir='ltr'><strong>si</strong></span> <span class='ocrx_word' id='word_1_366' title='bbox 333 2515 444 2557; x_wconf 91' lang='lat' dir='ltr'><strong>aliud</strong></span> <span class='ocrx_word' id='word_1_367' title='bbox 467 2518 711 2558; x_wconf 89' lang='lat' dir='ltr'><strong>sumendum</strong></span> <span class='ocrx_word' id='word_1_368' title='bbox 732 2516 810 2559; x_wconf 91' lang='lat' dir='ltr'><strong>sibi</strong></span> <span class='ocrx_word' id='word_1_369' title='bbox 840 2523 1001 2572; x_wconf 88' lang='lat' dir='ltr'><strong>tempus</strong></span> <span class='ocrx_word' id='word_1_370' title='bbox 1032 2517 1084 2560; x_wconf 88' lang='lat' dir='ltr'><strong>ad</strong></span> <span class='ocrx_word' id='word_1_371' title='bbox 1113 2518 1404 2572; x_wconf 89' lang='lat' dir='ltr'><strong>cogitandum,</strong></span> <span class='ocrx_word' id='word_1_372' title='bbox 1436 2517 1547 2559; x_wconf 88' lang='lat' dir='ltr'><strong>aliud</strong></span> <span class='ocrx_word' id='word_1_373' title='bbox 1578 2519 1629 2558; x_wconf 90' lang='lat' dir='ltr'><strong>ad</strong></span> <span class='ocrx_word' id='word_1_374' title='bbox 1661 2518 1879 2558; x_wconf 89' lang='lat' dir='ltr'><strong>dicendum</strong></span> <span class='ocrx_word' id='word_1_375' title='bbox 1895 2527 1929 2554; x_wconf 76' lang='lat'><strong>³⁵</strong></span> 
     </span>
     <span class='ocr_line' id='line_1_37' title="bbox 129 2583 337 2634; baseline 0.005 -15"><span class='ocrx_word' id='word_1_376' title='bbox 129 2583 337 2634; x_wconf 88' lang='lat' dir='ltr'><strong>putarent.</strong></span> 
     </span>
    </p>

    <p class='ocr_par' dir='ltr' id='par_1_4' title="bbox 133 2641 1928 2950">
     <span class='ocr_line' id='line_1_38' title="bbox 247 2641 1877 2699; baseline 0.001 -16"><span class='ocrx_word' id='word_1_377' title='bbox 247 2643 339 2684; x_wconf 63' lang='lat'><strong>104.</strong></span> <span class='ocrx_word' id='word_1_378' title='bbox 386 2641 488 2684; x_wconf 89' lang='lat' dir='ltr'><strong>Cum</strong></span> <span class='ocrx_word' id='word_1_379' title='bbox 518 2657 605 2684; x_wconf 90' lang='lat' dir='ltr'><strong>rem</strong></span> <span class='ocrx_word' id='word_1_380' title='bbox 635 2642 798 2698; x_wconf 87' lang='lat' dir='ltr'><strong>penitus</strong></span> <span class='ocrx_word' id='word_1_381' title='bbox 828 2657 1076 2699; x_wconf 87' lang='lat' dir='ltr'><strong>causamque</strong></span> <span class='ocrx_word' id='word_1_382' title='bbox 1106 2645 1308 2698; x_wconf 89' lang='lat' dir='ltr'><strong>cognovi,</strong></span> <span class='ocrx_word' id='word_1_383' title='bbox 1342 2643 1476 2686; x_wconf 85' lang='lat' dir='ltr'><strong>statim</strong></span> <span class='ocrx_word' id='word_1_384' title='bbox 1508 2644 1687 2685; x_wconf 86' lang='lat' dir='ltr'><strong>occurrit</strong></span> <span class='ocrx_word' id='word_1_385' title='bbox 1716 2643 1877 2691; x_wconf 91' lang='lat' dir='ltr'><strong>animo,</strong></span> 
     </span>
     <span class='ocr_line' id='line_1_39' title="bbox 134 2703 1880 2762; baseline 0.001 -17"><span class='ocrx_word' id='word_1_386' title='bbox 134 2716 238 2759; x_wconf 86' lang='lat' dir='ltr'><strong>quae</strong></span> <span class='ocrx_word' id='word_1_387' title='bbox 268 2705 320 2745; x_wconf 92' lang='lat' dir='ltr'><strong>sit</strong></span> <span class='ocrx_word' id='word_1_388' title='bbox 348 2718 471 2746; x_wconf 90' lang='lat' dir='ltr'><strong>causa</strong></span> <span class='ocrx_word' id='word_1_389' title='bbox 501 2706 750 2760; x_wconf 88' lang='lat' dir='ltr'><strong>ambigendi.</strong></span> <span class='ocrx_word' id='word_1_390' title='bbox 807 2706 915 2747; x_wconf 87' lang='lat' dir='ltr'><strong>Nihil</strong></span> <span class='ocrx_word' id='word_1_391' title='bbox 946 2713 1007 2748; x_wconf 88' lang='lat' dir='ltr'><strong>est</strong></span> <span class='ocrx_word' id='word_1_392' title='bbox 1037 2707 1171 2754; x_wconf 91' lang='lat' dir='ltr'><strong>enim,</strong></span> <span class='ocrx_word' id='word_1_393' title='bbox 1205 2705 1318 2762; x_wconf 85' lang='lat' dir='ltr'><strong>quod</strong></span> <span class='ocrx_word' id='word_1_394' title='bbox 1346 2707 1456 2748; x_wconf 89' lang='lat' dir='ltr'><strong>inter</strong></span> <span class='ocrx_word' id='word_1_395' title='bbox 1483 2706 1668 2748; x_wconf 89' lang='lat' dir='ltr'><strong>homines</strong></span> <span class='ocrx_word' id='word_1_396' title='bbox 1698 2703 1880 2758; x_wconf 88' lang='lat' dir='ltr'><strong>ambiga-</strong></span> 
     </span>
     <span class='ocr_line' id='line_1_40' title="bbox 133 2765 1876 2818; baseline -0.001 -10"><span class='ocrx_word' id='word_1_397' title='bbox 133 2772 222 2815; x_wconf 86' lang='lat' dir='ltr'><strong>tur,</strong></span> <span class='ocrx_word' id='word_1_398' title='bbox 255 2765 341 2808; x_wconf 85' lang='lat' dir='ltr'><strong>sive</strong></span> <span class='ocrx_word' id='word_1_399' title='bbox 371 2780 424 2809; x_wconf 84' lang='lat' dir='ltr'><strong>ex</strong></span> <span class='ocrx_word' id='word_1_400' title='bbox 453 2767 625 2809; x_wconf 87' lang='lat' dir='ltr'><strong>crimine</strong></span> <span class='ocrx_word' id='word_1_401' title='bbox 657 2782 779 2810; x_wconf 88' lang='lat' dir='ltr'><strong>causa</strong></span> <span class='ocrx_word' id='word_1_402' title='bbox 809 2774 988 2818; x_wconf 87' lang='lat' dir='ltr'><strong>constat,</strong></span> <span class='ocrx_word' id='word_1_403' title='bbox 1031 2774 1077 2810; x_wconf 91' lang='lat' dir='ltr'><strong>ut</strong></span> <span class='ocrx_word' id='word_1_404' title='bbox 1106 2769 1327 2818; x_wconf 89' lang='lat' dir='ltr'><strong>facinoris,</strong></span> <span class='ocrx_word' id='word_1_405' title='bbox 1370 2771 1458 2812; x_wconf 91' lang='lat' dir='ltr'><strong>sive</strong></span> <span class='ocrx_word' id='word_1_406' title='bbox 1490 2784 1541 2810; x_wconf 85' lang='lat' dir='ltr'><strong>ex</strong></span> <span class='ocrx_word' id='word_1_407' title='bbox 1571 2768 1876 2815; x_wconf 89' lang='lat' dir='ltr'><strong>controversia,</strong></span> 
     </span>
     <span class='ocr_line' id='line_1_41' title="bbox 133 2828 1928 2886; baseline -0.001 -16"><span class='ocrx_word' id='word_1_408' title='bbox 133 2834 181 2870; x_wconf 89' lang='lat' dir='ltr'><strong>ut</strong></span> <span class='ocrx_word' id='word_1_409' title='bbox 209 2828 467 2879; x_wconf 89' lang='lat' dir='ltr'><strong>hereditatis,</strong></span> <span class='ocrx_word' id='word_1_410' title='bbox 499 2830 586 2872; x_wconf 90' lang='lat' dir='ltr'><strong>sive</strong></span> <span class='ocrx_word' id='word_1_411' title='bbox 618 2846 671 2872; x_wconf 77' lang='lat' dir='ltr'><strong>ex</strong></span> <span class='ocrx_word' id='word_1_412' title='bbox 702 2832 1024 2880; x_wconf 86' lang='lat' dir='ltr'><strong>deliberatione,</strong></span> <span class='ocrx_word' id='word_1_413' title='bbox 1058 2837 1102 2872; x_wconf 91' lang='lat' dir='ltr'><strong>ut</strong></span> <span class='ocrx_word' id='word_1_414' title='bbox 1130 2830 1253 2881; x_wconf 90' lang='lat' dir='ltr'><strong>belli,</strong></span> <span class='ocrx_word' id='word_1_415' title='bbox 1291 2830 1392 2886; x_wconf 88' lang='lat' dir='ltr'><strong>[sive</strong></span> <span class='ocrx_word' id='word_1_416' title='bbox 1425 2847 1476 2873; x_wconf 78' lang='lat' dir='ltr'><strong>ex</strong></span> <span class='ocrx_word' id='word_1_417' title='bbox 1500 2843 1696 2886; x_wconf 87' lang='lat' dir='ltr'><strong>persona,</strong></span> <span class='ocrx_word' id='word_1_418' title='bbox 1729 2835 1775 2870; x_wconf 90' lang='lat' dir='ltr'><strong>ut</strong></span> <span class='ocrx_word' id='word_1_419' title='bbox 1793 2828 1880 2870; x_wconf 91' lang='lat' dir='ltr'><strong>lau·</strong></span> <span class='ocrx_word' id='word_1_420' title='bbox 1893 2837 1928 2865; x_wconf 78' lang='lat'><strong>⁴0</strong></span> 
     </span>
     <span class='ocr_line' id='line_1_42' title="bbox 136 2889 1880 2950; baseline 0.001 -18"><span class='ocrx_word' id='word_1_421' title='bbox 136 2889 240 2946; x_wconf 90' lang='lat' dir='ltr'><strong>dis],</strong></span> <span class='ocrx_word' id='word_1_422' title='bbox 272 2890 358 2933; x_wconf 87' lang='lat' dir='ltr'><strong>sive</strong></span> <span class='ocrx_word' id='word_1_423' title='bbox 388 2905 441 2934; x_wconf 84' lang='lat' dir='ltr'><strong>ex</strong></span> <span class='ocrx_word' id='word_1_424' title='bbox 470 2892 768 2948; x_wconf 87' lang='lat' dir='ltr'><strong>disputatione,</strong></span> <span class='ocrx_word' id='word_1_425' title='bbox 800 2899 845 2935; x_wconf 89' lang='lat' dir='ltr'><strong>ut</strong></span> <span class='ocrx_word' id='word_1_426' title='bbox 875 2896 926 2936; x_wconf 92' lang='lat' dir='ltr'><strong>de</strong></span> <span class='ocrx_word' id='word_1_427' title='bbox 956 2895 1116 2935; x_wconf 88' lang='lat' dir='ltr'><strong>ratione</strong></span> <span class='ocrx_word' id='word_1_428' title='bbox 1146 2894 1311 2936; x_wconf 89' lang='lat' dir='ltr'><strong>vivendi</strong></span> <span class='ocrx_word' id='word_1_429' title='bbox 1323 2909 1333 2945; x_wconf 90' lang='lat'>;</span> <span class='ocrx_word' id='word_1_430' title='bbox 1365 2896 1407 2936; x_wconf 93' lang='lat' dir='ltr'><strong>in</strong></span> <span class='ocrx_word' id='word_1_431' title='bbox 1438 2908 1519 2950; x_wconf 92' lang='lat' dir='ltr'><strong>quo</strong></span> <span class='ocrx_word' id='word_1_432' title='bbox 1550 2906 1658 2941; x_wconf 89' lang='lat' dir='ltr'><strong>non,</strong></span> <span class='ocrx_word' id='word_1_433' title='bbox 1691 2896 1761 2932; x_wconf 88' lang='lat' dir='ltr'><strong>aut</strong></span> <span class='ocrx_word' id='word_1_434' title='bbox 1779 2890 1880 2947; x_wconf 91' lang='lat' dir='ltr'><strong>quid</strong></span> 
     </span>
    </p>
   </div>
   <div class='ocr_carea' id='block_1_3' title="bbox 138 3043 1883 3412">
    <p class='ocr_par' dir='ltr' id='par_1_5' title="bbox 138 3043 1883 3412">
     <span class='ocr_line' id='line_1_43' title="bbox 228 3043 1878 3089; baseline 0.001 -13"><span class='ocrx_word' id='word_1_435' title='bbox 228 3044 262 3076; x_wconf 82' lang='lat'><strong>2.</strong></span> <span class='ocrx_word' id='word_1_436' title='bbox 289 3043 446 3076; x_wconf 76' lang='lat' dir='ltr'><strong>iudicare</strong></span> <span class='ocrx_word' id='word_1_437' title='bbox 467 3048 567 3085; x_wconf 78' lang='lat' dir='ltr'><strong>potui</strong></span> <span class='ocrx_word' id='word_1_438' title='bbox 592 3055 610 3079; x_wconf 86' lang='lat' dir='ltr'><strong>e</strong></span> <span class='ocrx_word' id='word_1_439' title='bbox 635 3047 744 3080; x_wconf 90' lang='lat' dir='ltr'><strong>Codd.</strong></span> <span class='ocrx_word' id='word_1_440' title='bbox 773 3046 813 3079; x_wconf 92' lang='lat' dir='ltr'><strong>T.</strong></span> <span class='ocrx_word' id='word_1_441' title='bbox 853 3045 915 3087; x_wconf 84' lang='lat' dir='ltr'><strong>(Ex</strong></span> <span class='ocrx_word' id='word_1_442' title='bbox 942 3045 1000 3078; x_wconf 86' lang='grc' dir='ltr'><strong>ΑΒ</strong></span> <span class='ocrx_word' id='word_1_443' title='bbox 1028 3046 1112 3078; x_wconf 80' lang='lat' dir='ltr'><strong>nihil</strong></span> <span class='ocrx_word' id='word_1_444' title='bbox 1137 3045 1303 3089; x_wconf 86' lang='lat' dir='ltr'><strong>notatur.)</strong></span> <span class='ocrx_word' id='word_1_445' title='bbox 1332 3063 1369 3071; x_wconf 88' lang='lat'><strong>——</strong></span> <span class='ocrx_word' id='word_1_446' title='bbox 1397 3046 1432 3078; x_wconf 88' lang='lat'><strong>3.</strong></span> <span class='ocrx_word' id='word_1_447' title='bbox 1461 3045 1592 3077; x_wconf 80' lang='lat' dir='ltr'><strong>Cossius</strong></span> <span class='ocrx_word' id='word_1_448' title='bbox 1617 3045 1643 3076; x_wconf 90' lang='lat' dir='ltr'>B</span> <span class='ocrx_word' id='word_1_449' title='bbox 1660 3067 1668 3082; x_wconf 92' lang='lat'><strong>,</strong></span> <span class='ocrx_word' id='word_1_450' title='bbox 1704 3044 1812 3077; x_wconf 67' lang='lat' dir='ltr'><strong>cassii·</strong></span> <span class='ocrx_word' id='word_1_451' title='bbox 1836 3044 1878 3078; x_wconf 86' lang='lat' dir='ltr'><strong>R.</strong></span> 
     </span>
     <span class='ocr_line' id='line_1_44' title="bbox 140 3090 1878 3132; baseline -0.001 -9"><span class='ocrx_word' id='word_1_452' title='bbox 140 3104 180 3115; x_wconf 84' lang='lat'><em>-</em></span> <span class='ocrx_word' id='word_1_453' title='bbox 206 3091 240 3123; x_wconf 87' lang='grc'><strong>6.</strong></span> <span class='ocrx_word' id='word_1_454' title='bbox 269 3092 510 3123; x_wconf 75' lang='lat' dir='ltr'><strong>constituimus</strong></span> <span class='ocrx_word' id='word_1_455' title='bbox 533 3093 648 3125; x_wconf 82' lang='lat' dir='ltr'>ABR:</span> <span class='ocrx_word' id='word_1_456' title='bbox 674 3096 890 3126; x_wconf 73' lang='lat' dir='ltr'><strong>instituimus</strong></span> <span class='ocrx_word' id='word_1_457' title='bbox 915 3101 991 3124; x_wconf 89' lang='lat' dir='ltr'><strong>cum</strong></span> <span class='ocrx_word' id='word_1_458' title='bbox 1018 3093 1188 3126; x_wconf 85' lang='lat' dir='ltr'><strong>Lambino</strong></span> <span class='ocrx_word' id='word_1_459' title='bbox 1215 3095 1253 3126; x_wconf 87' lang='lat' dir='ltr'><strong>E.</strong></span> <span class='ocrx_word' id='word_1_460' title='bbox 1281 3111 1323 3117; x_wconf 83' lang='lat'><strong>--</strong></span> <span class='ocrx_word' id='word_1_461' title='bbox 1361 3093 1394 3125; x_wconf 82' lang='lat'><strong>9.</strong></span> <span class='ocrx_word' id='word_1_462' title='bbox 1424 3092 1454 3122; x_wconf 83' lang='lat' dir='ltr'><strong>ei</strong></span> <span class='ocrx_word' id='word_1_463' title='bbox 1479 3090 1584 3132; x_wconf 80' lang='lat' dir='ltr'><strong>]enim</strong></span> <span class='ocrx_word' id='word_1_464' title='bbox 1609 3091 1713 3123; x_wconf 74' lang='lat' dir='ltr'><strong>ABR.</strong></span> <span class='ocrx_word' id='word_1_465' title='bbox 1743 3108 1780 3114; x_wconf 95' lang='grc'>-</span> <span class='ocrx_word' id='word_1_466' title='bbox 1821 3091 1878 3123; x_wconf 86' lang='grc'><strong>10.</strong></span> 
     </span>
     <span class='ocr_line' id='line_1_45' title="bbox 138 3138 1881 3182; baseline 0.001 -13"><span class='ocrx_word' id='word_1_467' title='bbox 138 3142 356 3170; x_wconf 77' lang='lat' dir='ltr'><strong>tractaturus</strong></span> <span class='ocrx_word' id='word_1_468' title='bbox 383 3138 408 3168; x_wconf 84' lang='lat' dir='ltr'>B</span> <span class='ocrx_word' id='word_1_469' title='bbox 436 3138 585 3179; x_wconf 80' lang='lat' dir='ltr'><strong>aliique:</strong></span> <span class='ocrx_word' id='word_1_470' title='bbox 615 3145 761 3172; x_wconf 83' lang='lat' dir='ltr'><strong>acturus</strong></span> <span class='ocrx_word' id='word_1_471' title='bbox 786 3140 870 3182; x_wconf 71' lang='lat' dir='ltr'>(A-z)</span> <span class='ocrx_word' id='word_1_472' title='bbox 897 3141 969 3171; x_wconf 81' lang='lat' dir='ltr'><strong>RE.</strong></span> <span class='ocrx_word' id='word_1_473' title='bbox 998 3158 1036 3163; x_wconf 94' lang='lat'><em>-</em></span> <span class='ocrx_word' id='word_1_474' title='bbox 1066 3139 1121 3171; x_wconf 85' lang='lat'><strong>13.</strong></span> <span class='ocrx_word' id='word_1_475' title='bbox 1150 3141 1315 3172; x_wconf 69' lang='lat' dir='ltr'><strong>eiusmodi</strong></span> <span class='ocrx_word' id='word_1_476' title='bbox 1343 3139 1450 3171; x_wconf 86' lang='lat' dir='ltr'><strong>Codd.</strong></span> <span class='ocrx_word' id='word_1_477' title='bbox 1479 3139 1522 3170; x_wconf 81' lang='lat' dir='ltr'><strong>al.</strong></span> <span class='ocrx_word' id='word_1_478' title='bbox 1548 3138 1653 3175; x_wconf 83' lang='lat' dir='ltr'><strong>(Nihil</strong></span> <span class='ocrx_word' id='word_1_479' title='bbox 1679 3141 1816 3170; x_wconf 81' lang='lat' dir='ltr'><strong>notatur</strong></span> <span class='ocrx_word' id='word_1_480' title='bbox 1841 3146 1881 3170; x_wconf 81' lang='lat' dir='ltr'><strong>ex</strong></span> 
     </span>
     <span class='ocr_line' id='line_1_46' title="bbox 138 3182 1883 3228; baseline -0.001 -11"><span class='ocrx_word' id='word_1_481' title='bbox 138 3184 228 3227; x_wconf 78' lang='lat' dir='ltr'><strong>AB.)</strong></span> <span class='ocrx_word' id='word_1_482' title='bbox 256 3202 293 3208; x_wconf 94' lang='lat'><strong>—</strong></span> <span class='ocrx_word' id='word_1_483' title='bbox 340 3184 394 3216; x_wconf 65' lang='lat'><strong>14.</strong></span> <span class='ocrx_word' id='word_1_484' title='bbox 422 3184 484 3215; x_wconf 86' lang='lat' dir='ltr'><strong>Vv.</strong></span> <span class='ocrx_word' id='word_1_485' title='bbox 508 3185 607 3217; x_wconf 76' lang='lat' dir='ltr'><strong>Haec</strong></span> <span class='ocrx_word' id='word_1_486' title='bbox 632 3203 645 3209; x_wconf 94' lang='lat'>-</span> <span class='ocrx_word' id='word_1_487' title='bbox 669 3202 682 3208; x_wconf 92' lang='lat'><em>—</em></span> <span class='ocrx_word' id='word_1_488' title='bbox 706 3188 860 3228; x_wconf 77' lang='lat' dir='ltr'><strong>formula</strong></span> <span class='ocrx_word' id='word_1_489' title='bbox 885 3188 1026 3219; x_wconf 80' lang='lat' dir='ltr'><strong>seclusit</strong></span> <span class='ocrx_word' id='word_1_490' title='bbox 1050 3187 1175 3219; x_wconf 86' lang='lat' dir='ltr'><strong>Bakius</strong></span> <span class='ocrx_word' id='word_1_491' title='bbox 1201 3193 1235 3220; x_wconf 86' lang='lat' dir='ltr'><strong>et</strong></span> <span class='ocrx_word' id='word_1_492' title='bbox 1261 3187 1405 3219; x_wconf 86' lang='lat' dir='ltr'><strong>Ellendt.</strong></span> <span class='ocrx_word' id='word_1_493' title='bbox 1444 3201 1480 3207; x_wconf 97' lang='lat'><strong>—</strong></span> <span class='ocrx_word' id='word_1_494' title='bbox 1524 3185 1581 3216; x_wconf 82' lang='lat'><strong>21.</strong></span> <span class='ocrx_word' id='word_1_495' title='bbox 1608 3182 1741 3224; x_wconf 77' lang='lat' dir='ltr'><strong>dicunt]</strong></span> <span class='ocrx_word' id='word_1_496' title='bbox 1769 3185 1883 3216; x_wconf 78' lang='lat' dir='ltr'><strong>sciunt</strong></span> 
     </span>
     <span class='ocr_line' id='line_1_47' title="bbox 139 3230 1879 3273; baseline -0.001 -10"><span class='ocrx_word' id='word_1_497' title='bbox 139 3232 211 3264; x_wconf 74' lang='lat' dir='ltr'><strong>AB.</strong></span> <span class='ocrx_word' id='word_1_498' title='bbox 239 3249 281 3255; x_wconf 92' lang='lat'>—</span> <span class='ocrx_word' id='word_1_499' title='bbox 306 3231 364 3263; x_wconf 80' lang='lat'><strong>22.</strong></span> <span class='ocrx_word' id='word_1_500' title='bbox 391 3231 542 3273; x_wconf 79' lang='lat' dir='ltr'><strong>perfidia</strong></span> <span class='ocrx_word' id='word_1_501' title='bbox 566 3232 638 3264; x_wconf 84' lang='grc' dir='ltr'><strong>ΑΒ.</strong></span> <span class='ocrx_word' id='word_1_502' title='bbox 667 3250 707 3255; x_wconf 91' lang='grc'><strong>-</strong></span> <span class='ocrx_word' id='word_1_503' title='bbox 733 3233 790 3265; x_wconf 83' lang='lat'><strong>32.</strong></span> <span class='ocrx_word' id='word_1_504' title='bbox 819 3234 899 3265; x_wconf 80' lang='lat' dir='ltr'><strong>bom·</strong></span> <span class='ocrx_word' id='word_1_505' title='bbox 924 3242 989 3265; x_wconf 75' lang='lat' dir='ltr'><strong>esse</strong></span> <span class='ocrx_word' id='word_1_506' title='bbox 1016 3234 1125 3265; x_wconf 88' lang='lat' dir='ltr'><strong>Codd.</strong></span> <span class='ocrx_word' id='word_1_507' title='bbox 1152 3235 1195 3266; x_wconf 81' lang='lat' dir='ltr'><strong>al.</strong></span> <span class='ocrx_word' id='word_1_508' title='bbox 1231 3234 1288 3270; x_wconf 86' lang='lat' dir='ltr'><strong>(Ut</strong></span> <span class='ocrx_word' id='word_1_509' title='bbox 1313 3242 1395 3271; x_wconf 86' lang='lat' dir='ltr'><strong>nos,</strong></span> <span class='ocrx_word' id='word_1_510' title='bbox 1423 3230 1542 3268; x_wconf 76' lang='lat' dir='ltr'><strong>ABR.)</strong></span> <span class='ocrx_word' id='word_1_511' title='bbox 1569 3248 1609 3255; x_wconf 97' lang='lat'>—</span> <span class='ocrx_word' id='word_1_512' title='bbox 1651 3231 1776 3263; x_wconf 81' lang='lat' dir='ltr'><strong>abdico</strong></span> <span class='ocrx_word' id='word_1_513' title='bbox 1801 3231 1879 3262; x_wconf 81' lang='lat' dir='ltr'><strong>Vet-</strong></span> 
     </span>
     <span class='ocr_line' id='line_1_48' title="bbox 142 3277 1882 3319; baseline -0.002 -9"><span class='ocrx_word' id='word_1_514' title='bbox 142 3278 289 3318; x_wconf 75' lang='lat' dir='ltr'><strong>Steph.:</strong></span> <span class='ocrx_word' id='word_1_515' title='bbox 329 3278 488 3310; x_wconf 76' lang='lat' dir='ltr'><strong>abiudico</strong></span> <span class='ocrx_word' id='word_1_516' title='bbox 514 3277 627 3319; x_wconf 58' lang='lat' dir='ltr'><strong>(Alsa)</strong></span> <span class='ocrx_word' id='word_1_517' title='bbox 652 3279 726 3311; x_wconf 85' lang='lat' dir='ltr'><strong>RE.</strong></span> <span class='ocrx_word' id='word_1_518' title='bbox 756 3296 796 3302; x_wconf 89' lang='lat'><em>—</em></span> <span class='ocrx_word' id='word_1_519' title='bbox 831 3281 888 3312; x_wconf 68' lang='lat'><strong>34.</strong></span> <span class='ocrx_word' id='word_1_520' title='bbox 916 3281 1021 3312; x_wconf 76' lang='lat' dir='ltr'><strong>eidem</strong></span> <span class='ocrx_word' id='word_1_521' title='bbox 1046 3279 1156 3312; x_wconf 86' lang='lat' dir='ltr'><strong>Codd.</strong></span> <span class='ocrx_word' id='word_1_522' title='bbox 1184 3280 1252 3312; x_wconf 72' lang='lat' dir='ltr'><strong>aL:</strong></span> <span class='ocrx_word' id='word_1_523' title='bbox 1286 3280 1387 3311; x_wconf 78' lang='lat' dir='ltr'><strong>iidem</strong></span> <span class='ocrx_word' id='word_1_524' title='bbox 1413 3278 1484 3310; x_wconf 78' lang='lat' dir='ltr'><strong>RE.</strong></span> <span class='ocrx_word' id='word_1_525' title='bbox 1514 3295 1551 3301; x_wconf 95' lang='lat'>—</span> <span class='ocrx_word' id='word_1_526' title='bbox 1595 3277 1651 3310; x_wconf 86' lang='lat'><strong>38.</strong></span> <span class='ocrx_word' id='word_1_527' title='bbox 1688 3277 1882 3318; x_wconf 72' lang='lat' dir='ltr'><strong>ambiqendi</strong></span> 
     </span>
     <span class='ocr_line' id='line_1_49' title="bbox 140 3322 1882 3368; baseline -0.003 -11"><span class='ocrx_word' id='word_1_528' title='bbox 140 3325 225 3357; x_wconf 76' lang='lat' dir='ltr'><strong>AB:</strong></span> <span class='ocrx_word' id='word_1_529' title='bbox 251 3324 405 3365; x_wconf 71' lang='lat' dir='ltr'><strong>ambiqm·</strong></span> <span class='ocrx_word' id='word_1_530' title='bbox 431 3325 504 3356; x_wconf 77' lang='lat' dir='ltr'><strong>RE.</strong></span> <span class='ocrx_word' id='word_1_531' title='bbox 531 3341 572 3346; x_wconf 97' lang='lat'><strong>—</strong></span> <span class='ocrx_word' id='word_1_532' title='bbox 601 3325 657 3356; x_wconf 80' lang='lat'><strong>39.</strong></span> <span class='ocrx_word' id='word_1_533' title='bbox 685 3330 822 3357; x_wconf 81' lang='lat' dir='ltr'><strong>constat</strong></span> <span class='ocrx_word' id='word_1_534' title='bbox 846 3326 873 3357; x_wconf 88' lang='lat' dir='ltr'>B</span> <span class='ocrx_word' id='word_1_535' title='bbox 899 3327 1048 3367; x_wconf 80' lang='lat' dir='ltr'><strong>aliique:</strong></span> <span class='ocrx_word' id='word_1_536' title='bbox 1076 3331 1206 3359; x_wconf 80' lang='lat' dir='ltr'><strong>constet</strong></span> <span class='ocrx_word' id='word_1_537' title='bbox 1231 3324 1274 3367; x_wconf 71' lang='lat' dir='ltr'><strong>(A</strong></span> <span class='ocrx_word' id='word_1_538' title='bbox 1287 3326 1317 3368; x_wconf 75' lang='lat'><strong>‘?)</strong></span> <span class='ocrx_word' id='word_1_539' title='bbox 1343 3325 1417 3357; x_wconf 82' lang='lat' dir='ltr'><strong>RE.</strong></span> <span class='ocrx_word' id='word_1_540' title='bbox 1446 3341 1486 3348; x_wconf 89' lang='lat'><em>-</em></span> <span class='ocrx_word' id='word_1_541' title='bbox 1511 3325 1569 3358; x_wconf 78' lang='lat' dir='ltr'><strong>tto.</strong></span> <span class='ocrx_word' id='word_1_542' title='bbox 1597 3326 1664 3358; x_wconf 79' lang='lat' dir='ltr'><strong>sive</strong></span> <span class='ocrx_word' id='word_1_543' title='bbox 1688 3342 1702 3348; x_wconf 99' lang='lat'>-</span> <span class='ocrx_word' id='word_1_544' title='bbox 1724 3342 1738 3350; x_wconf 85' lang='lat'>-</span> <span class='ocrx_word' id='word_1_545' title='bbox 1764 3322 1882 3355; x_wconf 80' lang='lat' dir='ltr'><strong>laudis</strong></span> 
     </span>
     <span class='ocr_line' id='line_1_50' title="bbox 142 3371 1054 3412; baseline -0.002 -7"><span class='ocrx_word' id='word_1_546' title='bbox 142 3381 211 3405; x_wconf 85' lang='lat' dir='ltr'><strong>om.</strong></span> <span class='ocrx_word' id='word_1_547' title='bbox 238 3371 310 3402; x_wconf 80' lang='grc' dir='ltr'><strong>ΑΒ.</strong></span> <span class='ocrx_word' id='word_1_548' title='bbox 359 3371 496 3405; x_wconf 80' lang='lat' dir='ltr'><strong>Delcvit</strong></span> <span class='ocrx_word' id='word_1_549' title='bbox 519 3371 723 3412; x_wconf 78' lang='lat' dir='ltr'><strong>Seliutzius3</strong></span> <span class='ocrx_word' id='word_1_550' title='bbox 751 3381 812 3406; x_wconf 85' lang='lat' dir='ltr'><strong>nos</strong></span> <span class='ocrx_word' id='word_1_551' title='bbox 837 3372 1054 3406; x_wconf 82' lang='lat' dir='ltr'><strong>seclusimus.</strong></span> 
     </span>
    </p>
   </div>
   <div class='ocr_carea' id='block_1_4' title="bbox 218 3441 1439 3484">
    <p class='ocr_par' dir='ltr' id='par_1_6' title="bbox 218 3441 1439 3484">
     <span class='ocr_line' id='line_1_51' title="bbox 218 3441 1439 3484; baseline 0.001 -15"><span class='ocrx_word' id='word_1_552' title='bbox 218 3442 311 3470; x_wconf 72' lang='lat' dir='ltr'><strong>cicero</strong></span> <span class='ocrx_word' id='word_1_553' title='bbox 330 3441 360 3472; x_wconf 85' lang='grc' dir='ltr'><strong>Τ.</strong></span> <span class='ocrx_word' id='word_1_554' title='bbox 380 3442 400 3470; x_wconf 86' lang='lat'><strong>1.</strong></span> <span class='ocrx_word' id='word_1_555' title='bbox 1391 3443 1439 3484; x_wconf 81' lang='grc'><strong>16</strong></span> 
     </span>
    </p>
   </div>
  </div>
 </body>
</html>
