2117 3762
752 294 849 334 LIB.
884 294 932 337 11.
994 295 1035 336 C.
1067 296 1104 338 6.
1136 297 1175 339 7.
1206 298 1246 338 8.
1788 306 1864 347 133

113 402 214 441 Nam
255 397 394 454 opinio
436 398 654 455 dupliciter
694 397 794 440 fallit
836 398 1042 449 homines,
1088 415 1181 444 cum
1221 408 1289 446 aut
1327 417 1394 446 res
1430 403 1647 447 aliusmodi
1688 412 1768 454 cst,
1819 423 1866 451 ac

114 468 302 518 putatur,
335 468 404 504 aut
434 476 514 503 non
545 461 580 503 is
611 468 781 502 eventus
812 469 892 509 est,
926 478 1046 518 quein
1079 464 1265 507 arbitrati
1297 473 1404 508 sunt.
1465 470 1545 509 Res
1565 467 1783 511 aliusmodi
1805 478 1866 512 est

114 532 223 573 tum,
268 540 359 567 cum
390 531 458 566 aut
488 523 551 571 id,
593 523 705 578 quod
734 523 887 565 bonnm
927 532 998 573 est,
1036 527 1185 569 malum
1227 535 1393 583 putant3
1446 535 1515 570 aut
1554 536 1717 578 contra,
1756 533 1867 587 quod

113 589 265 631 malum
297 594 378 636 est,
410 589 584 636 honum
634 592 703 628 aut
734 590 844 641 quod
876 602 949 629 nec
985 589 1134 630 malum
1166 598 1246 639 est,
1293 606 1367 633 nec
1395 591 1574 641 bonum,
1608 593 1760 634 malum
1796 601 1866 636 aut

113 654 290 702 bonum;
340 656 408 691 aut
445 648 556 704 quod
597 649 749 691 malum
800 656 869 692 aut
909 654 1062 692 honum
1102 658 1185 700 est,
1248 667 1322 694 nec
1368 655 1518 696 malum
1563 669 1640 696 nec
1684 658 1895 697 bonum.⁵

114 718 182 757 22.
216 717 304 756 Hoc
335 711 566 760 intellecto,
599 712 632 752 si
664 711 734 766 qui
764 713 930 765 negabit
961 727 1050 754 esse
1081 714 1204 755 ullam
1236 718 1451 768 pecuniam
1482 716 1618 758 fratris
1649 725 1717 758 aut
1745 719 1866 760 amici

114 777 197 819 vita
227 782 297 818 aut
326 775 503 830 denique
535 772 672 816 officio
705 773 809 829 [suo]
845 775 1120 831 antiquiorem
1153 783 1222 818 aut
1252 778 1508 827 suaviorem,
1556 794 1639 821 non
1676 783 1754 822 hoc
1789 781 1868 822 erit

114 839 342 882 accusatori
373 835 622 891 negandum.
684 839 785 878 Nam
817 837 857 879 in
888 852 980 879 eum
1011 838 1130 893 culpa
1162 846 1201 880 et
1230 853 1435 882 summum
1467 841 1607 884 odium
1646 842 1868 886 transfere-

113 908 198 949 tur,
229 901 300 957 qui
330 900 398 949 id,
431 898 541 954 quod
572 905 653 940 tam
686 914 784 942 vere
815 907 854 941 ct
884 901 950 956 pie
981 899 1154 949 dicetur,
1187 901 1366 957 negabit.
1423 907 1579 946 Verum
1607 904 1706 946 illud
1729 904 1868 947 dicen-

113 963 210 1006 dum
241 963 340 1012 erit,
384 962 441 1004 illi
472 963 529 1003 ita
558 976 640 1003 non
672 977 760 1005 esse
792 963 951 1012 visum3
1005 966 1115 1017 quod
1147 965 1254 1006 sumi
1285 971 1451 1019 oportet
1480 981 1533 1008 ex
1561 967 1636 1016 iis,
1680 982 1786 1023 quae
1815 968 1915 1011 adm

113 1039 334 1081 personam
373 1025 602 1079 pertinent;
649 1028 699 1067 de
738 1040 820 1080 quo
857 1030 951 1079 post
980 1025 1199 1068 dicendum
1232 1033 1305 1069 est.
1363 1030 1451 1070 VII.
1485 1032 1553 1071 23.
1587 1032 1766 1073 Eventus
1795 1045 1868 1072 au-

112 1095 192 1131 tem
224 1094 311 1130 tum
340 1088 467 1137 fallit,
519 1102 611 1130 cum
642 1089 761 1130 aliter
791 1088 958 1137 accidit,
1011 1094 1133 1143 atque
1163 1090 1212 1138 ii,
1262 1093 1331 1144 qui
1369 1097 1625 1145 arguuntur,
1678 1092 1867 1135 arbitrati

112 1164 202 1193 esse
233 1150 444 1192 dicuntur:
480 1157 542 1199 ut,
575 1152 606 1191 si
639 1153 708 1205 qui
741 1151 901 1192 dicatur
931 1150 1055 1192 alium
1088 1151 1305 1200 occidisse,
1338 1166 1384 1194 ac
1414 1154 1622 1204 voluerit,
1656 1155 1767 1210 quod
1799 1162 1868 1197 aut

111 1213 379 1255 similitudine
421 1220 490 1254 aut
530 1214 762 1269 suspicione
805 1220 873 1256 aut
912 1212 1263 1256 demonstratione
1303 1215 1402 1258 falsa
1447 1216 1641 1273 deceptus
1677 1222 1745 1269 sit;
1796 1223 1867 1260 aut

112 1290 207 1317 eum
239 1289 426 1323 necasse,
476 1278 589 1317 cuius
620 1282 863 1318 testamento
894 1290 976 1318 non
1006 1278 1058 1317 sit
1086 1278 1228 1326 heres,
1279 1279 1390 1335 quod
1429 1279 1517 1321 eius
1548 1286 1791 1323 testamento
1822 1294 1914 1323 se13

110 1339 308 1380 heredem
339 1337 560 1380 arbitratus
590 1341 654 1380 sit.
716 1342 807 1381 Non
839 1339 948 1381 enim
979 1352 1032 1380 ex
1058 1346 1208 1381 eventu
1229 1342 1522 1396 cogitationem
1545 1345 1719 1397 spectari
1741 1358 1867 1398 opor-

111 1407 222 1448 tere,
273 1399 345 1441 sed
386 1415 464 1456 qua
505 1402 753 1455 cogitatione
793 1401 952 1443 animus
992 1407 1032 1443 et
1069 1416 1140 1457 spe
1181 1402 1231 1444 ad
1272 1404 1518 1446 maleficium
1548 1404 1756 1461 profectus
1787 1405 1862 1454 sit,

111 1462 390 1513 considerari;
442 1477 524 1520 quo
555 1464 692 1506 animo
724 1463 820 1520 quid
853 1463 1026 1519 quisque
1057 1463 1202 1514 faciat,
1250 1480 1333 1508 non
1374 1481 1456 1522 quo
1488 1481 1584 1509 casu
1613 1472 1768 1515 utatur,
1814 1466 1866 1509 ad

110 1540 198 1568 rem
228 1527 452 1582 pertinere.
515 1527 582 1567 2¹4.
616 1528 661 1567 In
693 1526 771 1568 hoc
801 1532 937 1568 autem
974 1527 1067 1567 loco
1109 1535 1230 1582 caput
1267 1528 1368 1571 illud
1406 1530 1486 1571 erit
1525 1529 1778 1578 accusatori,
1831 1530 1864 1570 si

111 1588 395 1630 demonstrare
437 1587 590 1644 poterit
633 1588 703 1630 alii
741 1588 897 1630 nemini
932 1602 1096 1630 causam
1140 1590 1266 1632 fuisse
1307 1591 1499 1642 faciendi;
1548 1591 1914 1640 secundarium,20

112 1653 145 1691 si
176 1657 326 1692 tantam
357 1657 427 1693 aut
458 1658 537 1693 tam
568 1651 758 1693 idoneam
779 1651 946 1695 nemini.
1004 1652 1074 1692 Sin
1095 1653 1219 1696 fuisse
1241 1653 1329 1696 aliis
1352 1668 1516 1709 quoque
1538 1668 1660 1696 causa
1682 1653 1863 1695 faciendi

111 1713 340 1762 videbitur,
392 1719 461 1755 aut
499 1719 679 1769 potestas
719 1712 901 1755 defuisse
940 1713 1028 1755 aliis
1060 1716 1376 1760 demonstranda
1409 1723 1470 1758 est
1499 1722 1568 1758 aut
1596 1716 1766 1758 facultas
1796 1721 1865 1757 aut

110 1777 312 1818 voluntas.
371 1778 580 1824 Potestas,
612 1778 645 1818 si
676 1782 745 1818 aut
775 1778 952 1819 nescisse
983 1786 1052 1822 aut
1082 1795 1162 1822 non
1192 1779 1357 1821 affuisse
1387 1785 1457 1820 aut
1487 1778 1688 1821 conficere
1709 1778 1865 1834 aliquid

110 1852 193 1880 non
223 1837 407 1893 potuisse
439 1837 612 1879 dicetur.
673 1840 882 1886 Facultas,
924 1841 957 1880 si
986 1843 1113 1891 ratio,
1146 1841 1379 1890 adiutores,
1422 1841 1677 1890 adiumenta,
1707 1848 1862 1890 cetera,

111 1914 218 1956 quae
259 1902 310 1941 ad
352 1914 442 1941 rem
481 1899 764 1953 pertinebunt,
817 1900 996 1945 defuisse
1026 1905 1149 1947 alicui
1180 1902 1584 1946 demonstrabuntur.
1643 1905 1912 1951 Voluntas,25

111 1963 146 2005 si
176 1964 336 2004 animus
377 1976 401 2003 a
437 1961 585 2004 talibus
626 1962 742 2003 sactis
784 1978 937 2006 vacuus
980 1972 1020 2008 et
1060 1968 1221 2022 integer
1266 1981 1356 2008 esse
1395 1966 1566 2009 dicetur.
1625 1968 1859 2013 Postremo,

111 2039 214 2083 quas
253 2027 305 2067 ad
344 2023 626 2067 defensionem
666 2027 847 2068 rationes
889 2041 961 2069 reo
999 2030 1210 2078 dabimus,
1260 2029 1311 2072 iis
1350 2035 1560 2071 accusator
1599 2031 1650 2070 ad
1679 2028 1781 2069 alios
1812 2041 1866 2069 ex

112 2089 230 2144 culpa
274 2087 517 2129 eximendos
557 2086 762 2130 abutetur.
822 2091 975 2132 Verum
1017 2092 1059 2134 id
1098 2094 1215 2133 brevi
1245 2091 1476 2133 faciendum
1508 2096 1569 2133 est
1597 2097 1638 2132 et
1666 2090 1708 2132 in
1737 2104 1866 2132 unum

112 2153 242 2193 multa
271 2155 367 2192 sunt
396 2149 685 2199 conducenda,
734 2156 780 2192 ut
808 2165 859 2194 ne
889 2153 1057 2196 alterius
1089 2154 1335 2197 defendendi
1366 2168 1486 2197 causa
1517 2154 1623 2196 hunc
1652 2166 1864 2200 accusare,

112 2215 186 2255 sed
215 2214 337 2254 huius
368 2212 585 2254 accusandi
616 2226 740 2254 causa
769 2212 992 2259 defendere
1023 2219 1195 2259 alterum
1226 2217 1427 2259 videatur.
1485 2219 1596 2260 VIII.
1628 2219 1695 2261 25.
1734 2219 1864 2271 Atque
1878 2234 1913 2260 30

112 2274 341 2318 accusatori
379 2274 546 2329 quidem
585 2277 686 2317 haec
723 2277 812 2318 fere
854 2279 1018 2321 suntin
1048 2295 1173 2322 causa
1200 2279 1379 2322 faciendi
1411 2280 1724 2322 consideranda.
1785 2280 1867 2319 De-

112 2339 254 2381 fensor
284 2343 422 2379 autem
451 2350 504 2378 ex
535 2339 744 2380 contrario
774 2342 954 2393 primum
984 2343 1274 2398 impulsionem
1314 2348 1382 2385 aut
1420 2342 1572 2384 nullam
1602 2341 1728 2383 fuisse
1759 2339 1868 2382 dicet

112 2408 202 2449 aut,
243 2402 277 2443 si
307 2399 434 2442 fuisse
466 2403 685 2450 concedet,
727 2402 965 2444 extenuabit
995 2410 1035 2445 et
1063 2407 1276 2461 parvulam
1307 2404 1510 2459 quandam
1541 2403 1668 2447 fuisse
1698 2403 1868 2445 demon-

112 2464 260 2508 strabit
301 2467 371 2504 aut
411 2476 493 2504 non
536 2477 587 2504 ex
624 2478 671 2505 ea
709 2464 845 2506 solere
882 2468 1120 2510 huiusmodi
1149 2468 1255 2508 sacta
1285 2466 1396 2508 nasci
1427 2465 1605 2508 docebit.
1668 2468 1760 2516 Quo
1791 2465 1868 2506 crit

112 2530 155 2570 in
184 2527 274 2569 loco
306 2527 696 2575 demonstrandum,
729 2541 834 2582 quae
865 2528 926 2569 vis
958 2535 998 2570 et
1027 2535 1172 2571 natura
1203 2529 1290 2570 eius
1320 2531 1372 2571 sit
1401 2529 1650 2578 affectionis,
1683 2542 1761 2584 qua
1792 2529 1866 2568 im-
1879 2544 1914 2570 35

112 2590 254 2646 pulsus
284 2586 438 2646 aliquid
468 2602 564 2629 reus
596 2590 850 2631 commisisse
882 2589 1060 2642 dicetur;
1091 2594 1133 2634 in
1163 2606 1246 2648 quo
1277 2597 1317 2633 et
1347 2592 1535 2648 exempla
1566 2597 1606 2633 et
1635 2588 1867 2633 similitudi-

112 2667 186 2695 nes
232 2659 354 2695 erunt
391 2653 668 2707 proferendae
710 2658 750 2694 et
787 2652 876 2706 ipsa
916 2653 1136 2709 diligenter
1176 2661 1320 2697 natura
1360 2657 1448 2697 eius
1488 2654 1714 2696 affectionis
1745 2666 1866 2707 quam

114 2715 322 2758 lenissime
361 2714 659 2772 quietissimam
700 2713 752 2756 ad
790 2721 949 2770 partem
992 2717 1262 2771 explicanda,
1312 2723 1358 2759 ut
1402 2723 1441 2759 et
1481 2731 1548 2759 res
1586 2718 1676 2770 ipsa
1705 2730 1728 2756 a
1758 2714 1864 2755 facto

116 2778 271 2819 crudeli
316 2783 357 2820 et
398 2776 635 2819 turbulento
674 2779 724 2818 ad
763 2777 972 2833 quoddam
1010 2780 1148 2821 mitius
1189 2786 1230 2821 et
1267 2779 1527 2836 tranquillius
1558 2777 1798 2819 traducatur
1828 2781 1868 2817 et

116 2839 247 2881 oratio
277 2845 413 2882 tamen
442 2839 492 2881 ad
523 2839 705 2881 animum
735 2839 845 2889 eius,
878 2840 950 2895 qui
980 2843 1139 2891 audiet,
1174 2848 1213 2884 et
1235 2841 1283 2883 ad
1307 2843 1429 2883 animi
1451 2839 1656 2896 quendam
1678 2839 1916 2882 intimumao

209 2960 244 2992 6.
282 2961 343 3002 qui
367 2959 475 2992 PAT:
517 2961 594 3000 quis
622 2960 696 2992 RE.
724 2976 760 2984 -
798 2969 867 2993 esse
890 2962 1000 2993 ullam
1023 2963 1165 2996 PART:
1205 2964 1314 2996 ullam
1337 2972 1403 2995 esse
1429 2963 1466 2994 E.
1505 2977 1540 2983 —
1582 2961 1616 2993 7.
1651 2969 1713 2992 suo
1739 2961 1871 2994 habent

116 3007 193 3040 libri
231 3010 304 3039 noti
340 3004 457 3047 (etiam
488 3006 633 3048 nostri),
661 3011 904 3048 praeterquam
933 3010 1025 3049 quod
1053 3014 1086 3043 tn
1115 3011 1210 3044 Cass.
1233 3013 1405 3049 ‘scriptum
1433 3012 1484 3041 est
1509 3009 1599 3040 inter
1624 3017 1765 3045 versus:
1803 3009 1871 3041 del.

115 3055 156 3087 E.
185 3054 289 3091 Sch.;
316 3062 377 3086 nos
403 3054 621 3086 seclusimus.
651 3070 690 3076 —
717 3055 778 3085 hoc
804 3056 870 3086 erit
894 3056 1039 3088 PART:
1067 3059 1131 3090 erit
1157 3059 1218 3088 hoc
1244 3058 1283 3088 E.
1306 3072 1344 3079 —
1374 3057 1429 3086 10.
1457 3055 1509 3086 ita
1534 3063 1606 3086 non
1631 3063 1699 3086 esse
1724 3054 1869 3087 PART:

114 3111 185 3134 non
210 3109 276 3133 esse
300 3102 355 3132 ita
381 3100 421 3131 E.
462 3117 499 3123 —
544 3100 600 3132 17.
639 3102 851 3142 coyitationo
875 3104 1014 3134 animus
1040 3109 1072 3136 ct
1097 3104 1217 3136 PART
1254 3104 1431 3142 ceterique
1466 3103 1563 3133 nott:
1603 3102 1816 3142 cogitatione
1840 3106 1872 3134 et

117 3150 201 3188 (om.
223 3145 373 3186 animus)
400 3155 477 3178 cum
504 3146 592 3178 Aldo
617 3146 656 3185 L,
678 3148 716 3179 E.
737 3164 781 3169 —
808 3148 864 3180 18.
892 3151 1106 3183 considerari
1131 3159 1219 3183 corr.
1246 3150 1297 3181 P:
1325 3148 1543 3180 considerare
1568 3147 1594 3179 E
1620 3156 1698 3180 cum
1724 3149 1818 3180 ART
1837 3153 1870 3181 et

117 3204 168 3235 pr.
194 3194 234 3226 P.
263 3211 304 3218 —
330 3202 399 3234 quo
424 3193 515 3224 ΛΚΤ
543 3197 576 3225 et
604 3201 692 3225 corr.
719 3193 773 3225 P:
801 3200 832 3227 et
859 3204 925 3236 quo
951 3197 976 3228 Ε
1003 3206 1080 3229 cum
1106 3206 1158 3236 pr.
1185 3198 1225 3228 P.
1257 3211 1291 3216 -
1321 3196 1375 3227 19.
1405 3195 1448 3226 In
1475 3203 1547 3225 om.
1566 3194 1626 3226 AT
1646 3200 1680 3228 et
1698 3204 1750 3235 pr.
1770 3196 1809 3227 P.
1830 3212 1871 3219 —

117 3242 174 3274 22.
203 3241 352 3284 defuisse
377 3240 457 3271 aliis
481 3239 623 3271 PART:
667 3240 747 3271 aliis
773 3241 920 3282 defuisse
946 3244 983 3274 E.
1023 3259 1062 3264 —
1103 3244 1162 3275 24.
1191 3247 1301 3274 cetera
1318 3267 1325 3277 .
1353 3250 1441 3282 quae
1466 3241 1649 3274 Baiterus:
1695 3246 1873 3283 ceteraque

119 3297 170 3328 pr.
187 3287 226 3323 P,
253 3293 432 3327 ceteraque
457 3293 546 3326 quae
569 3285 681 3323 ΛΒΤ,
710 3292 742 3318 et
767 3293 892 3325 cetera,
921 3297 1009 3330 quac
1035 3290 1073 3321 E.
1098 3307 1134 3313 —
1165 3289 1220 3321 31.
1248 3288 1400 3328 faciendi
1425 3288 1682 3319 consideranda
1706 3289 1732 3320 P
1758 3294 1792 3321 et
1818 3297 1869 3328 pr.

118 3335 236 3366 Schol.
266 3333 377 3366 Oud.:
419 3331 581 3372 facienda
606 3336 636 3363 et
663 3334 917 3365 consideranda
943 3336 1076 3367 ARTE.
1112 3353 1149 3358 —
1178 3335 1235 3367 34.
1264 3336 1338 3375 Quo
1367 3335 1433 3366 eric
1456 3334 1486 3365 R
1513 3338 1546 3366 et
1564 3335 1591 3366 B
1617 3335 1867 3367 Lindemannlz

121 3381 198 3422 Quo
225 3384 255 3413 ot
280 3383 343 3414 erit
368 3379 499 3412 PATE.
529 3394 568 3402 —
596 3377 652 3410 38.
680 3378 844 3413 levissime
869 3380 926 3412 PR
942 3405 951 3422 ‚
978 3382 1170 3415 levissimae
1194 3382 1269 3415 ΑΤ.
1297 3399 1339 3406 —
1365 3381 1422 3415 39.
1450 3380 1618 3422 quiddam
1641 3381 1712 3414 PT.
