2117 3762
735 258 831 298 LIB.
864 258 912 300 11.
973 257 1015 298 C.
1047 259 1112 299 30.
1144 257 1209 298 31.
1783 258 1834 299 33

97 367 217 410 ctatio
247 365 386 407 iudicii
417 369 664 406 remoretur.
727 362 902 412 Quintus
931 362 1045 404 locus
1085 370 1164 409 est,
1215 376 1290 418 per
1330 374 1451 416 quem
1491 360 1762 409 ostendimus,
1807 361 1839 402 si

97 429 222 470 semel
253 429 370 470 aliter
400 426 621 469 iudicatum
653 427 722 471 sit,
761 424 910 466 nullam
942 439 1028 466 rem
1060 425 1171 472 fore,
1210 438 1313 480 quae
1344 423 1437 465 huic
1467 422 1726 464 incommodo
1758 437 1841 463 me-

97 490 185 532 deri
228 498 296 532 aut
335 491 553 542 †erratum
588 486 785 528 iudicium
816 487 1026 542 corrigere
1056 487 1198 542 possit.
1260 489 1352 536 Quo
1383 486 1424 527 in
1455 485 1546 527 loco
1576 500 1657 526 non
1688 485 1842 526 incom-

99 552 265 594 modum
297 556 375 594 erit
405 551 462 593 uti
494 557 723 591 ceterarum
755 563 893 590 rerum
925 550 1253 605 comparatione,
1285 555 1329 590 ut
1358 547 1619 590 ostendamus
1650 547 1746 588 alias
1777 561 1842 587 res

98 630 219 671 posse
250 622 318 656 aut
348 620 543 655 vetustate
574 611 708 653 sedari
741 619 808 652 aut
838 613 1009 654 consilio
1049 611 1219 665 corrigi;
1266 610 1386 652 huius
1425 610 1484 652 rei
1524 615 1591 651 aut
1630 608 1871 650 leniendaes

99 686 168 720 aut
197 676 463 732 corrigendae
493 675 643 716 nullam
667 689 754 715 rem
789 674 1052 729 [adiumento]
1085 674 1276 715 suturam.
1336 676 1404 715 [49.
1435 676 1582 714 Sextus
1613 672 1726 713 locus
1758 678 1840 718 est,

100 755 192 782 cum
224 738 474 780 ostendimus
504 752 555 778 ex
587 738 773 779 consulto
803 738 951 778 factum
983 743 1023 778 et
1053 735 1224 777 dicimus
1245 736 1475 777 voluntario
1499 734 1671 776 facinori
1692 734 1844 775 nullam

101 802 429 848 excusationem,
477 800 778 854 imprudentiae
824 800 968 841 iustam
1009 798 1341 854 deprecationem
1384 805 1580 853 paratam.
1644 796 1846 851 Septimus

100 866 214 907 locus
244 870 323 911 est,
355 876 438 918 quo
469 861 721 904 ostendimus
752 868 925 903 taetrum
958 860 1136 909 facinus,
1178 859 1364 907 crudele,
1409 860 1635 907 nefarium,
1669 858 1847 913 tyranni-

101 941 192 968 cum
224 940 336 967 esse:
369 925 478 981 quod
510 939 637 979 genus
670 925 817 966 iniuria
849 923 1067 965 mulierum
1097 929 1167 965 aut
1198 936 1339 967 earum
1372 936 1514 963 rerum
1544 921 1718 977 aliquid,
1751 933 1848 977 qua·
1863 935 1897 959 ιο

100 1003 193 1031 rum
235 1002 376 1029 rerum
413 1001 533 1029 causa
573 987 678 1028 bella
710 987 987 1042 suscipiuntur
1018 993 1057 1027 et
1086 1000 1179 1027 cum
1210 984 1396 1026 hostibus
1428 984 1477 1025 de
1507 988 1586 1026 vita
1619 984 1848 1025 dimicatur.

103 1052 279 1092 Octavus
308 1050 421 1092 locus
453 1057 532 1099 est,
565 1065 647 1106 quo
679 1049 932 1091 ostendimus
962 1063 1044 1090 non
1074 1048 1266 1102 vulgare,
1311 1047 1382 1089 sed
1413 1047 1617 1100 singulare
1648 1061 1735 1088 esse
1766 1059 1851 1087 ma-

100 1112 298 1160 leficium,
339 1126 555 1168 spurcum,
595 1112 820 1159 nefarium,
852 1111 1111 1159 inusitatum,
1143 1125 1226 1166 quo
1257 1110 1456 1152 maturius
1487 1116 1526 1150 et
1556 1109 1733 1150 atrocius
1763 1109 1852 1150 vin-

102 1174 319 1217 dicandum
350 1175 412 1219 sit.
470 1179 608 1217 Nonus
638 1176 752 1217 locus
782 1178 947 1216 constat'
969 1188 1020 1215 ex
1056 1179 1319 1229 peccatorum
1356 1172 1686 1227 comparatione,
1737 1172 1851 1226 quasi

103 1252 196 1280 cum
235 1238 407 1279 dicimus
449 1238 579 1279 maius
618 1251 706 1279 esse
751 1236 996 1279 maleficium
1043 1243 1230 1291 stuprare
1268 1235 1487 1288 ingenuam
1532 1248 1652 1288 quam
1691 1246 1900 1275 sacrum1⁵

103 1300 261 1353 legere;
293 1302 403 1355 quod
433 1307 605 1356 propter
635 1306 857 1353 egestatem
888 1300 1081 1348 alterum,
1113 1298 1286 1339 alterum
1316 1304 1487 1353 propter
1516 1297 1854 1353 intemperantem

104 1362 338 1419 superbiam
368 1361 450 1407 fiat.
508 1365 701 1404 Decimus
731 1363 845 1404 locus
876 1369 956 1410 est,
1002 1376 1077 1417 per
1107 1375 1229 1416 quem
1266 1360 1425 1408 omnia,
1463 1374 1567 1416 quae
1606 1359 1646 1401 in
1688 1360 1855 1414 negotio

106 1425 291 1480 gerundo
333 1432 418 1466 acta
460 1431 552 1466 sunt
593 1439 780 1480 quaeque
811 1439 900 1466 rem
930 1424 1127 1480 consequi
1157 1423 1308 1471 solent,
1356 1436 1611 1478 exponemus
1641 1423 1789 1465 acriter
1819 1429 1858 1465 et

106 1488 326 1530 criminose
357 1494 397 1528 et
427 1486 738 1543 diligenter,.ut
768 1487 831 1541 agi
863 1500 928 1528 res
958 1493 997 1527 et
1019 1486 1108 1540 geri
1129 1485 1341 1539 negotium
1362 1485 1567 1531 videatur,
1601 1498 1740 1526 rerum
1763 1499 1859 1526 con-

107 1549 365 1604 sequentium
397 1549 719 1590 enumeratione.
778 1551 930 1590 xxxi.
963 1552 1027 1592 50.
1057 1548 1343 1591 Misericordia
1380 1547 1710 1591 commovebitur
1746 1547 1859 1589 audi-
1874 1563 1908 1587 20

107 1611 290 1658 toribus,
329 1612 363 1652 si
393 1611 549 1652 variam
580 1611 839 1653 fortunarum
871 1611 1231 1653 commutationem
1262 1611 1466 1662 dicemus;
1513 1611 1547 1652 si
1576 1613 1858 1659 ostendemus,

108 1675 150 1715 in
181 1672 330 1728 quibus
360 1674 589 1715 commodis
626 1673 826 1714 fuerimus
862 1673 1095 1728 quibusque
1136 1673 1410 1716 incommodis
1448 1674 1597 1722 simus,
1647 1687 1862 1728 compara-

109 1739 233 1779 tione.
295 1738 356 1785 Si,
389 1752 492 1792 quae
524 1737 643 1779 nobis
672 1737 808 1779 {utura
840 1736 939 1784 sint,
982 1736 1061 1777 nisi
1091 1750 1254 1778 causam
1286 1735 1607 1784 obtinuerimus,
1649 1750 1863 1779 enumera-

109 1800 244 1842 bimus
275 1806 316 1841 et
345 1804 621 1842 ostendemus.
681 1801 723 1842 Si
754 1797 1079 1853 supplicabimus
1110 1804 1150 1840 et
1178 1812 1253 1840 nos
1283 1797 1359 1840 sub
1390 1812 1557 1845 eorum,
1589 1812 1766 1853 quorum
1788 1799 1862 1840 mi-

110 1862 380 1904 sericordiam
411 1863 686 1917 captabimus,
718 1868 962 1917 potestatem
989 1860 1266 1902 subiiciemus.
1327 1861 1392 1909 Si,
1425 1860 1523 1915 quid
1544 1861 1695 1903 nostris
1717 1875 1863 1915 paren-
1877 1874 1911 1898 25

110 1924 241 1972 tibus,
273 1924 438 1975 liberis,
471 1927 619 1967 ceteris
649 1924 892 1967 necessariis
923 1938 1113 1966 casurum
1145 1923 1196 1964 sit
1225 1930 1398 1977 propter
1418 1930 1578 1965 nostras
1600 1923 1860 1972 calamitates,

112 1988 348 2041 aperiemus
378 1995 419 2030 et
447 1988 569 2030 simul
599 1987 863 2030 ostendemus
893 1987 1059 2029 illorum
1094 1999 1169 2027 nos
1209 1985 1429 2027 solitudine
1468 1991 1508 2027 et
1545 1986 1732 2034 miseria,
1782 2001 1865 2028 non

112 2049 264 2091 nostris
293 2049 567 2092 incommodis
604 2050 761 2092 dolere.
820 2050 862 2092 Si
900 2049 951 2091 de
988 2047 1222 2096 clementia,
1267 2047 1534 2096 humanitate,
1584 2048 1866 2090 misericordia

112 2117 273 2160 nostra,
315 2126 395 2167 qua
425 2113 467 2154 in
498 2113 599 2155 alios
635 2113 699 2155 usi
736 2126 898 2160 sumus,
941 2112 1189 2166 aperiemus.
1249 2110 1291 2151 Si
1321 2124 1396 2152 nos
1426 2124 1593 2164 semper
1622 2117 1690 2152 aut
1721 2110 1792 2152 diu
1821 2110 1863 2151 in

115 2173 232 2215 malis
262 2173 388 2216 fuisse
418 2175 695 2218 ostendemus.
756 2175 798 2216 Si
828 2180 1013 2216 nostrum
1051 2173 1178 2214 satum
1212 2179 1281 2215 aut
1309 2172 1514 2214 fortunam
1547 2187 1865 2228 conqueremur.
1882 2189 1914 2214 ³0

116 2236 159 2277 Si
189 2235 369 2278 animum
400 2245 588 2280 nostrum
618 2238 792 2286 sortem,
823 2237 1047 2291 patientem
1077 2236 1439 2278 incommodorum
1471 2235 1732 2277 ostendemus
1762 2235 1869 2277 futu-

115 2312 222 2341 rum.
281 2300 692 2342 Commiserationem
723 2303 893 2342 brevem
925 2313 1015 2341 esse
1046 2303 1223 2353 oportet.
1283 2298 1390 2340 Nihil
1421 2298 1531 2340 enim
1561 2298 1730 2340 lacrima
1750 2297 1868 2340 citius

116 2361 275 2406 arescit.

227 2427 331 2466 Fere
371 2424 485 2467 locos
520 2424 837 2467 obscurissimos
866 2426 990 2466 totins
1032 2421 1193 2465 artificii
1234 2422 1495 2465 tractavimus
1540 2422 1582 2464 in
1622 2425 1701 2465 hoc
1736 2422 1866 2473 libr0;

119 2493 378 2542 quapropter
407 2487 504 2529 huic
532 2487 733 2530 volumini
763 2487 911 2529 modus
941 2486 1006 2528 hic
1034 2485 1099 2530 sit.
1157 2485 1348 2540 Reliquas
1369 2486 1699 2540 praeceptiones,
1733 2488 1866 2540 quoad
1883 2499 1915 2526 ³5

118 2549 345 2599 videbitur,
388 2550 429 2592 in
459 2550 626 2592 tertium
658 2551 810 2593 librum
840 2548 1148 2593 transferemus.
1203 2550 1313 2590 Ilaec
1343 2548 1396 2596 si,
1442 2554 1487 2590 ut
1516 2548 1743 2602 conquisito
1773 2562 1869 2589 con-

120 2612 381 2666 scripsimus,
421 2612 478 2654 ita
508 2619 552 2655 tu
581 2613 798 2667 diligenter
826 2612 954 2654 fueris
984 2616 1245 2658 consecutus,
1284 2615 1324 2652 et
1352 2624 1427 2652 nos
1457 2602 1868 2652 industriae'fructus

121 2688 175 2716 ex
215 2680 301 2732 tua·
324 2675 492 2717 scientia
529 2676 740 2730 capiemus
777 2683 817 2717 et
853 2682 937 2717 tute
976 2680 1159 2716 nostram
1199 2673 1453 2727 diligentiam
1492 2673 1675 2714 laudabis
1719 2679 1869 2726 tuaque

122 2736 391 2791 perceptione
419 2737 649 2790 laetabere3
693 2745 738 2781 tu
767 2739 964 2781 scientior
994 2742 1075 2781 eris
1106 2744 1424 2796 praeceptorum
1455 2736 1646 2783 artificio,
1686 2748 1760 2775 nos
1791 2733 1871 2774 ala-

216 2871 249 2901 1.
276 2876 471 2903 remoratur
495 2872 686 2905 PABFRT.
715 2888 759 2896 -
785 2874 999 2906 ostendemus
1022 2873 1153 2905 PAF'I'.
1183 2888 1221 2894 —
1249 2870 1283 2902 3.
1311 2871 1355 2903 Ut
1374 2872 1429 2903 liic
1450 2871 1581 2901 editum
1602 2873 1664 2906 est,
1688 2877 1726 2900 ex
1745 2869 1870 2899 nostris

126 2916 219 2948 solus
246 2917 349 2950 habet
374 2926 462 2950 corr.
482 2919 530 2957 F;
575 2922 679 2952 ceteri
709 2921 959 2954 incredibiliter
985 2920 1145 2958 turbant,
1186 2920 1230 2950 ita
1258 2923 1394 2955 tamen,
1435 2922 1490 2953 nt,
1518 2925 1594 2947 cum
1622 2915 1680 2946 AR
1708 2919 1741 2946 et
1768 2923 1818 2953 pr.
1845 2913 1870 2945 F

126 2964 310 2996 exhibeant
332 2973 536 3005 perperam,
564 2967 592 2998 T
614 2976 815 3008 perperam,
844 2968 1027 3009 legendum
1052 2968 1210 2999 videatur
1235 2971 1296 2997 aut
1315 2973 1497 3005 perperam
1514 2962 1708 2993 iudicatum
1733 2960 1784 2992 vel
1811 2964 1874 2991 aut

123 3019 306 3051 perperam
329 3012 459 3051 sactum
481 3014 658 3044 iudicium.
689 3030 728 3036 -
754 3015 787 3046 6.
815 3015 1017 3046 adiumento
1045 3014 1152 3045 Codd.
1174 3014 1266 3046 noti:
1294 3012 1434 3044 seclusit
1452 3010 1499 3048 E,
1527 3010 1653 3041 delevit
1672 3007 1753 3039 Scb.
1779 3007 1872 3045 (huic

126 3058 179 3087 rei
204 3057 339 3090 volebat
364 3057 422 3095 L.)
449 3074 488 3080 —
514 3060 548 3090 7.
577 3061 782 3091 ostendimus
806 3062 949 3093 ABR'l':
978 3061 1191 3092 ostendemus
1215 3058 1310 3089 PFE.
1334 3071 1377 3080 --
1411 3064 1478 3088 esse
1507 3055 1662 3087 consulto
1688 3062 1762 3086 cum
1784 3054 1870 3085 Cod-

126 3102 218 3135 Pitii.
245 3104 390 3140 Graev-.
419 3113 462 3135 ex
487 3106 630 3137 consilio
657 3109 794 3139 volebat
818 3108 856 3138 L.
887 3124 926 3130 —
954 3108 1098 3139 dicimus
1121 3105 1294 3137 PABRT:
1322 3105 1469 3135 dicemus
1495 3102 1562 3134 FE.
1592 3119 1628 3125 —
1673 3101 1706 3133 8.
1735 3109 1873 3132 excusa-

129 3151 258 3182 tionem
283 3159 350 3182 esse
376 3150 416 3181 T.
448 3166 481 3171 —
509 3153 542 3184 9.
571 3154 780 3184 ostendimus
805 3154 946 3194 ABRT:
976 3154 1185 3185 ostendemus
1209 3151 1303 3181 PFE.
1330 3167 1369 3171 —
1402 3149 1452 3181 12.
1482 3149 1694 3180 ostendemus
1719 3147 1870 3178 PAR—

130 3196 187 3228 14.
216 3197 312 3228 locus
336 3200 403 3232 est,
444 3198 502 3238 qui
528 3202 661 3230 constat
690 3208 732 3231 ex
758 3200 835 3238 BR,
875 3201 969 3232 locus
996 3203 1044 3231 est
1070 3208 1111 3230 ex
1135 3198 1176 3229 T.
1228 3197 1269 3227 Ut
1303 3205 1383 3230 nos,
1422 3196 1521 3227 PAF.
1557 3213 1591 3218 —
1638 3195 1694 3226 15.
1728 3194 1872 3224 dicimus

129 3243 274 3275 ABRT:
313 3244 462 3275 dicemus
498 3243 593 3276 PFE.
647 3260 680 3266 —
731 3247 786 3278 16.
815 3247 962 3278 alterum
997 3250 1142 3287 propter
1180 3248 1385 3285 eyestatem,
1422 3243 1571 3274 alterum
1602 3239 1791 3273 PABFRT.
1833 3256 1868 3262 —

130 3291 358 3330 imperantem
383 3291 485 3322 PAT.
514 3307 554 3313 —
581 3291 637 3322 20.
663 3293 882 3324 auditoribus
908 3292 1104 3324 PAian'r:
1135 3290 1305 3321 auditoris
1330 3290 1466 3320 animus
1493 3289 1531 3320 E.
1561 3304 1600 3311 —-
1632 3288 1689 3320 21.
1716 3287 1870 3319 dicimus.

132 3337 162 3369 si
186 3337 393 3369 ostendimus
419 3337 459 3369 T.
489 3353 528 3362 --
555 3337 611 3369 22.
637 3339 765 3381 suimus
790 3339 953 3371 ABFRT.
981 3355 1023 3364 —
1046 3338 1104 3371 27.
1129 3336 1357 3369 sollicitudine
1382 3334 1549 3376 PBFRr,
1576 3335 1618 3368 L.

209 3408 302 3436 cicero
321 3407 350 3435 T.
370 3409 392 3440 Ι,
1368 3408 1393 3449 3
