2117 3762
250 201 331 242 490
778 193 1078 237 ORATORIAE
1108 194 1457 238 PARTITIONES

250 303 480 347 temnendis
509 302 732 346 honoribus
763 306 802 343 et
831 299 1121 342 liberalitatem
1151 299 1297 343 effusio
1331 307 1371 344 et
1400 301 1685 346 fortitudinem
1705 304 1876 347 audacia
1896 306 1990 348 imi-

249 374 359 410 tatur
389 373 429 409 et
457 366 692 422 patientiam
731 363 880 404 duritia
919 361 1108 403 immanis
1139 368 1178 404 et
1206 362 1401 407 iustitiam
1433 367 1638 407 acerbitas
1670 372 1711 408 et
1739 367 1989 422 religionem

248 429 484 486 superstitio
517 434 555 468 et
583 426 792 468 lenitatem
822 424 994 466 mollitia
1034 424 1158 466 animi
1190 431 1231 466 et
1259 428 1548 470 verecundiam
1587 428 1781 470 timiditas
1813 435 1853 470 et
1881 429 1991 472 illam

249 491 482 547 disputandi
520 487 779 544 prudentiam
818 488 1072 528 concertatio
1111 487 1370 543 captatioque
1400 493 1624 533 verborum
1655 497 1694 533 et
1722 494 1828 533 hanc
1857 498 1993 534 orato-

219 556 349 598 sriam
380 556 460 596 vim
489 551 619 593 inanis
649 549 848 606 quaedam
873 548 1120 604 profluentia
1138 550 1350 606 loquendi.
1410 553 1562 594 Studiis
1585 559 1720 595 autem
1742 553 1860 596 bonis
1881 554 1993 596 simi-

247 619 301 660 lia
331 617 519 659 videntur
550 628 622 662 ea,
669 627 774 669 quae
814 618 906 653 sunt
944 613 985 652 in
1023 611 1168 653 eodem
1209 626 1362 667 genere
1399 615 1536 656 nimia.
1595 618 1663 658 82.
1713 616 1992 667 Quamobrem

248 681 378 722 omnis
408 678 467 719 vis
497 674 689 718 laudandi
718 673 1060 730 vituperandique
1093 688 1146 716 ex
1175 673 1237 716 his
1269 681 1457 718 sumetur
1485 679 1682 720 virtutum
1712 681 1993 735 vitiorumque

246 740 448 798 partibus;
479 741 552 781 sed
580 739 622 780 in
653 744 742 779 toto
773 738 889 792 quasi
919 742 1118 779 contextu
1148 737 1345 779 orationis
1374 740 1477 779 haec
1508 747 1628 781 eruut
1649 741 1887 783 illustranda
1907 756 1994 784 ma-

245 805 378 852 xime,
403 803 747 858 quemadmodum
770 800 942 856 quisquc
962 804 1203 853 generatuS,
1225 799 1576 856 quemadmodum
1600 802 1794 846 educatus
1809 836 1818 852 ‚
1849 819 1995 861 quem-

196 879 231 904 10
246 867 465 907 admodum
503 863 711 905 institutus
749 868 1014 918 moratusque
1053 861 1203 913 suerit3
1256 869 1323 912 et,
1371 863 1404 904 si
1446 864 1545 919 quid
1588 865 1654 906 cui
1693 880 1886 921 magnum
1926 873 1995 910 aut

244 925 484 970 incredibile
514 924 729 973 acciderit,
761 924 1021 980 maximeque
1051 924 1086 966 si
1124 925 1167 967 id
1197 925 1392 968 divinitus
1419 927 1616 968 accidisse
1636 928 1821 983 potuerit
1840 928 1991 980 videri;

243 995 328 1031 tum
366 987 476 1045 quod
515 990 689 1043 quisque
728 987 922 1035 senserit,
970 987 1147 1037 dixerit,
1200 988 1393 1042 gesserit,
1439 988 1490 1030 ad
1522 1003 1594 1038 ea,
1643 1003 1747 1045 quae
1776 991 1995 1045 proposita

243 1057 354 1100 sunt,
400 1053 595 1093 virtutum
629 1064 781 1105 genera
810 1053 1257 1100 accommodabuntur,
1306 1064 1358 1092 ex
1388 1049 1551 1106 illisque
1583 1051 1728 1093 iisdem
1757 1053 1996 1096 inveniendi

242 1115 344 1157 locis
375 1127 521 1156 causae
551 1128 692 1156 rerum
724 1119 764 1155 et
793 1119 961 1155 eventus
993 1119 1033 1155 et
1062 1113 1358 1169 consequentia
1387 1114 1666 1170 requirentur.
1727 1117 1871 1171 Neque
1895 1130 1992 1158 vero

193 1190 227 1216 15
242 1192 355 1220 mors
397 1191 566 1225 eorum,
617 1190 792 1232 quorum
829 1177 912 1218 vita
949 1175 1210 1225 laudabitur,
1260 1176 1425 1217 silentio
1464 1177 1680 1232 praeteriri
1719 1176 1912 1228 debebit,
1961 1179 1995 1220 si

241 1243 366 1283 modo
407 1242 506 1296 quid
543 1239 623 1281 erit
660 1238 1068 1281 animadvertendum
1108 1244 1177 1281 aut
1212 1238 1255 1280 in
1285 1238 1376 1295 ipso
1408 1252 1560 1294 genere
1592 1239 1739 1281 mortis
1769 1246 1838 1283 aut
1867 1240 1910 1282 in
1939 1242 1991 1282 iis

240 1305 388 1352 rebus,
422 1315 527 1358 quae
556 1307 651 1355 post
680 1306 857 1342 mortem
887 1306 1008 1342 erunt
1038 1307 1298 1346 consecutae.

351 1367 498 1409 XXIV.
529 1366 596 1406 83.
648 1366 691 1406 C.
724 1366 766 1406 F.
798 1365 947 1419 Accepi
975 1363 1053 1405 ista
1082 1363 1290 1420 didicique
1319 1363 1524 1414 breviter,
1559 1378 1644 1406 non
1673 1363 1808 1407 solum
1850 1379 1995 1422 quem-

243 1427 463 1470 admodum
503 1427 714 1469 laudarem
752 1426 946 1474 alterum,
1009 1429 1081 1468 sed
1129 1429 1250 1469 etiam
1303 1427 1652 1483 quemadmodum
1703 1427 1903 1477 eniterer,
1948 1434 1996 1472 ut

193 1503 227 1528 ²0
241 1505 402 1547 possem
432 1490 520 1545 ipse
549 1491 639 1532 iure
664 1489 834 1531 laudari.
894 1488 1116 1532 Videamus
1137 1490 1263 1544 igitur
1284 1490 1498 1545 deinceps,
1529 1490 1572 1532 in
1592 1490 1799 1532 sententia
1821 1491 1995 1533 dicenda

241 1568 362 1609 quam
393 1552 501 1594 viam
533 1558 570 1594 et
601 1566 705 1608 quae
737 1558 954 1608 praecepta
984 1558 1211 1595 teneamus.
1274 1553 1316 1594 C.
1339 1554 1383 1598 P,
1414 1556 1486 1594 Est
1512 1552 1638 1607 igitur
1658 1554 1700 1593 in
1723 1552 1994 1596 deliberando

240 1617 330 1658 finis
360 1615 533 1664 utilitas,
576 1615 627 1657 ad
657 1630 780 1671 quem
812 1615 947 1657 omnia
977 1615 1034 1657 ita
1064 1615 1302 1658 referuntur
1330 1617 1372 1656 in
1404 1615 1574 1656 consilio
1609 1617 1745 1657 dando
1776 1618 1997 1658 sententia-

241 1694 321 1735 que
352 1679 546 1727 dicenda,
577 1684 622 1720 ut
650 1678 718 1720 illa
750 1680 880 1734 prima
913 1681 993 1720 sint
1022 1679 1184 1720 suasori
1214 1684 1285 1720 aut
1315 1677 1541 1720 dissuasori
1571 1677 1767 1727 videnda,
1799 1678 1897 1734 quid
1929 1684 1998 1721 aut

240 1744 372 1797 possit
414 1741 502 1783 fieri
547 1746 619 1782 aut
663 1755 744 1783 non
786 1740 916 1795 possit
956 1747 996 1782 et
1037 1741 1136 1796 quid
1174 1747 1243 1783 aut
1278 1755 1448 1783 necesse
1487 1742 1540 1782 sit
1576 1746 1646 1782 aut
1689 1754 1772 1782 non
1812 1755 1995 1787 necesse.

191 1814 225 1840 2⁵
241 1808 343 1846 Nam
374 1809 434 1853 et,
468 1805 501 1845 si
532 1803 631 1859 quid
662 1803 767 1845 effici
797 1818 881 1846 non
912 1809 1073 1858 potest,
1107 1803 1349 1846 deliberatio
1372 1803 1555 1853 tollitur,
1589 1805 1775 1859 quamvis
1797 1804 1900 1846 utile
1920 1806 1997 1856 sit;

243 1873 306 1917 et,
339 1867 373 1909 si
411 1868 508 1922 quid
537 1880 706 1908 necesse
737 1872 867 1908 est—
897 1881 1067 1909 necesse
1099 1873 1235 1909 autem
1264 1868 1306 1908 id
1337 1871 1421 1916 est,
1454 1868 1543 1908 sine
1574 1881 1655 1921 quo
1687 1866 1790 1908 salvi
1820 1866 1996 1910 liberive

245 1945 335 1973 esse
365 1944 449 1972 non
478 1943 699 1984 possumus
718 1954 794 1979 —‚
827 1930 869 1972 id
891 1936 952 1972 est
972 1930 1142 1987 reliquis
1164 1937 1204 1972 et
1233 1931 1519 1972 honestatibus
1549 1930 1591 1971 in
1621 1929 1731 1971 civili
1760 1931 1923 1971 ratione
1956 1935 1997 1972 et

244 1992 470 2035 commodis
501 1992 851 2047 anteponendum.
913 1995 981 2035 84.
1026 1995 1126 2036 Cum
1157 1998 1294 2035 autem
1326 1993 1566 2048 quaeritur,
1597 1993 1695 2048 quid
1727 1990 1817 2033 fieri
1846 1992 1993 2048 possit,

241 2056 465 2096 videndum
504 2056 625 2096 etiam
664 2061 748 2105 est,
801 2069 923 2111 quam
952 2057 1073 2097 facile
1103 2057 1251 2109 possit.
1313 2058 1415 2097 Nam
1448 2069 1553 2110 quae
1583 2053 1845 2110 perdifficilia
1875 2060 1993 2105 sunt,

194 2129 228 2154 ³0
242 2119 410 2173 perinde
440 2116 626 2160 habenda
657 2132 781 2173 saepe
812 2125 931 2168 sunt,
964 2133 1011 2160 ac
1042 2120 1076 2160 si
1106 2118 1212 2160 effici
1243 2133 1327 2161 non
1356 2120 1531 2172 possint.
1592 2120 1758 2160 Etcum
1780 2120 1831 2159 de
1853 2132 1997 2160 neces-

242 2182 359 2221 sitate
399 2179 679 2231 attendemus,
727 2182 804 2223 etsi
843 2180 1000 2236 aliquid
1042 2195 1125 2223 non
1165 2183 1447 2223 necessarium
1485 2180 1716 2230 videbitur,
1765 2179 1994 2223 videndum

241 2248 378 2284 tamen
408 2244 504 2291 erit,
536 2258 657 2298 quam
688 2245 740 2285 sit
768 2257 977 2299 magnum.
1040 2245 1162 2294 Quod
1194 2245 1304 2287 enim
1334 2244 1550 2299 permagni
1580 2245 1780 2292 interest,
1817 2256 1895 2297 pro
1927 2257 1998 2286 ne-

242 2307 419 2348 cessario
450 2320 573 2360 saepe
602 2309 792 2348 habetur.
852 2308 921 2348 85.
955 2308 1099 2362 Itaque
1130 2320 1223 2348 cum
1254 2313 1415 2349 constet
1444 2309 1523 2349 hoc
1553 2320 1682 2362 genus
1703 2321 1923 2349 causarum
1945 2321 1998 2348 ex

243 2369 432 2411 suasione
464 2375 503 2411 et
532 2369 816 2420 dissuasione,
849 2369 1011 2411 suasori
1041 2372 1288 2425 proponitur
1318 2371 1492 2425 simplex
1521 2371 1653 2410 ratio:
1687 2370 1722 2410 si
1754 2375 1795 2411 et
1814 2369 1914 2411 utile
1936 2374 1998 2411 est

193 2447 227 2472 3⁵
244 2438 283 2473 et
312 2430 402 2473 fieri
431 2438 582 2487 potest,
613 2432 697 2474 fiat.
758 2434 992 2474 Dissuasori
1025 2432 1200 2488 duplex:
1247 2447 1351 2481 una,
1393 2434 1427 2474 si
1458 2446 1541 2473 non
1571 2433 1674 2473 utile
1706 2436 1788 2480 est,
1821 2446 1873 2473 ne
1903 2431 1995 2484 fiat3

243 2497 390 2543 altera,
421 2497 454 2537 si
476 2494 565 2536 fieri
588 2509 671 2536 non
700 2501 860 2550 potest,
893 2510 945 2536 ne
976 2495 1238 2549 suscipiatur.
1301 2497 1367 2537 Sic
1400 2495 1561 2536 suasori
1591 2500 1814 2550 utrumque
1844 2495 1996 2536 docen-

244 2560 340 2599 dum
370 2563 454 2607 est,
502 2558 724 2600 dissuasori
756 2560 932 2600 alterum
963 2557 1174 2600 infirmare
1205 2563 1266 2600 sat
1297 2563 1372 2600 est.
1434 2559 1502 2599 86.
1551 2558 1689 2607 Quare
1728 2557 1924 2611 quoniam
1953 2557 1997 2598 in

243 2620 306 2661 his
334 2626 522 2662 versatur
552 2635 673 2662 omne
704 2621 922 2663 consilium
953 2621 1137 2669 duobus,
1170 2624 1221 2663 de
1252 2621 1425 2663 utilitate
1455 2626 1551 2661 ante
1581 2621 1791 2668 dicamus,
1826 2619 1997 2676 quaein

246 2683 523 2724 discernendis
554 2685 673 2725 bonis
704 2684 902 2739 malisque
934 2690 1136 2726 versatur.
1194 2688 1404 2726 Bonorum
1432 2690 1568 2725 autem
1588 2684 1738 2737 partim
1759 2683 1993 2724 necessaria

198 2751 358 2793 wsunt,
399 2751 445 2786 ut
473 2747 580 2795 vita,
620 2747 834 2802 pudicitia,
876 2747 1069 2796 libertas,
1102 2752 1148 2788 ut
1177 2748 1320 2794 liberi,
1353 2746 1571 2801 coniuges,
1604 2746 1812 2800 germani,
1844 2759 1995 2800 paren-

246 2811 325 2848 tes:
356 2807 503 2862 partim
533 2823 615 2850 non
646 2810 898 2860 necessaria3
939 2824 1118 2867 quorum
1147 2810 1225 2852 alia
1255 2815 1350 2852 sunt
1377 2823 1452 2866 per
1481 2823 1525 2850 se
1556 2807 1810 2864 expetenda,
1841 2813 1888 2850 ut
1917 2822 1991 2855 ea,

338 2963 370 2994 3.
396 2964 555 2996 mollities
579 2973 751 3003 supet-ser.
780 2974 802 2997 a
826 2966 868 2997 R.
897 2982 940 2989 —
963 2966 996 2997 4.
1025 2968 1206 3008 captioque
1230 2967 1271 2999 V.
1299 2984 1342 2988 ——
1369 2967 1404 2998 7.
1431 2970 1463 2998 et
1485 2966 1711 3004 vituperandi
1729 2966 1769 2998 V.
1798 2983 1836 2989 -
1866 2966 1900 2998 9.
1929 2965 1993 3000 Vv.

251 3010 536 3050 quemadmodum
562 3012 727 3043 educatus
751 3021 817 3044 om.
847 3013 885 3043 B.
917 3013 1054 3045 Habent
1080 3014 1150 3045 RV.
1192 3029 1226 3036 -
1270 3015 1325 3045 11.
1354 3013 1508 3045 accidere
1534 3013 1607 3046 RV.
1649 3028 1687 3035 —
1728 3014 1857 3052 poterit
1883 3013 1925 3045 R.
1952 3027 1994 3034 -

250 3056 306 3087 13.
332 3054 423 3095 sunt]
452 3056 576 3095 fuerint
603 3058 644 3089 R.
678 3076 714 3081 —
743 3060 798 3090 21.
828 3058 900 3098 Est]
922 3059 974 3090 Sit
996 3061 1061 3091 Ed.
1081 3061 1167 3092 Ven.
1199 3078 1234 3083 —
1264 3060 1321 3092 27.
1351 3060 1412 3093 Vv.
1440 3062 1478 3090 in
1503 3061 1595 3091 civili
1619 3059 1760 3091 ratione
1787 3068 1856 3091 om.
1884 3060 1925 3092 Y.
1954 3076 1994 3082 —

251 3101 308 3133 28.
337 3108 519 3141 quaeretur
544 3104 584 3135 V.
615 3120 653 3127 —
681 3105 737 3136 31.
766 3107 902 3138 etiamsi
929 3106 994 3139 Gu.
1023 3107 1063 3137 V.
1096 3123 1130 3128 —
1160 3107 1218 3138 32.
1243 3109 1287 3139 stt
1313 3108 1348 3138 id
1372 3117 1538 3148 maynum
1558 3107 1597 3138 V.
1626 3122 1667 3129 -
1692 3115 1923 3148 permaynum
1948 3109 1997 3138 est

253 3147 320 3179 Gu.
350 3149 413 3179 Ed.
442 3150 525 3181 Ven.
554 3151 750 3184 Schutzius.
802 3152 859 3192 (Ut
883 3161 944 3185 nos
962 3176 970 3189 ,
1008 3151 1126 3193 YRV.)
1166 3170 1203 3175 —
1244 3153 1299 3186 35.
1326 3155 1410 3185 utile
1434 3163 1505 3185 non
1529 3154 1721 3186 Schritzius.
1762 3170 1798 3178 -
1839 3151 1897 3184 37.
1925 3152 1997 3184 dis-

249 3196 412 3234 suasori,
451 3197 481 3226 st
505 3197 651 3228 alterum
674 3199 831 3240 infirmat
859 3200 886 3231 R
905 3222 912 3235 ,
955 3200 1168 3237 dissuasori,
1212 3201 1245 3231 si
1270 3201 1418 3232 alterum
1442 3201 1632 3243 infirmarit
1658 3199 1699 3232 V.
1726 3216 1770 3221 —
1808 3199 1866 3231 40.
1896 3200 1992 3231 luter

249 3242 346 3319 υἷια,
370 3241 543 3281 pudicicia
569 3244 722 3321 laganam
749 3246 852 3279 habet
877 3246 917 3278 Y.
944 3246 1039 3278 Fort.
1065 3256 1120 3280 vv·
1144 3249 1194 3280 sic
1217 3247 1500 3288 transponenda:
1523 3248 1658 3287 partim
1685 3255 1756 3279 mm
1780 3246 1990 3284 necessaria,

249 3297 272 3320 u
312 3303 326 3310 -
351 3304 364 3311 ·
384 3293 561 3330 parentes.
621 3298 655 3322 n.
