2117 3762
255 253 333 294 190
954 250 1023 290 DE
1055 249 1302 292 ORATORE

364 361 432 400 96.
480 360 571 399 Hoc
611 356 704 398 loco
745 353 973 408 Sulpicius,
1024 355 1257 407 Insperanti
1297 356 1421 405 mihi,
1472 354 1629 411 inquit,
1681 361 1722 398 et
1758 356 1902 399 Cottae
1933 356 2008 400 sed

252 422 371 462 valde
403 420 559 474 optanti
588 420 753 472 utrique
782 418 972 457 nostrum
1004 418 1175 465 cecidit,
1222 423 1268 459 ut
1297 419 1339 460 in
1371 421 1493 460 istum
1526 432 1786 468 sermonem,
1838 422 2003 470 Crasse,

253 483 564 525 delaberemini.
625 479 752 521 Nobis
785 480 892 519 enim
926 480 1005 518 huc
1036 478 1299 522 venientibus
1334 480 1558 523 iucundum
1592 481 1688 523 satis
1718 481 1810 524 fore
1840 483 2008 525 videba-

252 552 342 595 tur,
389 547 443 593 si,
495 559 587 585 cum
626 556 699 583 vos
740 540 790 582 de
828 543 954 583 rebus
995 540 1086 582 aliis
1126 540 1427 596 loqueremini,
1482 549 1620 584 tamen
1659 557 1735 585 nos
1767 544 1923 599 aliquid
1955 561 2007 588 ex

222 620 442 650 ⁵sermone
472 611 610 648 vestro
640 603 840 644 memoria
871 602 1041 657 dignum
1072 604 1263 658 excipere
1293 618 1531 660 possemu53
1565 612 1610 647 ut
1640 620 1743 648 vero
1773 609 1936 662 penitus
1966 611 2007 649 in

252 684 340 712 eam
371 671 500 723 ipsam
533 667 654 708 totius
686 666 807 707 huius
837 666 903 708 vel
934 667 1058 708 studii
1089 665 1154 708 vel
1185 665 1345 706 artificii
1366 668 1433 709 vel
1456 668 1660 710 facultatis
1684 669 2005 724 disputationem

249 747 380 789 paene
419 731 605 771 intimam
645 728 944 782 perveniretis,
991 729 1063 770 vix
1093 730 1317 783 optandum
1353 730 1473 771 nobis
1512 730 1744 772 videbatur.
1807 734 1875 773 97.
1919 734 2006 785 Ego

251 795 382 842 enim,
431 792 502 847 qui
542 790 592 832 ab
631 791 799 832 ineunte
830 797 960 833 aetate
991 793 1183 832 incensus
1215 805 1347 832 essem
1379 792 1514 834 studio
1544 796 1760 851 utriusque
1792 796 2002 843 vestrum,

251 855 383 899 Crassi
414 868 514 896 vero
547 855 670 895 etiam
703 868 869 902 amore,
917 868 1009 896 cum
1040 853 1091 895 ab
1124 868 1174 896 eo
1205 868 1407 909 nusquam
1441 854 1717 906 discederem,
1750 855 1924 898 verbum
1955 869 2008 897 ex

200 932 235 957 ιο
250 933 299 960 eo
330 931 541 972 nunquam
573 916 724 958 elicere
754 917 871 972 potui
903 920 954 959 de
987 919 1051 959 via
1083 931 1129 959 ac
1161 918 1320 958 ratione
1354 916 1536 967 dicendi,
1570 934 1661 961 cum
1694 925 1733 961 et
1758 934 1834 974 per
1855 922 2008 961 memet

248 981 383 1034 ipsum
415 979 590 1033 egissem
622 984 664 1020 et
692 993 769 1035 per
799 982 978 1021 Drusum
1013 993 1136 1035 saepe
1168 985 1412 1029 tentassem3
1447 994 1529 1034 quo
1562 981 1603 1022 in
1634 997 1787 1037 genere
1818 989 1887 1032 tu,
1926 984 2009 1024 An-

247 1043 359 1092 toni,
414 1046 529 1093 (vere
566 1044 730 1098 loquar)
776 1057 990 1097 nunquam
1028 1042 1130 1084 mihi
1170 1044 1427 1098 percontanti
1466 1049 1536 1084 aut
1575 1047 1790 1100 quaerenti
1828 1045 2005 1101 aliquid,

248 1105 413 1147 defuisti
443 1111 484 1147 et
513 1118 716 1160 persaepe
746 1119 837 1155 me,
886 1120 993 1160 quae
1034 1107 1192 1157 soleres
1235 1105 1277 1146 in
1308 1104 1484 1147 dicendo
1515 1108 1762 1157 ohservare,
1809 1106 2003 1151 docuisti.

246 1170 314 1210 98.
357 1170 474 1209 Nunc
519 1167 714 1222 quoniam
759 1174 934 1224 uterque
977 1171 1160 1211 vestriim
1206 1168 1400 1223 patefecit
1447 1183 1590 1210 earum
1636 1172 1821 1224 ipsarum
1866 1183 2008 1212 rerum

198 1242 230 1268 1⁵
247 1232 420 1278 aditum,
471 1244 572 1286 quas
614 1230 875 1286 quaerimus,
930 1237 971 1272 et
1007 1231 1204 1287 quoniam
1245 1232 1437 1286 princeps
1480 1232 1651 1272 Crassus
1684 1233 1772 1275 eius
1803 1232 2007 1275 sermonis

247 1293 436 1336 ordiendi
466 1293 565 1342 fuit,
614 1295 706 1334 date
737 1294 858 1335 nobis
888 1296 993 1335 hanc
1023 1294 1212 1342 veniam,
1260 1299 1305 1334 ut
1336 1307 1409 1342 ea,
1460 1308 1566 1348 quae
1608 1297 1767 1336 sentitis
1809 1297 1863 1337 de
1895 1294 2008 1337 omni

246 1371 397 1412 genere
437 1355 626 1405 dicendi,
674 1356 880 1398 subtiliter
917 1356 1242 1412 persequamini.
1305 1357 1428 1405 Quod
1459 1356 1626 1412 quidem
1659 1357 1692 1398 si
1724 1358 1803 1399 erit
1833 1372 1857 1399 a
1884 1356 2007 1400 vobis

244 1420 531 1475 impetratum,
563 1433 754 1473 magnam
785 1421 972 1468 habebo,
1009 1422 1172 1467 Crasse,
1205 1418 1299 1459 huic
1329 1418 1560 1474 palaestrae
1593 1426 1633 1461 et
1663 1422 1897 1462 Tusculano
1929 1426 2000 1461 tuo

246 1483 419 1537 gratiam
450 1488 490 1523 et
519 1483 643 1535 longe
673 1483 920 1523 Academiae
952 1482 1010 1523 illi
1042 1495 1088 1523 ac
1119 1481 1246 1536 Lycio
1281 1486 1396 1523 tuum
1427 1481 1505 1523 hoc
1532 1481 1815 1524 suburbanum
1837 1496 2008 1540 gymna-

194 1547 351 1587 20sium
381 1550 646 1600 anteponam.
708 1546 842 1585 XXII.
878 1546 944 1585 99.
990 1547 1094 1586 Tum
1132 1544 1226 1593 ille,
1279 1546 1411 1585 Immo
1449 1558 1576 1594 vero,
1624 1544 1779 1600 inquit,
1827 1544 2005 1599 Sulpici,

245 1622 440 1663 rogemus
482 1609 732 1656 Antonium,
777 1608 847 1663 qui
894 1612 934 1648 et
978 1612 1116 1661 potest
1160 1608 1322 1657 facere,
1370 1607 1482 1662 quod
1523 1608 1725 1663 requiris,
1767 1612 1807 1649 et
1836 1620 2009 1649 consue—

243 1672 324 1721 vit,
372 1676 417 1712 ut
456 1676 496 1712 te
527 1670 650 1712 audio
684 1672 836 1712 dicere.
895 1672 998 1710 Nam
1032 1684 1098 1711 me
1130 1670 1297 1725 quidem
1329 1669 1465 1712 fateor
1497 1685 1661 1726 semper
1690 1685 1714 1711 a
1744 1683 1896 1725 genere
1927 1672 2008 1711 hoc

243 1739 331 1776 toto
364 1735 568 1775 sermonis
598 1732 801 1788 refugisse
833 1737 874 1774 et
903 1734 978 1774 tibi
1010 1732 1193 1788 cupienti
1223 1738 1346 1788 atque
1368 1733 1534 1774 instanti
1556 1733 1795 1789 saepissime
1817 1746 2006 1788 negasse,

242 1802 288 1838 ut
319 1802 403 1837 tute
433 1796 573 1852 paullo
604 1802 698 1837 ante
731 1796 886 1838 dixisti.
949 1796 1072 1845 Quod
1105 1809 1183 1849 ego
1214 1810 1299 1836 non
1329 1798 1525 1851 superbia
1551 1811 1689 1851 neque
1710 1795 2007 1838 inhumanitate

193 1872 228 1896 25
243 1858 445 1901 faciebam
488 1873 624 1916 neque
667 1873 749 1915 quo
793 1864 865 1901 tuo
905 1858 1040 1899 studio
1081 1858 1315 1899 rectissimo
1357 1864 1479 1913 atque
1518 1858 1676 1912 optimo
1715 1872 1799 1900 non
1831 1857 2008 1912 obsequi

243 1922 418 1971 vellem,
469 1921 716 1975 praesertim
760 1936 854 1963 cum
893 1927 932 1962 te
975 1935 1103 1962 unum
1147 1935 1198 1961 ex
1236 1919 1428 1962 omnibus
1473 1920 1523 1962 ad
1565 1920 1785 1962 dicendum
1825 1919 2006 1961 maxime

242 1992 381 2027 natum
413 1990 637 2040 aptumque
669 1997 939 2038 cognossem,
980 1986 1051 2024 sed
1083 1982 1323 2024 mehercule
1355 1982 1472 2024 istius
1503 1983 1792 2038 disputationis
1822 1981 2003 2024 insolen-

242 2048 298 2088 tia
327 2053 451 2105 atque
485 2060 628 2087 earum
659 2060 826 2095 rerum,
875 2060 980 2101 quae
1022 2046 1139 2098 quasi
1178 2044 1219 2086 in
1261 2050 1347 2085 arte
1378 2044 1617 2093 traduntur,
1666 2045 1843 2086 inscitia.
1909 2045 2002 2089 100.

242 2113 346 2151 Tum
379 2110 519 2151 Cotta:
554 2109 761 2158 Quoniam
792 2110 858 2157 id,
892 2111 1003 2162 quod
1034 2107 1321 2149 difficillimum
1352 2107 1473 2148 nobis
1499 2107 1736 2155 videbatur,
1768 2114 1812 2149 ut
1834 2107 2004 2149 omnino

191 2184 227 2210 so
243 2171 292 2213 de
323 2173 386 2213 his
417 2171 565 2221 rebuS,
602 2174 774 2221 Crasse,
808 2171 1052 2226 loquerere,
1086 2169 1262 2212 assecuti
1294 2184 1456 2218 sumus,
1490 2172 1542 2211 de
1574 2171 1740 2225 reliquo
1761 2171 1842 2210 iam
1864 2173 2006 2210 nostra

241 2235 360 2289 culpa
401 2233 551 2283 fuerit,
600 2234 634 2275 si
676 2239 741 2282 te,
788 2234 867 2274 nisi
909 2234 1069 2282 omnia,
1117 2246 1224 2288 quae
1262 2234 1493 2287 percontati
1534 2234 1712 2281 erimus,
1764 2231 2002 2287 explicaris‚

241 2296 534 2339 dimiserimus.
596 2299 690 2338 101.
724 2299 784 2338 De
814 2298 888 2345 iis,
928 2295 1078 2345 credo,
1120 2297 1270 2342 rebus,
1313 2294 1448 2349 inquit
1479 2297 1669 2344 Crassus,
1706 2299 1752 2336 ut
1782 2294 1823 2335 in
1855 2294 2006 2335 cretio-

240 2361 364 2401 nibus
395 2360 521 2401 scribi
552 2359 676 2406 solet,
709 2371 868 2407 Qvlssvs
900 2371 1035 2400 seiAM
1065 2370 1350 2405 POTEROQVE.
1413 2360 1519 2399 Tum
1552 2358 1645 2406 ille,
1685 2360 1787 2400 Nam
1818 2359 1930 2414 quod
1960 2361 2005 2398 tu

240 2437 326 2463 non
357 2422 516 2476 poteris
555 2428 625 2463 aut
654 2424 833 2471 nescies,
884 2421 976 2478 quis
1008 2423 1197 2463 nostrum
1226 2426 1307 2463 tam
1338 2420 1559 2475 impudens
1591 2425 1672 2470 est,
1719 2419 1790 2477 qui
1820 2433 1864 2461 se
1895 2418 2002 2461 scire

192 2497 226 2523 35
246 2490 315 2527 aut
347 2499 471 2540 posse
502 2485 714 2539 postulet?

356 2549 442 2589 Iam
471 2562 574 2591 vero
605 2550 682 2589 ista
712 2547 985 2596 condicione,
1028 2545 1127 2588 dum
1157 2544 1257 2587 mihi
1287 2545 1409 2587 liceat
1436 2559 1590 2604 negare
1620 2558 1743 2601 posse
1775 2545 1886 2601 quod
1917 2558 2003 2586 non

335 2683 367 2714 1.
394 2681 510 2722 inquit
534 2681 617 2713 mihi
642 2680 682 2712 B.
711 2697 751 2703 —
780 2680 812 2711 3.
840 2681 927 2711 satis
951 2680 1138 2711 iucundam
1163 2679 1189 2709 B
1218 2682 1251 2710 et
1276 2679 1398 2711 Lamb.
1428 2696 1471 2701 --
1497 2679 1531 2711 7.
1555 2687 1669 2718 paene
1695 2686 1763 2710 om.
1791 2677 1834 2709 R.
1858 2694 1897 2699 —
1922 2685 2002 2717 per-

240 2728 402 2760 veniretis
428 2728 536 2760 Codd.
563 2729 606 2760 al.
625 2751 634 2767 ‚
664 2728 716 2759 R:
744 2728 905 2759 veniretis
931 2726 957 2757 B
987 2725 1039 2767 (ex
1066 2736 1140 2758 mea
1169 2726 1390 2765 collatione),
1418 2727 1524 2759 Vetus
1551 2726 1717 2763 Stephani
1746 2729 1779 2757 et
1806 2733 1884 2756 cum
1911 2723 2002 2756 Gru-

242 2780 316 2807 tero
344 2777 382 2807 E.
414 2793 449 2799 —
479 2775 512 2806 9.
539 2774 680 2806 Crasse:
712 2778 769 2805 tuo
795 2783 877 2806 vero
904 2774 946 2804 R.
974 2788 1016 2796 ·—
1043 2775 1096 2805 10.
1124 2775 1182 2804 via
1207 2783 1248 2805 ac
1274 2775 1414 2805 ratione
1439 2773 1523 2805 Cod.
1546 2772 1656 2804 Gonv.
1686 2773 1777 2811 apud
1800 2772 1999 2810 Pie-areium,

242 2822 430 2862 Lotterus,
472 2822 655 2855 Markland
682 2822 724 2853 ad
750 2821 835 2853 Stat.
866 2830 897 2860 p.
928 2820 1036 2852 312:
1079 2822 1113 2851 vi
1149 2829 1190 2850 ac
1215 2821 1352 2852 ratione
1380 2820 1543 2851 Ellendtii
1570 2819 1646 2850 libri
1674 2828 1791 2851 omnes
1827 2824 1861 2850 et
1885 2817 1999 2856 BRE,

241 2870 277 2899 'vi
302 2879 342 2901 ac
368 2869 409 2900 de
433 2871 571 2901 ratione
598 2869 720 2901 Aldus.
748 2885 792 2889 —
817 2877 867 2900 me
894 2868 964 2899 BR.
994 2883 1039 2889 -—
1077 2868 1131 2899 11.
1160 2870 1378 2905 temptassent
1403 2867 1444 2897 R.
1472 2884 1516 2889 ——-
1556 2867 1611 2898 12.
1638 2867 1862 2905 percontanti
1888 2865 1998 2896 Codd.

243 2915 286 2946 al.
305 2939 313 2951 ,
340 2917 392 2948 R:
428 2917 675 2955 percunctanti
699 2915 768 2947 BE.
808 2930 845 2935 —
890 2914 945 2945 13.
983 2912 1085 2954 quae]
1114 2914 1198 2954 quid
1225 2914 1265 2946 R.
1295 2929 1334 2936 —
1375 2912 1432 2944 14.
1459 2914 1620 2953 ipsarum
1644 2921 1761 2944 rerum
1787 2911 1897 2943 Codd.
1925 2911 1997 2943 abe

244 2970 364 2992 earum
389 2964 545 3002 ipsarum
570 2972 687 2994 rerum
714 2963 739 2993 B
756 2985 764 2998 ‚
809 2969 929 2992 earum
953 2969 1070 2992 rerum
1094 2961 1252 3000 ipsarum
1278 2960 1356 2995 RE,
1386 2968 1506 2991 earum
1531 2968 1648 2991 rerum
1674 2960 1711 2992 C.
1740 2959 1938 2998 Stephanus
1965 2960 2000 2989 et

242 3007 448 3041 Lambinus.
478 3027 516 3033 -
545 3010 601 3041 17.
631 3019 653 3041 a
677 3010 775 3041 nobis
801 3008 842 3039 R.
877 3024 905 3031 —
940 3008 997 3038 19.
1026 3008 1130 3048 Lycio
1158 3006 1184 3036 B
1211 3007 1366 3046 aliique,
1393 3006 1445 3038 R:
1485 3008 1593 3046 Lyceo
1621 3006 1660 3037 E.
1699 3023 1738 3030 —
1779 3005 2001 3046 yymnasium

243 3064 313 3086 om.
341 3056 382 3087 R.
415 3072 448 3077 —
477 3057 534 3088 20.
558 3057 744 3088 Enimvero
769 3055 811 3086 R.
834 3071 876 3075 —
903 3054 959 3086 21.
988 3054 1082 3094 quod
1109 3054 1134 3084 B
1160 3054 1310 3093 aliique:
1340 3052 1399 3089 id,
1427 3055 1519 3093 quod
1547 3053 1616 3084 RE.
1641 3068 1680 3075 —
1707 3053 1766 3084 22.
1785 3053 1900 3092 fateor
1927 3059 1996 3081 om.

243 3101 286 3134 B.
314 3116 354 3122 —
381 3110 511 3142 semper
537 3113 605 3135 om.
635 3104 674 3134 B.
703 3120 744 3126 ——
771 3101 828 3133 24.
856 3104 894 3132 ut
920 3110 988 3132 om.
1016 3100 1056 3130 B.
1090 3115 1123 3120 —
1153 3099 1207 3130 25.
1238 3097 1319 3139 qao]
1348 3100 1441 3138 quod
1465 3100 1504 3132 Β.
1536 3117 1573 3123 --
1603 3099 1659 3130 28.
1687 3100 1725 3130 ‘in
1751 3102 1826 3131 arte
1852 3098 1999 3130 tradim-

243 3151 302 3178 tur
326 3148 353 3178 Β
380 3149 531 3188 aliique:
559 3151 748 3181 traduntur
773 3153 848 3179 arte
874 3148 926 3184 R,
969 3148 1159 3178 traduntur
1184 3147 1221 3177 in
1246 3151 1322 3177 arte
1348 3145 1389 3176 E.
1424 3162 1468 3167 —
1505 3147 1690 3178 inscientia
1715 3147 1754 3177 B.
1797 3161 1832 3167 —
1876 3144 1933 3175 29.
1961 3144 1999 3175 id

244 3203 313 3227 om.
342 3196 381 3226 Β.
412 3212 448 3218 -
477 3196 532 3226 30.
560 3198 602 3227 iis
630 3198 668 3228 B.
700 3213 736 3218 —
765 3196 822 3228 31.
846 3195 1068 3234 percunctati
1094 3194 1162 3224 BE.
1191 3210 1231 3215 —
1267 3192 1323 3223 32.
1351 3193 1394 3223 iis
1418 3193 1617 3225 Manutius:
1646 3193 1697 3223 liis
1724 3191 1855 3223 BRET.
1882 3206 1924 3213 —
1957 3195 1997 3222 uc

244 3250 313 3273 om.
340 3241 384 3273 R.
424 3257 464 3263 —
508 3243 766 3275 condicionibus
792 3251 870 3273 cum
904 3241 996 3272 libris
1032 3241 1207 3280 plerisque
1245 3239 1287 3270 R.
1350 3239 1556 3274 Emendavit
1580 3240 1765 3272 Duarenus
1792 3239 1996 3278 recepitque

245 3289 376 3328 primus
410 3287 532 3319 Lamb.
580 3290 643 3327 (Ex
679 3291 705 3321 B
733 3290 874 3331 quidem
901 3289 985 3320 nihil
1012 3292 1130 3320 contra
1156 3291 1311 3319 notatum
1346 3287 1428 3325 est.)
1468 3302 1512 3311 -
1554 3286 1612 3319 33.
1653 3286 1742 3320 Nam
1773 3284 1884 3318 Codd.
1922 3285 1994 3317 at.:

244 3336 401 3376 Namque
424 3335 528 3367 BRE.
