2117 3762
263 253 344 296 376
1036 249 1236 291 BRUTUS

264 359 433 415 ingenio
473 354 733 411 Theopompi
772 357 812 396 et
850 353 1062 396 lenissimo
1101 355 1256 409 Ephori
1286 355 1438 397 dixisse
1469 355 1663 396 traditum
1695 359 1777 403 est,
1823 356 1941 398 alteri
1972 369 2016 398 se

266 423 441 465 calcaria
470 421 693 467 adhibere,
726 417 846 459 alteri
877 417 1031 460 frenos.
1088 418 1183 458 205.
1215 418 1386 474 Sulpicii
1416 417 1647 465 orationes,
1679 431 1784 472 quae
1813 417 2017 467 feruntur,

267 499 337 527 eas
377 488 472 538 post
514 486 692 524 mortem
737 481 825 521 eius
870 479 1083 533 scripsisse
1122 479 1166 519 P.
1198 479 1391 522 Canutius
1429 484 1609 535 putatur,
1661 479 1844 534 aequalis
1881 495 2016 528 meus,

266 549 393 590 homo
427 551 545 587 extra
574 548 762 585 nostrum
792 543 982 583 ordinem
1012 554 1106 582 meo
1135 540 1291 584 iudicio
1321 542 1628 586 disertissimus.
1687 544 1819 598 Ipsius
1850 543 2019 597 Sulpicii

238 610 380 651 snulla
424 607 555 650 oratio
597 610 680 647 est:
729 619 938 661 saepeque
971 617 1023 645 ex
1053 617 1103 644 eo
1135 604 1299 653 audivi,
1348 620 1441 647 cum
1473 619 1517 647 se
1546 605 1728 646 scribere
1759 619 1893 661 neque
1923 619 2020 648 con-

267 685 408 714 suesse
438 682 574 724 neque
603 681 726 724 posse
758 669 927 709 diceret.
988 667 1132 708 Cottae
1161 679 1239 719 pro
1270 680 1313 707 se
1342 667 1433 722 lege
1461 667 1586 709 Varia
1619 681 1724 723 quae
1762 667 2017 718 inscribitur,

268 748 359 776 eam
403 735 449 774 L.
474 730 615 772 Aelius
655 730 819 786 scripsit
858 732 1001 772 Cottae
1040 734 1203 783 rogatu.
1264 728 1356 770 Fuit
1386 730 1420 771 is
1451 731 1618 772 omnino
1659 732 1723 772 vir
1760 732 1951 785 egregius
1982 735 2022 772 et

268 809 393 852 eques
433 798 643 836 Romanus
682 807 775 834 cum
812 792 956 848 primis
993 793 1195 833 honestus
1224 791 1420 847 idemque
1448 793 1750 835 eruditissimus
1782 798 1822 834 et
1854 795 2021 836 Graecis

266 858 413 899 litteris
444 862 485 898 et
513 857 692 897 Latinis:
726 853 1063 910 antiquitatisque
1092 858 1257 895 nostrae
1288 859 1328 896 et
1356 854 1398 896 in
1426 854 1603 897 inventis
1632 854 1757 897 rebus
1788 861 1828 897 et
1852 858 1894 897 in
1916 855 2017 897 actis

218 937 254 962 10
269 920 602 976 scriptorumque
631 924 818 961 veterum
847 918 1025 960 litterate
1061 918 1241 972 peritus:
1293 931 1417 972 quam
1455 919 1665 959 scientiam
1704 921 1838 960 Varro
1878 924 2023 960 noster

267 987 477 1037 acceptam
517 984 570 1023 ab
601 981 673 1024 illo
713 986 958 1036 auctamque
998 993 1073 1033 per
1110 993 1218 1027 sese,
1264 979 1329 1021 vir
1370 980 1540 1033 ingenio
1578 987 1791 1036 praestans
1828 981 2023 1036 omnique

269 1047 474 1094 doctrina,
520 1045 711 1099 pluribus
753 1049 794 1085 et
832 1043 1129 1085 illustrioribus
1173 1042 1317 1084 litteris
1358 1042 1590 1098 explicavit.
1649 1046 1743 1085 206.
1794 1046 1874 1086 Sed
1913 1043 2026 1085 idem
2078 1057 2081 1059 ’

267 1110 408 1150 Aelius
439 1110 600 1150 Stoicus
632 1122 723 1150 esse
753 1107 907 1156 voluit,
956 1112 1100 1148 orator
1138 1112 1277 1147 autem
1315 1119 1394 1147 nec
1432 1105 1587 1147 studuit
1615 1120 1794 1162 unquam
1826 1121 1904 1148 nec
1933 1105 2025 1148 fuit.

270 1170 486 1213 Scribebat
513 1176 654 1212 tamen
684 1169 922 1218 orationes,
963 1183 1064 1223 quas
1094 1169 1162 1210 alii
1192 1168 1395 1218 dicerent;
1442 1173 1487 1209 ut
1518 1169 1567 1217 Q.
1590 1168 1755 1209 Metello
1786 1170 1855 1217 F„
1895 1174 1940 1210 ut
1970 1169 2022 1218 Q.

218 1248 255 1276 1⁵
271 1233 489 1290 Caepioni,
536 1239 583 1276 ut
620 1235 670 1283 Q.
701 1233 902 1286 Pompeio
931 1231 1064 1281 Rufo,
1106 1245 1353 1288 quamquam
1382 1231 1418 1273 is
1448 1231 1572 1272 etiam
1611 1231 1700 1284 ipse
1738 1233 1903 1285 scripsit
1931 1245 2023 1280 eas,

270 1298 420 1352 quibus
461 1310 540 1351 pro
583 1310 626 1338 se
666 1301 727 1338 est
761 1309 882 1345 usus,
929 1294 1003 1336 sed
1039 1309 1124 1336 non
1164 1295 1252 1336 sine
1286 1294 1419 1336 Aelio.
1477 1296 1571 1335 207.
1611 1293 1686 1334 Ηί5
1724 1293 1832 1335 enim
1863 1294 2024 1348 scriptis

270 1361 393 1402 etiam
423 1359 513 1412 ipse
542 1359 734 1408 interfui,
782 1373 876 1401 cum
907 1372 1038 1400 essem
1070 1359 1179 1413 apud
1209 1357 1370 1398 Aelium
1401 1355 1643 1398 adolescens
1674 1369 1853 1410 eumque
1882 1356 2026 1398 audire

268 1424 533 1479 perstudiose
573 1424 767 1464 solerem.
829 1424 989 1464 Cottam
1027 1427 1166 1463 autem
1206 1420 1355 1468 miror,
1402 1433 1609 1460 summum
1646 1421 1780 1474 ipsum
1816 1424 2028 1461 oratorem

268 1488 523 1541 minimeque
549 1485 760 1539 ineptum,
795 1484 986 1525 Aelianas
1014 1483 1127 1525 leves
1159 1482 1437 1525 oratiunculas
1466 1481 1648 1524 voluisse
1672 1481 1897 1522 existimari
1917 1495 2026 1523 suas,

220 1551 391 1592 20LV11.
425 1550 499 1590 His
530 1551 691 1590 duobus
722 1546 907 1589 eiusdem
937 1546 1081 1588 aetatis
1113 1544 1463 1588 annumerabatur
1483 1557 1606 1586 nemo
1628 1542 1795 1584 tertius:
1830 1543 1902 1586 sed
1926 1545 2029 1586 mihi

268 1610 460 1668 placebat
499 1610 753 1666 Pomponius
797 1612 999 1658 maxime,
1046 1608 1112 1651 vel
1153 1608 1308 1657 dicam,
1363 1609 1532 1649 minime
1572 1603 1826 1662 displicebat.
1895 1609 2029 1648 Locus

270 1680 358 1716 erat
388 1676 557 1716 omnino
588 1674 629 1715 in
658 1675 851 1715 maximis
882 1672 1014 1714 causis
1043 1678 1213 1728 praeter
1243 1686 1338 1721 eos,
1387 1670 1437 1712 de
1469 1669 1617 1726 quibus
1648 1681 1771 1721 supra
1803 1669 1911 1716 dixi,
1957 1683 2030 1710 ne-

268 1737 394 1778 mini:
428 1743 651 1793 propterea
672 1739 784 1793 quod
805 1737 1028 1784 Antonius,
1061 1737 1132 1789 qui
1154 1735 1333 1776 maxime
1355 1736 1649 1789 expetebatur,
1681 1730 1813 1772 facilis
1833 1732 1874 1772 in
1896 1734 2029 1775 causis

269 1800 519 1856 recipiendis
565 1805 677 1850 erat3
729 1798 985 1841 fastidiosior
1027 1799 1222 1847 Crassus,
1270 1798 1342 1839 sed
1387 1804 1523 1839 tamen
1564 1798 1807 1853 recipiebat.
1869 1798 2031 1838 Horum

220 1875 255 1900 2⁵
271 1864 340 1919 qui
372 1868 564 1905 neutrum
595 1862 793 1911 hahebat,
844 1861 1110 1915 confugiebat
1139 1864 1190 1902 ad
1222 1863 1457 1916 Philippum
1487 1860 1575 1902 sere
1606 1868 1673 1903 aut
1705 1865 1756 1905 ad
1789 1862 2029 1911 Caesarem

273 1925 497 1980 [secundum
533 1927 762 1978 Philippum
801 1931 836 1965 et
876 1922 1095 1977 Caesarem]
1139 1926 1257 1965 Cotta
1288 1931 1327 1965 et
1359 1923 1566 1977 Sulpicius
1597 1928 1910 1980 expetebantur.
1970 1925 2030 1964 Ita

270 1991 320 2030 ab
352 1989 418 2029 his
449 2001 523 2029 sex
552 1988 740 2044 patronis
771 2001 919 2029 causae
949 1988 1132 2027 illustres
1163 1988 1416 2040 agebantur3
1464 2000 1601 2039 neque
1634 1992 1716 2028 tam
1746 1987 1873 2028 multa
1905 1999 2029 2040 quam

269 2058 409 2094 nostra
441 2057 573 2093 aetate
603 2050 754 2092 iudicia
784 2049 941 2091 fiebant
970 2062 1106 2104 neque
1138 2048 1234 2096 hoc,
1267 2050 1377 2104 quod
1407 2062 1514 2089 nunc
1544 2049 1610 2097 fit,
1643 2055 1688 2090 ut
1717 2063 1864 2090 causae
1892 2051 2030 2103 singu-

268 2116 333 2157 lae
364 2113 689 2157 defenderentur
719 2128 741 2154 a
770 2113 982 2169 pluribus,
1017 2126 1099 2166 quo
1122 2111 1223 2152 nihil
1245 2117 1305 2152 est
1327 2111 1527 2153 vitiosius.
1588 2113 1683 2153 208.
1716 2114 2030 2167 Respondemus

221 2188 256 2213 δῦ
271 2178 352 2227 eis,
385 2192 489 2233 quos
509 2192 594 2219 non
621 2176 880 2226 audivimus3
913 2175 956 2216 in
986 2188 1069 2230 quo
1099 2173 1280 2229 primum
1310 2187 1435 2228 saepe
1465 2173 1584 2215 aliter
1614 2180 1676 2215 est
1707 2174 1881 2222 dictum,
1914 2174 2032 2216 aliter

270 2244 322 2283 ad
352 2255 428 2283 nos
458 2241 659 2290 relatum;
693 2238 842 2280 deinde
871 2239 1010 2292 magni
1040 2236 1208 2278 interest
1236 2250 1374 2277 coram
1396 2235 1538 2277 videre
1558 2251 1645 2285 me,
1678 2236 2030 2292 quemadmodum

270 2303 531 2345 adversarius
552 2302 603 2344 de
625 2315 787 2357 quaque
808 2316 855 2342 re
882 2305 1109 2363 assebveret,
1142 2299 1311 2340 maximi
1342 2304 1503 2347 autem,
1537 2302 1887 2354 quemadmodum
1908 2313 2032 2355 quae-

271 2380 352 2421 que
382 2379 450 2407 res
479 2367 684 2406 audiatur.
747 2365 829 2405 Sed
859 2363 961 2404 nihil
991 2362 1200 2411 vitiosius,
1234 2376 1382 2416 quam,
1422 2375 1513 2402 cum
1545 2376 1671 2404 unum
1704 2376 1853 2418 corpus
1883 2362 2033 2404 debeat

271 2442 361 2469 esse
392 2427 666 2477 defensionis,
714 2428 829 2468 nasci
861 2425 911 2467 de
940 2425 1104 2480 integro
1137 2439 1323 2472 causam,
1369 2438 1462 2466 cum
1494 2427 1543 2467 sit
1573 2428 1622 2466 ab
1655 2425 1786 2466 altero
1818 2429 2027 2480 perorata.

219 2500 254 2526 ³⁵
271 2493 367 2534 209.
403 2492 597 2533 Omnium
629 2492 739 2532 enim
772 2503 987 2531 causarum
1018 2503 1145 2530 unum
1178 2495 1238 2529 est
1269 2487 1452 2529 naturale
1483 2488 1758 2543 principium,
1795 2501 1877 2528 una
1906 2499 2032 2543 pero-

269 2555 400 2597 ratio:
449 2554 638 2610 reliquae
675 2558 813 2608 partes
855 2553 972 2606 quasi
1012 2550 1200 2592 membra
1230 2564 1304 2592 suo
1337 2565 1527 2605 quaeque
1557 2550 1648 2591 loco
1680 2550 1815 2591 locata
1845 2563 1961 2590 suam
1992 2554 2033 2590 et

269 2619 353 2659 vim
385 2622 425 2658 et
455 2617 698 2671 dignitatem
729 2619 885 2656 tenent.
948 2615 1049 2656 Cum
1080 2619 1216 2655 autem
1249 2613 1415 2655 difficile
1446 2614 1498 2655 sit
1528 2613 1570 2654 in
1597 2613 1718 2667 longa
1739 2615 1927 2654 oratione
1947 2625 2031 2653 non

361 2737 395 2768 2.
423 2737 538 2768 calcar
563 2735 607 2765 D.
638 2734 703 2766 Gu.
732 2735 766 2765 1.
794 2730 877 2773 (non
904 2733 955 2770 R,
982 2737 1021 2764 ut
1046 2735 1092 2764 ait
1118 2731 1284 2769 Ellendt.)
1312 2748 1349 2753 —
1389 2732 1422 2763 3.
1452 2732 1641 2763 Cannutius
1668 2731 1751 2763 Cod.
1780 2730 1910 2762 Medic.
1938 2731 2027 2768 Epp.

271 2784 312 2816 ad
339 2784 434 2816 Fam.
463 2784 526 2819 12,
554 2782 588 2813 3.
616 2782 763 2813 BIEYER.
795 2797 832 2803 —-
862 2781 895 2812 5.
924 2781 1139 2811 consuevisse
1165 2780 1207 2810 D.
1239 2779 1304 2811 Gu.
1334 2781 1367 2810 1.
1395 2780 1428 2810 2.
1456 2779 1580 2810 Dresd.
1610 2778 1652 2809 R.
1681 2795 1722 2800 —
1754 2778 1809 2810 14.
1837 2778 1876 2809 F.
1903 2786 2032 2816 expun-

269 2833 318 2863 xit
343 2830 480 2863 Ellendt
505 2833 625 2861 contra
652 2828 776 2863 libros,
804 2826 982 2858 Balearici
1006 2827 1047 2859 F.
1076 2827 1319 2865 suspicabatur
1343 2826 1464 2857 Lamb.
1487 2825 1555 2855 Cl'r.
1583 2823 1620 2864 §.
1641 2825 1722 2856 222.
1745 2842 1784 2847 -
1811 2828 1841 2856 et
1868 2824 1907 2864 Q.
1937 2824 1973 2856 C.
2001 2826 2033 2854 et

273 2876 312 2916 Q.
342 2877 380 2907 P.
409 2877 451 2908 R.
492 2891 534 2897 —
577 2875 633 2906 16.
661 2875 800 2914 scriptis
834 2883 902 2905 om.
938 2874 990 2911 R,
1027 2874 1216 2905 scribendis
1251 2882 1328 2904 cum
1354 2873 1536 2912 Anonymo
1562 2871 1654 2910 apud
1682 2871 1871 2903 Corradum
1908 2871 2029 2902 Lamb.

271 2924 399 2963 («Dicit
435 2923 477 2955 ad
513 2923 697 2954 lectionem
730 2929 850 2953 reeens
885 2922 1091 2959 scriptarum
1118 2921 1305 2952 admissum
1332 2929 1404 2951 se.»
1434 2916 1637 2959 EmAEan.)
1673 2935 1710 2941 —-
1744 2919 1801 2950 25.
1830 2918 2030 2954 Caesarem,-

272 2970 479 3011 [secundum
512 2969 711 3008 Philippum
745 2972 779 2999 et
811 2965 1007 3008 Caesarem]
1051 2968 1152 2999 Cocta
1182 2971 1212 2998 et
1246 2964 1428 3006 Sulpicius]
1462 2966 1575 2997 Verba
1601 2965 1736 2997 seclusa
1763 2966 1888 2996 desunt
1913 2964 2029 3000 libris;

270 3019 553 3058 supplementum
581 3016 729 3048 debetur
752 3014 944 3051 Lambino,
973 3016 1031 3055 qui
1058 3017 1166 3051 scite,
1206 3014 1263 3044 ubi
1291 3013 1453 3045 facillime
1482 3013 1642 3044 excidere
1671 3015 1829 3051 poterant
1856 3011 2030 3042 Ciceronis

271 3073 348 3101 vv.‚
374 3065 603 3103 interposuit:
631 3062 835 3099 Caesarem
865 3059 966 3091 Cotta
994 3060 1199 3101 [secundum
1225 3061 1423 3098 Philippum
1452 3064 1484 3090 et
1511 3056 1708 3098 Caesarem]
1736 3061 1768 3089 et
1792 3057 1963 3097 Sulpicius
1982 3057 2029 3091 E:

273 3119 334 3141 cur
359 3112 425 3148 ita,
466 3113 608 3145 nescio:
651 3110 855 3142 Caesarem:
900 3106 998 3139 Cotta
1023 3112 1053 3140 et
1078 3108 1248 3147 Sulpicius
1283 3105 1489 3146 [secundum
1528 3106 1726 3144 Philippum
1762 3109 1794 3137 et
1832 3101 2027 3142 Caesarem]

273 3157 431 3192 Ellendt;
472 3166 534 3188 cur
567 3160 635 3193 ita,
674 3157 807 3188 nescio.
865 3155 1004 3186 Reiecit
1039 3157 1273 3186 necessarium
1311 3154 1377 3184 hoc
1413 3153 1694 3194 supplementum
1729 3151 1844 3183 Peter.
1886 3166 1922 3173 —
1970 3149 2028 3182 26.

274 3203 545 3242 expectabantur
568 3204 611 3235 D.
641 3202 708 3235 Gu.
730 3205 762 3234 1.
782 3202 817 3233 2.
845 3201 970 3238 Peter,
998 3202 1120 3234 eodem
1149 3209 1286 3240 prorsus
1315 3209 1450 3237 errore,
1479 3208 1548 3239 quo
1575 3209 1606 3231 v.
1625 3199 1683 3230 23.
1712 3198 1778 3229 Gu.
1807 3199 1838 3228 1.
1867 3200 1900 3227 et
1918 3196 1947 3227 R
1975 3198 2032 3228 ba-

273 3250 357 3280 bent
382 3250 659 3286 exspectabatur.
713 3249 758 3280 Η.
788 3249 809 3280 l.
838 3250 941 3281 etiam
968 3249 997 3279 R
1023 3249 1177 3289 (contra,
1205 3256 1306 3286 quam
1334 3251 1450 3278 narrat
1476 3244 1625 3284 Ellendt)
1653 3249 1783 3276 rectum
1811 3242 1960 3275 exbibet.
1989 3260 2026 3265 —

273 3296 331 3327 27.
358 3295 410 3325 his
435 3295 477 3325 D.
505 3296 566 3335 Lg.
594 3302 732 3337 praeter
758 3295 870 3333 duos,
898 3295 986 3327 Ven.
1014 3296 1046 3327 1.
1074 3296 1109 3326 2.
1137 3293 1203 3325 Gu.
1235 3294 1263 3323 ¹.
1290 3294 1323 3324 2.
1352 3293 1475 3325 Dresd.
1505 3293 1554 3324 R:
1595 3293 1638 3323 iis
1667 3294 1722 3332 Lg.
1750 3289 1806 3320 26.
1834 3289 1890 3320 35.
1920 3289 1958 3320 E.
1987 3306 2029 3311 -—

274 3343 330 3375 32.
356 3342 503 3373 maximi
520 3348 662 3376 auctore
679 3344 892 3376 Buttmanno
908 3342 951 3376 N.
971 3342 1052 3374 Act.
1073 3341 1152 3374 Soc.
1173 3340 1248 3372 len.
1271 3340 1297 3372 Ι.
1326 3349 1361 3380 p.
1380 3341 1438 3372 45.
1460 3348 1541 3373 nos:
1569 3339 1721 3371 maxime
1739 3345 1818 3368 cum
1844 3335 1939 3368 libris
1953 3336 2028 3368 RE.
