2117 3762
640 231 707 270 Al)
741 231 794 269 M.
829 229 1038 270 BRUTUM
1085 230 1126 271 C.
1159 229 1223 270 528.
1259 230 1327 270 lii).
1785 232 1864 272 437

111 351 193 378 non
224 337 483 392 Phrygem
515 335 641 391 ipsius
671 333 830 388 antiqui
861 335 1073 376 declarant
1102 334 1210 377 libri.
1274 338 1356 377 Nec
1384 336 1493 377 enim
1525 336 1725 377 Graecam
1757 335 1865 377 litte-

111 413 197 440 ram
228 396 505 445 adhibi-bant,
551 410 658 437 nunc
687 402 820 436 autem
865 398 987 437 etiam
1026 399 1148 447 duas;
1197 403 1237 439 et
1274 412 1366 439 cum
1406 400 1661 455 Phrygum
1703 404 1865 440 etcum

110 464 138 502 P
154 461 410 517 hrygibus
451 458 667 500 dicendum
708 464 838 506 esset,
886 460 1109 500 absurdum
1142 467 1229 501 crat
1257 467 1327 502 aut
1358 466 1513 502 tantum
1546 461 1730 502 barbaris
1762 462 1866 502 casi-

109 521 185 563 bus
234 525 432 563 Graecam
474 522 648 563 litteram
693 519 891 562 adhibere
933 528 1003 562 aut
1047 528 1162 563 recto
1204 536 1299 563 casu
1345 525 1480 564 solum
1527 516 1684 566 Graece
1731 523 1861 577 loqui.

110 588 263 627 Tamen
285 591 326 626 et
347 584 574 639 Phryges
596 589 636 623 et
657 583 719 639 Py
734 582 856 624 rrhu
871 598 908 624 m
931 586 1092 625 aurium
1114 598 1234 625 causa
1256 584 1443 627 dicimus.
1478 588 1570 627 161.
1592 587 1701 637 Quin
1724 587 1863 634 etiam,
1880 597 1894 622 ⁵

110 647 221 704 quod
252 647 332 688 iam
363 645 639 688 subrusticum
672 647 861 694 videtur,
913 647 1010 688 olim
1041 653 1177 688 autem
1211 647 1398 701 politius,
1432 662 1579 690 eorum
1611 647 1858 696 verborum,

110 724 287 766 quorum
310 711 482 750 eaedem
504 714 621 749 erant
642 715 876 768 postremae
906 708 1013 750 duae
1045 710 1230 756 litterae,
1263 723 1367 765 quae
1398 718 1492 752 sunt
1521 713 1561 752 in
1595 718 1864 765 optumus,

109 780 359 829 postremam
389 770 565 812 litteram
598 770 889 818 detrahebant,
921 771 998 812 nisi
1029 773 1182 813 vocalis
1213 773 1522 827 insequebatur.
1585 775 1643 814 Ita
1674 787 1757 815 non
1779 778 1868 814 erat

110 850 158 877 ca
198 833 371 877 offensio
413 833 454 874 in
494 835 705 882 versibus,
757 848 879 888 quam
924 848 1030 874 nunc
1072 832 1234 888 fugiunt
1278 839 1426 887 poetae
1465 836 1578 877 novi.
1651 837 1710 876 Ita
1755 836 1865 877 enim

109 896 404 953 loquebamur:
1880 907 1919 934 πο

493 971 572 1022 Qui
601 977 656 1011 est
685 971 854 1011 omnibu?
876 971 1064 1024 princeps

109 1077 210 1111 non,
242 1063 494 1106 omnibus
524 1063 798 1119 princeps,
832 1069 873 1105 et

505 1159 591 1199 Vita
618 1158 691 1198 illa
719 1158 852 1211 diynu'
883 1158 1042 1211 locoque

106 1266 211 1301 non,
243 1252 448 1306 dignus.

107 1314 265 1366 Quodsi
295 1315 459 1356 indocta
489 1314 745 1354 consuetudo
777 1317 857 1354 tam
890 1318 952 1353 est
982 1312 1132 1355 artifex
1164 1313 1400 1363 suavitatis,
1450 1313 1549 1369 quid
1579 1316 1630 1355 ab
1662 1314 1750 1370 ipsa
1781 1320 1918 1358 tan-15

108 1380 201 1419 dem
233 1383 320 1419 arte
351 1383 392 1418 et
421 1376 607 1418 doctrina
638 1374 835 1430 postulari
867 1379 1091 1430 putamus?
1123 1378 1217 1418 162.
1252 1377 1364 1418 Haec
1393 1375 1481 1417 dixi
1510 1374 1707 1427 brevius,
1743 1392 1869 1433 quam

107 1441 141 1483 si
171 1443 247 1482 bac
278 1442 329 1482 de
360 1453 404 1481 re
433 1452 515 1479 una
536 1437 791 1491 disputarem
812 1461 866 1467 —
887 1443 947 1479 est
969 1440 1079 1480 enim
1109 1438 1177 1480 hic
1206 1440 1323 1480 locus
1353 1440 1434 1480 late
1466 1444 1610 1493 patens
1641 1438 1693 1481 de
1721 1448 1870 1482 natura

106 1517 269 1558 usuque
298 1504 524 1544 verborum
545 1525 615 1549 —‚
636 1500 799 1555 longius
829 1506 964 1541 autem
998 1514 1119 1556 quam
1150 1501 1338 1542 instituta
1366 1503 1473 1542 ratio
1505 1501 1755 1554 postulabat.

218 1567 365 1607 XLIX.
415 1566 495 1606 Sed
525 1565 621 1620 quia
651 1577 789 1604 rerum
819 1561 1127 1619 verborumque
1159 1563 1357 1605 iudicium
1387 1564 1630 1619 prudentiae
1662 1570 1747 1614 est,
1794 1580 1869 1607 vo-

107 1642 198 1670 cum
238 1633 374 1669 autem
414 1633 455 1668 et
493 1639 760 1668 numerorum
801 1640 922 1667 aures
962 1633 1057 1668 sunt
1090 1626 1273 1675 iudices,
1323 1632 1364 1668 et
1393 1629 1505 1682 quod
1536 1627 1605 1668 illa
1635 1626 1686 1669 ad
1716 1628 1918 1669 intelli-20

108 1691 286 1745 gentiam
326 1689 586 1736 referuntur,
632 1687 734 1729 haec
769 1690 820 1729 ad
852 1690 1126 1742 voluptatem,
1177 1689 1221 1730 in
1251 1689 1332 1731 illis
1361 1690 1468 1731 ratio
1501 1691 1682 1739 invenit,
1731 1692 1773 1732 in
1803 1690 1867 1733 his

108 1767 252 1794 sensus
282 1759 428 1794 artem.
488 1756 568 1794 Aut
597 1753 705 1793 enim
736 1751 981 1805 negligenda
1013 1751 1090 1792 suit
1118 1754 1240 1794 nobis
1270 1752 1460 1806 voluptas
1501 1765 1669 1801 eorum,
1717 1752 1869 1808 quibus

107 1814 275 1870 probari
314 1815 578 1863 volebamus,
629 1820 700 1856 aut
736 1828 802 1855 ars
842 1814 930 1855 eius
971 1814 1254 1856 conciliandae
1293 1814 1558 1869 reperienda.
1625 1816 1719 1856 163.
1752 1817 1869 1856 Duae

107 1883 202 1919 sunt
240 1877 369 1932 igitur
406 1891 492 1924 res,
539 1891 645 1932 quae
685 1877 971 1930 permulceant
999 1890 1146 1926 aures,
1201 1891 1326 1919 sonus
1357 1883 1400 1918 et
1428 1891 1641 1918 numerus.
1702 1880 1763 1919 Dc
1794 1893 1869 1918 nu-

106 1953 223 1981 mero
245 1955 364 1987 mox,
395 1954 505 1981 nunc
528 1943 578 1981 de
600 1952 704 1980 sono
726 1940 980 1995 quaerimus.
1040 1943 1175 1982 Verba
1193 1972 1202 1988 ‚
1233 1947 1277 1982 ut
1306 1955 1431 1996 supra
1460 1940 1662 1988 diximus,
1693 1941 1868 1994 legenda
1881 1953 1918 1980 2⁵

108 2008 203 2043 sunt
243 2002 501 2058 potissimum
542 2001 648 2043 bene
692 2003 905 2051 sonantia,
957 2001 1029 2044 sed
1076 2016 1123 2044 ea
1165 2017 1250 2044 non
1294 2009 1341 2044 ut
1380 2008 1530 2058 poetae
1570 2001 1778 2059 exquisita
1817 2006 1870 2046 ad

108 2078 254 2106 sonum
287 2067 358 2107 sed
390 2071 553 2119 sumpta
584 2067 635 2106 de
666 2064 821 2106 medio.

447 2160 536 2209 Qua
557 2165 679 2212 ponto
708 2160 756 2200 ab
784 2159 916 2200 Helles
945 2181 999 2188 —

109 2257 279 2305 superat
308 2249 492 2293 modum.
554 2252 583 2304 ·1-
616 2254 666 2293 At

444 2345 622 2386 Auratus
650 2346 757 2385 aries
786 2345 1017 2386 Colchorum
1045 2367 1099 2372 —
1880 2362 1920 2389 ³0

109 2425 334 2482 splendidis
379 2425 617 2468 nominibus
656 2425 910 2467 illuminatus
950 2430 1012 2466 est
1048 2438 1216 2475 versus,
1265 2427 1339 2468 sed
1378 2427 1593 2480 proximus
1630 2428 1865 2484 inquinatus

108 2489 394 2530 insuavissima
422 2489 557 2529 littera
589 2488 618 2540 ’ἰ-
649 2487 808 2529 finitus:

443 2570 655 2623 Fruyifera
684 2576 718 2610 et
743 2571 850 2623 serta
879 2583 979 2611 arva
1006 2570 1106 2611 Asia
1134 2575 1246 2611 tenet.

203 2702 237 2734 2,
265 2711 340 2733 cum
364 2707 442 2734 ante
469 2710 501 2733 v.
530 2701 718 2743 Phryyt'bus
743 2710 812 2734 om.
840 2702 907 2735 Gu.
935 2702 968 2734 3.
990 2702 1112 2734 Lamb.
1132 2717 1176 2724 —
1201 2703 1234 2734 3.
1263 2706 1399 2735 tantum
1424 2702 1601 2744 barbaris]
1629 2709 1701 2736 tam
1725 2706 1761 2736 in
1787 2705 1866 2736 bar-

112 2749 208 2780 baris
236 2749 330 2780 Eius.
358 2749 415 2780 Dr.
444 2747 509 2780 Gu-
539 2749 571 2779 1.
600 2749 632 2778 2.
650 2771 660 2785 ‚
700 2757 776 2780 eam
812 2751 850 2780 in
875 2750 1037 2781 barbaris
1065 2750 1133 2781 Vit.
1159 2750 1204 2781 R.
1248 2766 1284 2772 —
1328 2750 1363 2781 7.
1403 2755 1562 2791 optumus
1587 2751 1621 2782 b.
1650 2752 1671 2783 l.
1699 2752 1757 2782 ΒΕ
1786 2760 1865 2784 cum

114 2796 208 2827 libris
233 2798 370 2834 praeter
395 2795 463 2826 Erl.
495 2811 532 2817 —
575 2794 609 2825 9.
637 2804 676 2826 ea
702 2795 843 2836 offensio
869 2799 917 2833 Α,
946 2797 1016 2828 Vit·
1044 2797 1143 2828 Eius.
1170 2797 1266 2829 Mon.
1295 2795 1362 2829 Gu.
1391 2802 1486 2835 tres,
1526 2797 1597 2828 Erl.
1626 2798 1681 2829 R:
1720 2797 1865 2838 offensio

113 2842 198 2881 (om.
226 2842 279 2881 ea)
306 2842 364 2875 Dr.
392 2841 433 2872 E.
461 2856 502 2862 -
530 2840 601 2881 Ita]
629 2842 677 2872 sic
703 2843 752 2879 A,
782 2841 846 2874 Gu.
876 2842 910 2874 3.
939 2843 1009 2874 Erl.
1038 2860 1076 2866 —
1106 2844 1163 2875 10.
1190 2844 1422 2884 loquebantur
1446 2845 1624 2882 Romana.
1653 2848 1690 2876 ut
1715 2845 1866 2878 malebat

115 2889 322 2928 Heusinger.
365 2904 407 2908 —
451 2887 506 2918 17.
535 2889 627 2919 locus
652 2888 704 2919 hic
730 2889 783 2925 Α,
825 2889 890 2921 Gn.
919 2889 951 2920 3.
992 2905 1029 2912 —
1067 2889 1124 2920 22.
1150 2891 1218 2931 suit
1241 2885 1343 2922 nobis
1370 2890 1438 2921 Vit.
1468 2891 1562 2922 Eins.
1592 2890 1660 2923 Gu.
1689 2895 1781 2929 tres,
1806 2892 1861 2924 R:

112 2936 211 2966 nobis
235 2936 301 2976 suit
328 2934 367 2965 Ε.
396 2950 439 2955 -
464 2934 520 2965 23.
549 2935 732 2973 repetenda
761 2935 830 2966 Vit.
860 2936 955 2968 Eius.
984 2936 1042 2967 Dr.
1071 2936 1113 2968 R.
1144 2951 1181 2957 —
1221 2936 1277 2968 24.
1303 2938 1412 2978 iyitur
1436 2946 1489 2969 res
1512 2941 1590 2968 sunt
1617 2937 1683 2969 Gu.
1711 2942 1794 2970 tres.
1822 2956 1862 2964 —

113 2981 171 3013 28.
205 2986 334 3022 pontus
371 2979 485 3011 [leues
520 2981 548 3012 Α
586 2984 762 3022 ceterique
790 2983 887 3018 iibri.
931 2986 1013 3014 item
1040 2983 1093 3021 R,
1135 2988 1272 3022 praeter
1299 2982 1366 3015 Gu.
1395 2983 1455 3019 3.,
1501 2985 1561 3021 qui
1592 2989 1704 3024 ponto
1730 2983 1861 3018 Helles.

114 3028 321 3060 Emendavit
347 3027 485 3065 Lipsius
520 3037 559 3059 ex
593 3027 745 3061 Senecae
774 3029 837 3067 Ep.
866 3029 922 3061 81.
963 3046 1005 3051 -
1045 3028 1102 3060 30.
1140 3029 1290 3060 Αυναιοε
1316 3037 1393 3060 cum
1423 3029 1571 3061 Gruter-o
1602 3030 1642 3061 E.
1684 3028 1863 3072 (Ceterum

115 3075 190 3106 iibri
210 3098 218 3112 ‚
248 3073 315 3106 Gu.
342 3074 374 3104 1.
395 3072 427 3105 3.
446 3096 454 3111 ,
483 3079 520 3104 at
545 3075 682 3104 auricus
707 3076 887 3112 locorum,
917 3075 981 3108 Gu.
1003 3075 1036 3107 2.
1059 3075 1087 3107 R
1103 3099 1112 3113 ,
1139 3079 1177 3107 at
1201 3077 1354 3108 tauricas
1379 3076 1559 3116 locorum,
1588 3076 1658 3108 Erl.
1687 3081 1751 3108 aut
1777 3079 1862 3111 alles

115 3122 286 3153 boleorum
324 3128 363 3152 ac
401 3119 559 3151 similiter
583 3123 701 3152 ceteri.
758 3121 870 3154 Locus
897 3128 948 3155 est
976 3131 1115 3161 prorsus
1142 3120 1326 3160 incertus.)
1365 3139 1402 3145 -—
1445 3122 1502 3153 31.
1542 3123 1748 3164 inquinatus
1776 3130 1862 3158 teste

113 3168 257 3209 Meyero
287 3175 354 3197 om.
383 3166 453 3197 Vit.
483 3168 604 3206 utique
631 3167 744 3204 sotus.
784 3177 900 3209 neque
929 3170 993 3200 hoc
1019 3178 1050 3201 v.
1079 3169 1381 3209 interpolationem
1408 3169 1561 3207 redolet,
1606 3171 1669 3202 etsi
1696 3175 1862 3211 expunxit

114 3214 230 3247 Peter.
281 3213 350 3246 Nos
377 3222 456 3244 vero
484 3221 561 3243 cum
588 3221 653 3253 mg.
683 3213 821 3251 Repett.
851 3216 971 3247 Lamb.
1012 3217 1208 3247 notavimus
1235 3224 1266 3247 v.
1293 3216 1437 3257 finitus,
1481 3223 1542 3255 pro
1581 3225 1649 3257 quo
1685 3217 1765 3258 finis
1790 3218 1858 3251 Vit.

117 3261 214 3293 Eins.
241 3261 337 3293 Mon.
380 3260 559 3291 Fortasse:
587 3259 706 3290 littera
723 3259 770 3296 F,
800 3270 889 3301 quae
917 3266 968 3293 ter
995 3263 1137 3293 retinnit
1162 3264 1195 3293 in
1222 3261 1288 3293 hoc
1314 3262 1495 3294 versiculo.
1523 3261 1592 3295 Οιι.
1614 3279 1651 3286 ·—
1680 3263 1738 3296 33.
1763 3265 1861 3307 sarta

115 3307 159 3340 R.
189 3325 223 3331 -
252 3307 338 3339 Asia
363 3306 431 3338 Vit.
460 3306 552 3338 Eius.
583 3305 679 3338 Mon.
710 3305 778 3337 Gu.
807 3309 840 3339 1.
868 3308 901 3338 2.
925 3309 980 3340 R:
1008 3309 1111 3340 Asiae
1136 3308 1208 3340 Erl.
1237 3308 1286 3348 E,
1311 3308 1412 3341 Asius
1438 3308 1567 3352 Gryph.
1594 3310 1730 3352 Meyer.
