2117 3762
273 274 352 316 106
930 278 1000 318 DE
1030 277 1355 322 INVENTIONE

269 378 405 421 diurni
434 381 679 423 nocturnive
710 380 829 436 spatii
860 385 973 421 certa
1005 381 1317 434 significatione.
1378 388 1425 427 In
1465 387 1546 428 hoc
1585 391 1626 428 et
1663 401 1768 443 quae
1798 392 2023 444 praeterie-

267 441 374 491 rint,
408 443 750 491 considerantur;
795 448 835 483 et
865 456 1010 484 eorum
1042 446 1252 499 ipsorum,
1285 462 1389 502 quae
1420 454 1590 504 propter
1619 455 1866 492 vetustatem
1898 452 2022 494 obso-

268 504 471 554 leverint,
518 513 563 547 ut
602 505 861 546 incredibilia
904 505 1122 547 videantur
1161 514 1201 548 et
1239 510 1319 550 iam
1352 510 1393 551 in
1426 512 1660 552 fabularum
1691 526 1867 554 numero
1899 528 2021 569 repo-

268 573 444 618 nantur3
478 575 519 609 01
549 584 655 623 quae
685 570 765 608 iam
797 567 867 608 diu
897 574 1012 622 gesta
1041 574 1081 609 et
1110 583 1135 609 a
1154 573 1353 612 memoria
1374 580 1514 614 nostra
1536 578 1693 614 remota
1717 579 1850 615 tamen
1871 576 2023 618 faciant

237 642 252 667 ⁵
267 629 391 671 fidem
421 645 518 672 vere
549 630 696 672 tradita
726 644 815 671 0550
835 661 845 678 ,
880 633 991 686 quod
1014 646 1159 673 eorum
1181 641 1446 676 monumenta
1468 642 1576 677 certa
1599 636 1640 677 in
1662 637 1811 677 litteris
1833 643 2018 688 exstent3

269 698 310 734 et
340 707 445 748 quae
477 707 609 748 nuper
639 698 753 746 gesta
798 692 904 742 sint,
949 707 1053 749 quae
1099 695 1203 735 scire
1239 695 1426 752 plerique
1463 698 1648 753 possiut3
1698 704 1738 739 et
1777 700 1875 740 item
1916 713 2022 755 quae

270 756 423 796 instent
467 757 508 795 in
551 756 784 810 praesentia
830 761 869 795 et
899 769 1003 810 quae
1034 771 1127 797 cum
1158 757 1334 799 maxime
1365 758 1461 800 fiant
1493 767 1532 801 et
1562 775 1667 816 (piae
1699 768 2019 815 consequantur.

266 819 314 858 In
344 819 493 870 quibus
537 822 675 872 potest
717 818 995 867 considerari,
1044 819 1142 874 quid
1189 819 1306 860 ocius
1350 827 1390 862 et
1427 823 1525 875 quid
1565 823 1696 864 serius
1736 822 1920 865 futurum
1952 826 2018 865 sit.

265 882 317 919 Et
346 879 443 919 item
475 879 750 921 communiter
779 882 821 921 in
850 887 1042 935 tempore
1072 884 1362 937 perspiciendo
1394 885 1674 940 longinquitas
1715 887 1803 927 eius
1834 891 1896 927 est
1924 900 2023 928 con-

216 940 498 982 iosideranda.
559 944 660 983 Nam
707 957 828 998 saepe
871 949 1034 999 oportet
1076 945 1306 986 commetiri
1352 959 1446 986 cum
1492 953 1678 1002 tempore
1725 950 1937 1002 negotium
1982 953 2022 990 et

264 1004 425 1050 videre,
470 1006 705 1058 potueritne
748 1012 818 1046 aut
861 1006 1099 1060 magnitudo
1139 1008 1296 1061 negotii
1335 1014 1405 1048 aut
1452 1009 1674 1050 multitudo
1718 1024 1856 1051 rerum
1895 1010 1937 1051 in
1969 1025 2018 1051 eo

264 1067 432 1120 transigi
464 1072 666 1122 tempore.
731 1068 1025 1110 Consideratur
1055 1075 1190 1111 autem
1221 1076 1382 1125 tempus
1414 1076 1455 1111 et
1484 1072 1580 1111 anni
1611 1079 1650 1113 et
1681 1071 1831 1113 mensis
1863 1077 1904 1112 et
1935 1073 2018 1115 diei

263 1134 303 1168 01
333 1131 465 1170 1100115
497 1136 537 1170 01
567 1131 734 1183 vigiliae
765 1137 805 1172 et
833 1133 962 1172 horae
995 1138 1035 1172 et
1064 1133 1106 1173 in
1138 1134 1274 1187 aliqua
1296 1139 1410 1186 parte
1430 1134 1601 1174 alicuius
1622 1135 1786 1175 horum.
1844 1136 2017 1177 XXVII.

263 1193 332 1232 [40.
380 1193 554 1234 Occasio
583 1199 719 1234 autem
751 1199 812 1235 est
842 1208 936 1248 pars
966 1196 1166 1247 temporis
1196 1197 1352 1236 liabens
1382 1196 1422 1235 in
1454 1209 1498 1235 se
1528 1195 1699 1236 alicuius
1730 1196 1789 1237 rei
1822 1199 2016 1238 idoneam

213 1252 442 1295 ¹⁵faciendi
486 1260 556 1296 aut
597 1269 681 1297 non
718 1256 898 1297 faciendi
946 1259 1311 1311 opportunitatem.
1389 1258 1526 1306 Quare
1570 1272 1663 1299 011111
1703 1264 1892 1314 tempore
1934 1261 2016 1300 hoc

264 1315 432 1359 differt:
463 1331 556 1358 nam
589 1332 743 1371 genere
775 1318 941 1374 quidem
972 1324 1194 1374 utrumque
1225 1321 1335 1360 idem
1367 1334 1456 1360 esse
1488 1320 1760 1374 intelligitur3
1805 1334 1949 1362 verum
1979 1321 2021 1361 in

262 1386 451 1434 tempore
483 1381 659 1433 spatium
691 1380 870 1435 quodam
901 1382 1024 1421 modo
1057 1380 1312 1428 declaratur,
1359 1381 1472 1436 quod
1510 1384 1552 1423 in
1592 1383 1710 1424 annis
1741 1388 1810 1424 aut
1837 1384 1880 1423 111
1911 1397 2018 1424 anno

262 1444 403 1483 autin
435 1444 572 1498 aliqua
603 1444 696 1483 anni
726 1452 843 1496 parte
884 1448 1114 1498 spectatur;
1162 1444 1203 1485 in
1250 1447 1467 1486 occasione
1512 1447 1563 1486 ad
1605 1447 1779 1500 spatium
1819 1446 2020 1499 temporis

262 1503 439 1546 faciendi
471 1507 675 1559 quaedam
704 1507 990 1560 opportunitas
1021 1506 1265 1561 intelligitur
1295 1507 1501 1549 adiuncta.
1573 1509 1710 1557 Quare
1741 1521 1833 1548 cum
1865 1521 2018 1562 genere

213 1567 372 1609 widem
403 1567 474 1614 sit,
515 1566 559 1607 fit
589 1568 720 1614 aliud,
761 1570 871 1622 quod
903 1574 1018 1623 parte
1049 1572 1224 1625 quadam
1257 1576 1297 1611 et
1327 1570 1488 1625 specie,
1526 1576 1572 1610 ut
1602 1570 1801 1619 diximus,
1835 1570 2015 1612 differat.

262 1631 376 1670 Haec
398 1630 659 1670 distribuitur
686 1631 728 1670 in
750 1630 827 1670 tria
858 1645 1032 1684 genera,
1065 1633 1301 1686 publicum,
1334 1646 1578 1681 commune,
1612 1633 1833 1687 singulare.
1882 1632 2022 1674 Publi-

262 1705 354 1732 cum
376 1698 462 1739 est,
496 1695 608 1746 quod
641 1694 783 1733 civitas
815 1693 1008 1735 universa
1038 1694 1173 1749 aliqua
1203 1697 1254 1735 de
1286 1709 1406 1735 causa
1437 1694 1692 1749 frequentat,
1724 1701 1769 1736 ut
1790 1694 1897 1744 ludi,
1932 1695 2020 1736 dies

259 1755 413 1802 festus,
446 1754 614 1796 bellum.
675 1758 930 1804 Commune,
974 1756 1086 1811 quod
1116 1756 1264 1797 accidit
1294 1759 1485 1798 omnibus
1517 1756 1665 1798 eodem
1696 1756 1783 1798 fere
1813 1763 2016 1812 tempore,

260 1822 305 1858 ut
335 1818 506 1866 messis,
545 1819 772 1863 vindemia,
812 1820 947 1866 calor,
986 1818 1130 1873 frigus.
1194 1820 1409 1873 Singulare
1441 1825 1577 1860 autem
1609 1825 1695 1866 est,
1738 1822 1851 1875 quod
1881 1820 2021 1874 aliqua

210 1887 245 1912 2⁵
262 1879 311 1921 de
342 1895 465 1922 causa
493 1882 685 1936 privatim
716 1881 837 1922 alicui
868 1883 977 1922 solet
1006 1882 1221 1930 accidere,
1260 1888 1306 1923 ut
1336 1885 1525 1937 nuptiae,
1559 1881 1830 1931 sacrificium,
1874 1884 2014 1931 funus,

261 1945 517 1991 convivium,
549 1958 732 1985 somnus.
795 1947 863 1986 41.
913 1946 1062 1985 Modus
1092 1950 1230 1985 autem
1264 1951 1345 1993 est,
1379 1947 1421 1986 in
1452 1960 1557 2001 qu0,
1594 1944 1946 2000 quemadmodum
1978 1951 2019 1986 et

260 2021 341 2061 quo
375 2008 511 2049 animo
543 2007 694 2048 factum
726 2007 797 2055 sit,
831 2006 1060 2061 quaeritur.
1120 2008 1220 2048 Eius
1250 2013 1388 2062 partes
1420 2014 1514 2048 sunt
1544 2006 1763 2060 prudentia
1794 2012 1835 2048 et
1863 2008 2020 2062 impru-

259 2069 411 2111 dentia.
472 2071 722 2110 Prudentiae
754 2074 891 2110 autem
922 2070 1028 2110 ratio
1058 2070 1271 2124 quaeritur
1301 2083 1352 2111 ex
1382 2069 1454 2118 iis,
1488 2084 1593 2125 quae
1625 2071 1748 2116 clam,
1780 2068 1929 2124 palam,
1960 2070 2016 2117 vi,

258 2132 530 2187 persuasione
561 2131 733 2180 fecerit;
765 2131 1043 2186 imprudentia
1072 2137 1208 2172 autem
1239 2135 1281 2173 in
1312 2132 1600 2188 purgationem
1633 2130 1868 2178 confertur,
1902 2132 2019 2172 cuius

209 2210 244 2236 50
259 2201 398 2250 partes
428 2200 522 2236 sunt
552 2194 795 2242 inscientia,
846 2208 984 2242 casus,
1027 2196 1275 2243 necessitas,
1324 2201 1364 2236 et
1394 2196 1436 2236 111
1467 2194 1727 2236 affectionem
1759 2194 1906 2242 animi,
1938 2197 2018 2235 hoc

259 2263 343 2306 est,
386 2257 635 2304 molestiam,
683 2258 964 2303 iracundiam,
1012 2270 1194 2297 amorem
1226 2262 1266 2297 et
1297 2263 1454 2305 cetera,
1503 2271 1608 2312 quae
1639 2256 1681 2297 in
1712 2256 1834 2297 simili
1866 2270 2017 2310 genere

257 2326 491 2361 versantur.
551 2321 781 2361 Facultates
804 2324 918 2366 sunt,
951 2324 1019 2360 aut
1049 2318 1198 2375 quibus
1227 2318 1390 2360 facilius
1419 2319 1464 2361 fit
1493 2326 1562 2361 aut
1583 2321 1670 2361 sine
1692 2318 1841 2375 quibus
1863 2319 2018 2375 aliquid

260 2383 406 2425 confici
436 2396 518 2423 non
548 2387 698 2437 potest.

369 2446 562 2487 XXVIII.
610 2446 857 2485 Adiunctum
898 2445 1066 2498 negotio
1109 2450 1245 2486 autem
1285 2444 1327 2486 id
1359 2445 1622 2499 intelligitur,
1675 2443 1787 2501 quod
1815 2446 1947 2487 maius
1978 2449 2019 2486 et

209 2521 243 2547 ³5
259 2511 371 2564 quod
402 2509 536 2549 minus
567 2512 608 2547 et
638 2508 749 2562 quod
779 2521 910 2562 aeque
943 2520 1137 2561 magnum
1169 2513 1209 2548 et
1241 2510 1352 2562 quod
1384 2509 1517 2548 simile
1550 2509 1628 2548 erit
1650 2509 1688 2548 ei
1708 2508 1898 2560 negotio,
1932 2522 2014 2562 quo

259 2576 309 2615 de
341 2574 497 2627 agitur,
530 2575 570 2610 et
600 2572 711 2625 quod
743 2570 996 2610 contrarium
1028 2575 1069 2610 et
1100 2572 1212 2625 quod
1244 2570 1522 2623 disparatum,
1557 2578 1596 2611 et
1618 2584 1747 2625 genus
1779 2575 1821 2610 et
1848 2583 1944 2624 pars
1975 2576 2016 2611 et

259 2640 445 2677 eventus.
506 2633 637 2674 Maius
670 2638 708 2672 et
738 2634 872 2673 minus
905 2638 944 2672 et
973 2646 1105 2687 aeque
1137 2646 1330 2686 magnum
1374 2647 1426 2674 ex
1464 2635 1504 2673 vi
1534 2639 1575 2674 et
1604 2647 1657 2674 ex
1685 2645 1858 2673 numero
1892 2638 1932 2674 et
1962 2647 2017 2675 ex

257 2694 390 2746 figura
422 2695 601 2744 negotii,
649 2697 755 2736 sicut
786 2710 837 2736 ex
869 2701 1023 2736 statura
1056 2696 1268 2748 corporis,
1313 2695 1610 2740 consideratur.
1668 2697 1735 2735 42.
1768 2696 1911 2736 Simile
1943 2710 2015 2738 au-

258 2761 340 2796 tem
373 2771 426 2797 ex
457 2759 595 2811 specie
628 2759 901 2810 comparabili
931 2763 1001 2798 aut
1031 2772 1083 2798 ex
1115 2758 1369 2800 conferenda
1409 2764 1530 2814 atque
1562 2757 1838 2799 assimulanda
1868 2763 2015 2800 natura

208 2834 244 2859 100
259 2820 477 2861 iudicatur.
540 2822 799 2862 Contrarium
832 2826 916 2869 est,
950 2819 1060 2875 quod
1091 2822 1270 2875 positum
1302 2823 1344 2861 in
1375 2834 1527 2872 genere
1559 2820 1723 2861 diverso
1755 2821 1806 2860 ab
1839 2821 2011 2868 eodem,

259 2880 325 2921 cui
365 2885 617 2925 contrarium
662 2898 752 2925 esse
793 2883 966 2932 dicitur,
1012 2884 1237 2938 plurimum
1279 2883 1424 2933 distat,
1472 2889 1517 2924 ut
1546 2882 1675 2937 frigus
1707 2883 1857 2932 calori,
1906 2884 2014 2924 vitae

351 2995 383 3026 1.
409 2996 719 3033 praeterieruntR.
742 3012 782 3017 —
810 2995 842 3025 2.
864 2995 1100 3026 obsoleverunt
1117 2995 1161 3033 P,
1191 2996 1412 3026 absolverunt
1430 2994 1471 3025 R.
1494 3011 1534 3016 —-
1561 2993 1594 3024 3.
1614 3003 1757 3026 numero
1774 2995 1805 3026 R
1831 2999 1864 3027 et
1883 3003 1921 3027 ex
1940 2995 2013 3026 aliis

258 3039 361 3071 Seu:
388 3050 569 3073 numerum
595 3043 726 3074 ΡΑΤΕ.
748 3058 787 3063 -
813 3042 847 3073 7.
875 3045 905 3073 et
931 3050 1016 3081 quae
1042 3051 1136 3079 cum,
1165 3047 1201 3072 ut
1227 3051 1288 3081 ego
1315 3044 1544 3078 coniecerant,
1575 3050 1662 3072 corr.
1691 3042 1739 3072 P:
1771 3045 1802 3072 ot
1825 3050 1903 3073 cum
1927 3043 2012 3080 (om.

257 3085 356 3127 quae)
382 3087 440 3117 ΑΤ
468 3094 501 3118 01
526 3098 575 3128 pr.
597 3090 642 3125 P,
669 3094 698 3121 et
725 3097 812 3129 quae
840 3089 923 3127 (0111.
954 3090 1043 3126 ctam)
1062 3089 1133 3119 RE.
1157 3105 1193 3110 —
1223 3089 1278 3119 134.
1310 3088 1455 3118 Occasio
1481 3093 1597 3118 autem
1622 3092 1671 3119 est
1696 3089 1842 3119 PART:
1871 3087 2013 3119 Occasio

257 3136 434 3164 extantem
459 3134 508 3171 V,
539 3136 680 3167 Occasio
705 3140 752 3166 est
778 3134 860 3174 (om.
883 3134 1011 3171 autem)
1041 3135 1077 3165 E.
1102 3151 1141 3156 —
1168 3135 1224 3165 ⁶25.
1254 3135 1361 3165 alicui
1385 3135 1468 3165 solet
1494 3134 1634 3166 PART:
1663 3136 1749 3166 solet
1777 3135 1884 3166 alicui
1911 3134 1951 3165 E.
1973 3151 2013 3156 —

256 3179 313 3210 26.
341 3180 463 3211 Modus
488 3186 604 3212 autem
630 3188 677 3213 est
702 3182 872 3213 VPART:
908 3181 1034 3213 Modus
1057 3185 1104 3213 est
1131 3180 1212 3219 (om.
1242 3179 1372 3219 autem)
1409 3181 1446 3211 E.
1489 3197 1527 3201 —
1573 3182 1628 3212 28.
1668 3182 1875 3213 Prudentiae
1899 3184 2014 3212 autem

255 3226 350 3256 racio
378 3226 520 3257 PART:
561 3229 771 3259 Prudentiae
798 3229 893 3259 ratio
928 3227 1012 3267 (om-
1045 3226 1173 3266 autem)
1201 3227 1241 3258 E.
1274 3244 1308 3249 —
1349 3227 1405 3258 32.
1441 3229 1578 3268 negotio
1603 3232 1717 3259 autem
1748 3228 1856 3259 PAT:
1898 3233 2014 3258 autem

254 3274 394 3311 neqotio
432 3273 537 3304 VRE.
580 3291 616 3296 —
663 3275 718 3306 35.
755 3277 870 3306 minus
904 3275 1047 3315 ecquod
1072 3283 1176 3314 aeque
1203 3283 1367 3313 maynum
1392 3274 1527 3306 Oxonn.
1566 3276 1656 3311 (1110,
1699 3275 1727 3305 Β
1765 3274 2011 3310 Lindemanni,

257 3319 361 3349 Sch.:
400 3328 451 3351 vv.
480 3324 511 3350 et
537 3320 629 3360 quod
654 3330 764 3365 aequo
790 3330 956 3364 maynum
974 3325 1050 3361 post
1068 3330 1099 3354 v.
1120 3322 1237 3361 ayz'tm·
1255 3321 1384 3354 habeut
1401 3321 1566 3354 PARTE.
1591 3337 1626 3344 -
1655 3321 1713 3353 41.
1735 3329 1800 3353 esse
1819 3329 1887 3352 om.
1907 3320 2010 3354 PAT.

256 3365 396 3397 Habent
422 3366 496 3397 VR.
