2117 3762
243 259 327 305 294
944 256 1015 298 DE
1045 255 1293 300 ORATORE

786 678 852 723 M.
891 676 1099 722 TULLII
1133 673 1458 722 CICERONIS

1095 787 1154 818 DE

660 888 666 894 “
711 876 763 935 Ο
832 876 894 933 R
963 878 1034 933 Α
1103 874 1158 930 Τ
1230 872 1282 929 0
1351 873 1413 929 R
1479 874 1534 930 E

861 998 1063 1040 LIBER
1093 996 1389 1038 TER'rlus.

240 1271 274 1312 Ι.
310 1272 347 1312 1.
378 1259 620 1312 Instituenti
649 1264 774 1316 mihi,
809 1265 962 1316 Quinte
991 1262 1140 1313 frater,
1174 1278 1269 1305 eum
1301 1277 1537 1307 sermonem
1566 1262 1724 1306 referre
1746 1269 1786 1306 et
1808 1267 2002 1306 mandare

237 1333 334 1376 huic
362 1333 486 1375 tertio
514 1331 647 1379 libro,
699 1343 824 1386 quem
858 1333 954 1383 post
989 1327 1160 1369 Antonii
1201 1326 1525 1383 disputationem
1558 1327 1729 1368 Crassus
1761 1329 1999 1376 habuisset,

239 1393 390 1437 acerba
434 1407 534 1435 sane
574 1393 808 1434 recordatio
849 1396 1035 1433 veterem
1074 1390 1198 1431 animi
1239 1404 1381 1432 curam
1422 1389 1737 1445 molestiamque
1775 1391 2002 1432 renovavit.

238 1460 342 1499 Nam
370 1456 473 1498 illud
501 1454 811 1497 immortalitate
842 1454 1013 1508 dignum
1042 1453 1279 1508 ingenium,
1312 1452 1381 1494 illa
1411 1451 1666 1501 humanitas,
1698 1452 1768 1493 illa
1797 1454 1926 1494 virtus
1956 1454 2002 1493 L.

209 1537 225 1562 5
241 1520 376 1563 Crassi
395 1523 528 1561 morte
550 1519 750 1560 exstincta
770 1515 907 1559 subita
926 1522 987 1558 est
1007 1516 1079 1558 vix
1099 1515 1244 1558 diebus
1267 1515 1410 1557 decem
1431 1520 1525 1571 post
1545 1529 1640 1557 eum
1660 1514 1790 1564 diem,
1829 1515 1902 1570 qui
1921 1517 2002 1556 hoc

243 1588 285 1625 et
305 1581 522 1638 superiore
542 1580 651 1623 libro
671 1580 920 1622 continetur.
983 1581 1022 1620 2.
1055 1579 1105 1621 Ut
1134 1580 1244 1620 enim
1263 1582 1438 1621 Romam
1457 1578 1581 1620 rediit
1601 1584 1788 1620 extremo
1810 1580 2006 1619 ludorum

240 1644 502 1687 scenicorum
524 1643 615 1693 die,
650 1645 922 1686 vehementer
942 1647 1175 1684 commotus
1196 1643 1384 1683 oratione
1406 1656 1478 1688 ea,
1510 1655 1616 1697 quae
1635 1640 1846 1683 serebatur
1865 1639 2005 1682 habita

239 1721 330 1750 esse
359 1706 403 1748 in
435 1705 630 1748 contione
664 1720 688 1747 a
707 1705 920 1761 Philippo,
961 1719 1086 1760 quem
1121 1704 1275 1746 dixisse
1304 1706 1518 1746 constabat
1549 1703 1872 1746 “Videndum
1900 1702 2005 1745 sibi

240 1784 354 1812 esse
385 1767 532 1811 aliud
552 1770 858 1819 consilium;
889 1768 982 1810 illo
1013 1774 1200 1809 senatu
1231 1782 1285 1808 se
1306 1781 1407 1808 rem
1426 1767 1686 1822 publicam
1709 1780 1887 1821 gerere
1907 1779 2004 1807 non

187 1846 463 1889 aoposse„:
514 1846 636 1874 mane
681 1831 822 1873 Idibus
854 1830 1167 1887 Septembribus
1198 1835 1239 1871 et
1267 1829 1336 1871 ille
1367 1836 1406 1871 et
1435 1836 1601 1871 senatus
1629 1829 1827 1885 frequens
1856 1835 2004 1871 vocatu

236 1895 360 1937 Drusi
390 1896 433 1935 in
465 1895 620 1936 curiam
648 1895 776 1937 venit.
834 1894 900 1936 Ibi
932 1908 1027 1935 cum
1055 1897 1215 1935 Drusus
1247 1892 1373 1933 multa
1404 1894 1455 1934 de
1476 1894 1668 1948 Philippo
1689 1898 1856 1947 questus
1877 1898 1999 1941 esset,

237 1959 396 1999 rettulit
426 1959 477 1998 ad
508 1962 698 1998 senatum
730 1959 780 1998 de
810 1956 883 1998 illo
914 1956 1033 2011 ipso,
1067 1958 1179 2011 quod
1202 1957 1243 1996 in
1274 1968 1368 1995 eum
1400 1955 1589 1996 ordinem
1621 1956 1765 1996 consul
1796 1961 1879 1995 tam
1911 1969 2003 2009 gra-

235 2022 343 2062 viter
372 2019 415 2061 in
445 2021 639 2061 contione
670 2024 781 2060 esset
808 2019 1011 2060 invectus.
1073 2021 1114 2059 3.
1148 2019 1250 2066 Hic,
1282 2023 1328 2059 ut
1353 2032 1477 2073 saepe
1497 2018 1607 2059 inter
1627 2019 1818 2059 homines
1840 2019 2003 2073 sapien-

236 2084 418 2124 tissimos
458 2088 649 2124 constare
684 2081 795 2131 vidi,
849 2094 1101 2137 quamquam
1130 2082 1210 2122 hoc
1242 2082 1409 2129 Crasso,
1462 2095 1555 2122 cum
1586 2081 1743 2133 aliquid
1773 2080 2001 2122 accuratius

185 2160 222 2186 15
238 2146 433 2193 dixisset,
467 2159 634 2200 semper
662 2144 751 2187 fere
783 2146 1043 2198 contigisset,
1083 2150 1128 2184 ut
1157 2157 1366 2198 nunquam
1398 2143 1552 2185 dixisse
1583 2145 1730 2185 melius
1763 2149 1998 2197 putaretur,

235 2213 374 2249 tamen
404 2207 591 2249 omnium
620 2221 826 2249 consensu
855 2206 914 2248 sic
945 2221 1037 2247 esse
1072 2203 1186 2259 [tum]
1210 2205 1459 2254 iudicatum,
1494 2211 1656 2248 ceteros
1676 2220 1700 2247 a
1723 2206 1869 2246 Crasso
1893 2221 2001 2247 sem-

234 2284 311 2324 per
341 2283 506 2318 omneS‚
537 2270 609 2311 illo
641 2275 777 2311 autem
809 2270 876 2310 die
897 2270 1020 2310 etiam
1041 2268 1177 2323 ipsum
1199 2282 1222 2309 a
1243 2282 1287 2309 se
1309 2275 1563 2324 superatum.
1623 2268 1869 2322 Deploravit
1889 2268 2000 2310 enim

237 2346 379 2374 casum
409 2338 532 2388 atque
561 2333 786 2373 orbitatem
815 2337 1003 2379 senatus,
1036 2332 1154 2372 cuius
1176 2332 1332 2372 ordinis
1356 2345 1378 2372 a
1399 2331 1590 2379 consule,
1624 2331 1693 2387 qui
1714 2331 1830 2386 quasi
1851 2345 2000 2387 parens

235 2397 372 2437 bonus
402 2402 473 2436 aut
500 2400 614 2436 tutor
643 2394 779 2436 fidelis
822 2407 912 2435 esse
956 2392 1147 2442 deberet,
1199 2399 1408 2449 tamquam
1439 2395 1491 2434 ab
1524 2394 1663 2448 aliquo
1694 2393 1852 2436 nefario
1880 2407 2002 2450 prae-

185 2473 222 2499 20
237 2457 346 2500 done
376 2456 630 2512 diriperetur
658 2458 951 2512 patrimonium
982 2455 1214 2510 dignitatis3
1247 2469 1383 2511 neque
1414 2470 1513 2499 vero
1545 2470 1635 2498 esse
1665 2457 1919 2505 mirandum,
1950 2457 1999 2505 si,

236 2535 330 2562 cum
371 2520 456 2562 suis
496 2519 680 2561 consiliis
724 2532 812 2561 rem
857 2520 1069 2572 publicam
1108 2517 1392 2574 profligasset,
1445 2519 1663 2561 consilium
1703 2524 1868 2560 senatus
1904 2533 1925 2560 a
1952 2533 1998 2560 re

233 2582 403 2640 publica
431 2581 685 2638 repudiaret.
745 2583 785 2625 4.
826 2583 906 2622 Hic
948 2596 1041 2622 cum
1073 2580 1235 2622 homini
1261 2588 1301 2623 et
1330 2582 1566 2624 vehementi
1598 2588 1638 2623 et
1667 2583 1819 2623 diserto
1852 2588 1892 2623 et
1921 2583 1999 2622 im-

235 2645 381 2700 primis
410 2643 510 2686 forti
538 2646 590 2685 ad
626 2643 923 2692 resistendum,
975 2645 1194 2699 Philippo,
1247 2646 1362 2699 quasi
1403 2647 1601 2700 quasdam
1631 2643 1854 2686 verborum
1886 2643 1996 2686 faces

236 2709 510 2756 admovisset,
542 2721 627 2748 non
657 2706 753 2748 tulit
781 2707 850 2749 ille
880 2712 921 2748 et
952 2707 1133 2761 graviter
1162 2707 1317 2749 exarsit
1345 2706 1673 2763 pignoribusque
1700 2706 1847 2749 ablatis
1880 2709 1997 2750 Cras-

329 2843 362 2875 1.
393 2841 545 2881 Quintus
570 2842 614 2873 R.
642 2858 684 2863 —
710 2841 744 2872 5.
770 2841 883 2873 subito
909 2841 954 2873 R.
982 2858 1023 2864 —-
1048 2843 1138 2873 vincit
1162 2843 1206 2874 R.
1234 2859 1276 2863 —
1301 2841 1335 2873 7.
1365 2842 1527 2874 ludorum
1551 2842 1766 2873 scenicorum
1790 2841 1819 2873 A
1845 2842 1994 2883 aliique:

235 2890 450 2921 scenicorum
476 2889 637 2920 ludorum
663 2888 705 2926 (B
717 2888 748 2923 ·?)
773 2888 847 2920 RE.
875 2905 917 2910 —
959 2890 1118 2920 oratione
1145 2898 1185 2920 ca
1211 2890 1240 2920 A
1267 2890 1416 2930 aliique:
1458 2897 1499 2919 ea
1527 2889 1687 2921 oratione
1720 2888 1760 2929 (B
1774 2887 1803 2929 ⁵2)
1838 2889 1911 2920 RE.
1956 2907 1992 2912 -

236 2936 270 2966 9.
298 2944 363 2968 esse
388 2935 486 2967 aliud
511 2936 541 2967 Α
566 2936 723 2976 aliique,
760 2935 812 2967 R:
852 2935 952 2967 aliud
978 2944 1046 2967 csse
1073 2934 1153 2976 (Βῖ)
1182 2937 1219 2968 E.
1259 2953 1300 2958 —
1342 2944 1458 2975 reqere
1483 2935 1526 2966 R.
1567 2952 1610 2956 —
1653 2936 1707 2967 10.
1744 2935 1996 2975 Septembribus

239 2982 348 3014 Codd.
375 2983 445 3014 aL:
479 2982 688 3022 Septembris
712 2981 785 3013 RE.
812 2998 858 3003 —
898 2983 953 3013 12.
981 2984 1018 3014 in
1042 2992 1116 3014 eum
1141 2984 1299 3014 ordinem
1323 2982 1442 3014 consul
1468 2986 1541 3012 tam
1565 2982 1679 3014 ABR:
1719 2983 1837 3014 consul
1860 2986 1897 3014 in
1923 2991 1997 3013 eum

238 3029 393 3060 ordinem
418 3033 490 3060 tam
516 3030 556 3061 E.
585 3028 668 3069 (Pro
694 3029 815 3060 consul
838 3031 937 3060 tam:
963 3030 1153 3061 consultum
1177 3029 1264 3068 AR)
1294 3045 1330 3051 —
1360 3028 1415 3060 13.
1443 3028 1521 3060 Huc
1546 3029 1617 3060 AB.
1649 3046 1686 3052 -
1728 3030 1784 3062 15.
1811 3030 1996 3069 contiyisse

238 3074 311 3105 AB.
340 3072 540 3115 (contigisse
566 3075 749 3108 constabat
775 3084 853 3107 cum
881 3075 992 3107 Codd.
1029 3076 1111 3116 aliq.
1142 3073 1370 3115 Stephanus.)
1405 3092 1445 3097 —
1486 3076 1541 3109 16.
1568 3079 1652 3108 esset
1677 3075 1717 3106 B.
1747 3093 1783 3099 -
1824 3080 1897 3107 tum
1923 3084 1992 3107 om.

237 3120 311 3152 AB.
354 3121 425 3152 Nos
452 3123 670 3155 seclusimus.
702 3140 739 3145 —
783 3125 913 3154 ceteros
938 3123 996 3154 AB
1021 3124 1177 3163 aliique:
1219 3123 1341 3154 audivi
1365 3127 1496 3153 ceteros
1522 3123 1604 3161 RE,
1642 3123 1842 3153 audivimus
1865 3127 1995 3155 ceteros

241 3174 259 3198 e
286 3166 372 3197 Cod.
400 3168 483 3208 Reg.
511 3169 616 3201 7703.
643 3169 798 3202 Leclerc.
829 3183 864 3190 ·-=
895 3169 950 3200 17.
978 3179 1011 3202 se
1035 3169 1065 3201 Α
1091 3170 1220 3208 aliique
1238 3192 1246 3207 ,
1273 3170 1324 3200 R:
1351 3177 1422 3200 sese
1448 3167 1530 3210 (Βῖ)
1558 3170 1598 3201 E.
1627 3186 1668 3191 —
1694 3170 1927 3209 Deploratum
1952 3169 1992 3200 B.

240 3228 282 3235 —
309 3213 365 3244 18.
392 3213 501 3254 cuius]
529 3218 648 3255 quovis
674 3215 724 3255 (id
751 3220 804 3249 est
828 3214 966 3257 quoius)
991 3216 1063 3248 AB.
1095 3232 1132 3238 -
1161 3217 1217 3248 19.
1245 3214 1435 3256 tamquam]
1465 3220 1536 3248 tam
1564 3217 1635 3247 ΑΒ.
1665 3233 1704 3239 -
1740 3216 1913 3256 praedone
1936 3225 1993 3248 ne-

240 3258 334 3299 fario
359 3259 399 3290 B.
427 3275 464 3282 —
489 3262 547 3292 21.
574 3272 595 3293 α
619 3272 657 3294 re
678 3260 832 3303 publica]
860 3264 1038 3303 republica
1063 3263 1141 3300 AB,
1170 3264 1206 3294 in
1230 3263 1409 3302 republica
1435 3264 1516 3304 Lag.
1546 3263 1601 3296 32.
1634 3267 1667 3294 et
1689 3263 1884 3294 Scbutzius.
1923 3261 1993 3302 (hic

242 3308 341 3386 ceoqii(i
363 3314 410 3384 e}
429 3305 506 3338 lect.
535 3307 643 3341 Codd.
672 3310 753 3350 aliq.
781 3312 821 3343 in
845 3319 917 3344 rem
937 3308 1145 3351 publicam.)
1169 3310 1219 3343 rei
1242 3310 1399 3351 publicae
1425 3310 1465 3342 R.
1503 3325 1548 3332 —
1581 3309 1638 3342 24.
1666 3309 1869 3350 pigneribus
1895 3308 1947 3341 bis
1973 3318 1992 3341 e

274 3361 291 3385 o
347 3374 354 3382 .
414 3375 424 3386 .
452 3369 493 3376 —-·
519 3354 638 3388 allatis
661 3356 736 3390 AB.
