<?xml version="1.0" encoding="UTF-8"?>
<!DOCTYPE html PUBLIC "-//W3C//DTD XHTML 1.0 Transitional//EN"
    "http://www.w3.org/TR/xhtml1/DTD/xhtml1-transitional.dtd">
<html xmlns="http://www.w3.org/1999/xhtml" xml:lang="en" lang="en">
 <head>
  <title>
</title>
<meta http-equiv="Content-Type" content="text/html;charset=utf-8" />
  <meta name='ocr-system' content='tesseract 3.04.00' />
  <meta name='ocr-capabilities' content='ocr_page ocr_carea ocr_par ocr_line ocrx_word'/>
</head>
<body>
  <div class='ocr_page' id='page_1' title='image "./operaquaesupersu01ciceuoft_0340.png"; bbox 0 0 2117 3762; ppageno 0'>
   <div class='ocr_carea' id='block_1_1' title="bbox 219 254 1267 300">
    <p class='ocr_par' dir='ltr' id='par_1_1' title="bbox 219 254 1267 300">
     <span class='ocr_line' id='line_1_1' title="bbox 219 254 1267 300; baseline -0.003 0"><span class='ocrx_word' id='word_1_1' title='bbox 219 256 299 300; x_wconf 82' lang='lat'>328</span> <span class='ocrx_word' id='word_1_2' title='bbox 919 254 989 296; x_wconf 90' lang='lat' dir='ltr'>DE</span> <span class='ocrx_word' id='word_1_3' title='bbox 1020 254 1267 297; x_wconf 87' lang='lat' dir='ltr'><strong>ORATORE</strong></span> 
     </span>
    </p>
   </div>
   <div class='ocr_carea' id='block_1_2' title="bbox 171 355 1983 2545">
    <p class='ocr_par' dir='ltr' id='par_1_2' title="bbox 171 355 1983 2545">
     <span class='ocr_line' id='line_1_2' title="bbox 219 355 1969 420; baseline -0.005 -15"><span class='ocrx_word' id='word_1_4' title='bbox 219 377 300 420; x_wconf 92' lang='lat' dir='ltr'>que</span> <span class='ocrx_word' id='word_1_5' title='bbox 330 367 572 413; x_wconf 82' lang='lat' dir='ltr'>sumuntur3</span> <span class='ocrx_word' id='word_1_6' title='bbox 607 360 679 403; x_wconf 90' lang='lat' dir='ltr'>sed</span> <span class='ocrx_word' id='word_1_7' title='bbox 710 373 757 402; x_wconf 89' lang='lat' dir='ltr'>ea</span> <span class='ocrx_word' id='word_1_8' title='bbox 786 373 862 400; x_wconf 91' lang='lat' dir='ltr'>nos</span> <span class='ocrx_word' id='word_1_9' title='bbox 892 372 984 400; x_wconf 91' lang='lat' dir='ltr'>cum</span> <span class='ocrx_word' id='word_1_10' title='bbox 1014 360 1187 402; x_wconf 86' lang='lat' dir='ltr'>iacentia</span> <span class='ocrx_word' id='word_1_11' title='bbox 1218 360 1456 403; x_wconf 82' lang='lat' dir='ltr'>sustulimus</span> <span class='ocrx_word' id='word_1_12' title='bbox 1487 375 1509 401; x_wconf 89' lang='lat' dir='ltr'>e</span> <span class='ocrx_word' id='word_1_13' title='bbox 1540 357 1700 405; x_wconf 90' lang='lat' dir='ltr'>medio,</span> <span class='ocrx_word' id='word_1_14' title='bbox 1733 358 1838 398; x_wconf 90' lang='lat' dir='ltr'>sicut</span> <span class='ocrx_word' id='word_1_15' title='bbox 1866 355 1969 398; x_wconf 89' lang='lat' dir='ltr'>mol-</span> 
     </span>
     <span class='ocr_line' id='line_1_3' title="bbox 218 420 1970 475; baseline -0.006 -5"><span class='ocrx_word' id='word_1_16' title='bbox 218 427 416 470; x_wconf 89' lang='lat' dir='ltr'>lissimam</span> <span class='ocrx_word' id='word_1_17' title='bbox 446 440 580 468; x_wconf 87' lang='lat' dir='ltr'>ceram</span> <span class='ocrx_word' id='word_1_18' title='bbox 611 426 662 465; x_wconf 88' lang='lat' dir='ltr'>ad</span> <span class='ocrx_word' id='word_1_19' title='bbox 691 428 880 464; x_wconf 82' lang='lat' dir='ltr'>nostrum</span> <span class='ocrx_word' id='word_1_20' title='bbox 925 423 1142 463; x_wconf 79' lang='lat' dir='ltr'>arbitrium</span> <span class='ocrx_word' id='word_1_21' title='bbox 1186 422 1414 465; x_wconf 80' lang='lat' dir='ltr'>formamus</span> <span class='ocrx_word' id='word_1_22' title='bbox 1459 428 1500 464; x_wconf 92' lang='lat' dir='ltr'>et</span> <span class='ocrx_word' id='word_1_23' title='bbox 1545 420 1751 475; x_wconf 84' lang='lat' dir='ltr'>fingimus.</span> <span class='ocrx_word' id='word_1_24' title='bbox 1829 422 1970 474; x_wconf 88' lang='lat' dir='ltr'>ltaque</span> 
     </span>
     <span class='ocr_line' id='line_1_4' title="bbox 219 483 1970 544; baseline -0.005 -13"><span class='ocrx_word' id='word_1_25' title='bbox 219 496 306 532; x_wconf 90' lang='lat' dir='ltr'>tum</span> <span class='ocrx_word' id='word_1_26' title='bbox 338 503 483 544; x_wconf 86' lang='lat' dir='ltr'>graves</span> <span class='ocrx_word' id='word_1_27' title='bbox 512 500 677 534; x_wconf 63' lang='lat' dir='ltr'>summ,</span> <span class='ocrx_word' id='word_1_28' title='bbox 725 490 813 525; x_wconf 84' lang='lat' dir='ltr'>tum</span> <span class='ocrx_word' id='word_1_29' title='bbox 842 483 1035 533; x_wconf 89' lang='lat' dir='ltr'>subtiles,</span> <span class='ocrx_word' id='word_1_30' title='bbox 1082 489 1167 525; x_wconf 90' lang='lat' dir='ltr'>tum</span> <span class='ocrx_word' id='word_1_31' title='bbox 1201 485 1383 527; x_wconf 89' lang='lat' dir='ltr'>medium</span> <span class='ocrx_word' id='word_1_32' title='bbox 1414 484 1609 540; x_wconf 81' lang='lat' dir='ltr'>quiddam</span> <span class='ocrx_word' id='word_1_33' title='bbox 1651 490 1864 531; x_wconf 80' lang='lat' dir='ltr'>tenemus3</span> <span class='ocrx_word' id='word_1_34' title='bbox 1912 483 1970 523; x_wconf 89' lang='lat' dir='ltr'>sic</span> 
     </span>
     <span class='ocr_line' id='line_1_5' title="bbox 218 544 1971 602; baseline -0.005 -7"><span class='ocrx_word' id='word_1_35' title='bbox 218 553 444 595; x_wconf 89' lang='lat' dir='ltr'>institutam</span> <span class='ocrx_word' id='word_1_36' title='bbox 474 555 657 591; x_wconf 85' lang='lat' dir='ltr'>nostram</span> <span class='ocrx_word' id='word_1_37' title='bbox 688 546 930 589; x_wconf 79' lang='lat' dir='ltr'>sententiam</span> <span class='ocrx_word' id='word_1_38' title='bbox 963 545 1150 601; x_wconf 89' lang='lat' dir='ltr'>sequitur</span> <span class='ocrx_word' id='word_1_39' title='bbox 1180 548 1378 589; x_wconf 88' lang='lat' dir='ltr'>orationis</span> <span class='ocrx_word' id='word_1_40' title='bbox 1409 561 1536 602; x_wconf 87' lang='lat' dir='ltr'>genus</span> <span class='ocrx_word' id='word_1_41' title='bbox 1567 544 1692 599; x_wconf 89' lang='lat' dir='ltr'>idque</span> <span class='ocrx_word' id='word_1_42' title='bbox 1724 546 1774 586; x_wconf 89' lang='lat' dir='ltr'>ad</span> <span class='ocrx_word' id='word_1_43' title='bbox 1806 559 1971 586; x_wconf 88' lang='lat' dir='ltr'>omnem</span> 
     </span>
     <span class='ocr_line' id='line_1_6' title="bbox 190 609 1972 665; baseline -0.002 -13"><span class='ocrx_word' id='word_1_44' title='bbox 190 616 380 657; x_wconf 80' lang='lat' dir='ltr'>saurium</span> <span class='ocrx_word' id='word_1_45' title='bbox 411 612 664 665; x_wconf 89' lang='lat' dir='ltr'>voluptatem</span> <span class='ocrx_word' id='word_1_46' title='bbox 696 614 736 651; x_wconf 89' lang='lat' dir='ltr'>et</span> <span class='ocrx_word' id='word_1_47' title='bbox 765 611 998 651; x_wconf 88' lang='lat' dir='ltr'>animorum</span> <span class='ocrx_word' id='word_1_48' title='bbox 1035 615 1192 651; x_wconf 90' lang='lat' dir='ltr'>motum</span> <span class='ocrx_word' id='word_1_49' title='bbox 1223 616 1402 652; x_wconf 87' lang='lat' dir='ltr'>mutatur</span> <span class='ocrx_word' id='word_1_50' title='bbox 1432 616 1473 652; x_wconf 91' lang='lat' dir='ltr'>et</span> <span class='ocrx_word' id='word_1_51' title='bbox 1504 609 1691 651; x_wconf 86' lang='lat' dir='ltr'>vertitur.</span> <span class='ocrx_word' id='word_1_52' title='bbox 1755 609 1848 648; x_wconf 87' lang='lat'>178.</span> <span class='ocrx_word' id='word_1_53' title='bbox 1891 609 1972 649; x_wconf 86' lang='lat' dir='ltr'>Sed</span> 
     </span>
     <span class='ocr_line' id='line_1_7' title="bbox 221 668 1972 731; baseline -0.006 -11"><span class='ocrx_word' id='word_1_54' title='bbox 221 685 264 720; x_wconf 90' lang='lat' dir='ltr'>ut</span> <span class='ocrx_word' id='word_1_55' title='bbox 293 679 334 718; x_wconf 93' lang='lat' dir='ltr'>in</span> <span class='ocrx_word' id='word_1_56' title='bbox 364 676 574 731; x_wconf 87' lang='lat' dir='ltr'>plerisque</span> <span class='ocrx_word' id='word_1_57' title='bbox 604 671 730 715; x_wconf 88' lang='lat' dir='ltr'>rebus</span> <span class='ocrx_word' id='word_1_58' title='bbox 760 672 1059 713; x_wconf 86' lang='lat' dir='ltr'>incredibiliter</span> <span class='ocrx_word' id='word_1_59' title='bbox 1088 673 1170 712; x_wconf 92' lang='lat' dir='ltr'>hoc</span> <span class='ocrx_word' id='word_1_60' title='bbox 1200 679 1345 713; x_wconf 87' lang='lat' dir='ltr'>natura</span> <span class='ocrx_word' id='word_1_61' title='bbox 1374 679 1434 715; x_wconf 91' lang='lat' dir='ltr'>est</span> <span class='ocrx_word' id='word_1_62' title='bbox 1464 672 1551 725; x_wconf 83' lang='lat' dir='ltr'>ipsa</span> <span class='ocrx_word' id='word_1_63' title='bbox 1583 669 1804 718; x_wconf 90' lang='lat' dir='ltr'>fabricata,</span> <span class='ocrx_word' id='word_1_64' title='bbox 1845 669 1901 711; x_wconf 88' lang='lat' dir='ltr'>sic</span> <span class='ocrx_word' id='word_1_65' title='bbox 1931 668 1972 710; x_wconf 92' lang='lat' dir='ltr'>in</span> 
     </span>
     <span class='ocr_line' id='line_1_8' title="bbox 220 731 1972 790; baseline -0.006 -8"><span class='ocrx_word' id='word_1_66' title='bbox 220 740 432 785; x_wconf 89' lang='lat' dir='ltr'>oratione,</span> <span class='ocrx_word' id='word_1_67' title='bbox 467 742 510 777; x_wconf 90' lang='lat' dir='ltr'>ut</span> <span class='ocrx_word' id='word_1_68' title='bbox 539 749 610 783; x_wconf 89' lang='lat' dir='ltr'>ea,</span> <span class='ocrx_word' id='word_1_69' title='bbox 644 749 749 790; x_wconf 89' lang='lat' dir='ltr'>quae</span> <span class='ocrx_word' id='word_1_70' title='bbox 781 734 1005 776; x_wconf 83' lang='lat' dir='ltr'>maximam</span> <span class='ocrx_word' id='word_1_71' title='bbox 1036 733 1252 776; x_wconf 82' lang='lat' dir='ltr'>utilitatem</span> <span class='ocrx_word' id='word_1_72' title='bbox 1283 734 1324 774; x_wconf 93' lang='lat' dir='ltr'>in</span> <span class='ocrx_word' id='word_1_73' title='bbox 1354 748 1396 775; x_wconf 92' lang='lat' dir='ltr'>se</span> <span class='ocrx_word' id='word_1_74' title='bbox 1427 736 1702 780; x_wconf 82' lang='lat' dir='ltr'>continerent,</span> <span class='ocrx_word' id='word_1_75' title='bbox 1747 731 1972 787; x_wconf 89' lang='lat' dir='ltr'>plurimum</span> 
     </span>
     <span class='ocr_line' id='line_1_9' title="bbox 221 795 1973 852; baseline -0.005 -9"><span class='ocrx_word' id='word_1_76' title='bbox 221 802 362 843; x_wconf 88' lang='lat' dir='ltr'>eadem</span> <span class='ocrx_word' id='word_1_77' title='bbox 403 801 602 840; x_wconf 89' lang='lat' dir='ltr'>haberent</span> <span class='ocrx_word' id='word_1_78' title='bbox 641 797 706 839; x_wconf 92' lang='lat' dir='ltr'>vel</span> <span class='ocrx_word' id='word_1_79' title='bbox 737 797 946 852; x_wconf 83' lang='lat' dir='ltr'>dignitatis</span> <span class='ocrx_word' id='word_1_80' title='bbox 977 799 1043 838; x_wconf 93' lang='lat' dir='ltr'>vel</span> <span class='ocrx_word' id='word_1_81' title='bbox 1074 811 1196 852; x_wconf 89' lang='lat' dir='ltr'>saepe</span> <span class='ocrx_word' id='word_1_82' title='bbox 1226 799 1347 838; x_wconf 88' lang='lat' dir='ltr'>etiam</span> <span class='ocrx_word' id='word_1_83' title='bbox 1377 798 1617 841; x_wconf 85' lang='lat' dir='ltr'>venustatis.</span> <span class='ocrx_word' id='word_1_84' title='bbox 1678 795 1973 837; x_wconf 84' lang='lat' dir='ltr'>Incolumitatis</span> 
     </span>
     <span class='ocr_line' id='line_1_10' title="bbox 221 856 1974 905; baseline -0.004 0"><span class='ocrx_word' id='word_1_85' title='bbox 221 878 268 905; x_wconf 93' lang='lat' dir='ltr'>ac</span> <span class='ocrx_word' id='word_1_86' title='bbox 297 861 436 904; x_wconf 86' lang='lat' dir='ltr'>salutis</span> <span class='ocrx_word' id='word_1_87' title='bbox 469 860 652 902; x_wconf 89' lang='lat' dir='ltr'>omnium</span> <span class='ocrx_word' id='word_1_88' title='bbox 685 873 806 901; x_wconf 88' lang='lat' dir='ltr'>causa</span> <span class='ocrx_word' id='word_1_89' title='bbox 836 859 1025 901; x_wconf 89' lang='lat' dir='ltr'>videmus</span> <span class='ocrx_word' id='word_1_90' title='bbox 1057 858 1163 900; x_wconf 92' lang='lat' dir='ltr'>hunc</span> <span class='ocrx_word' id='word_1_91' title='bbox 1194 865 1342 901; x_wconf 88' lang='lat' dir='ltr'>statum</span> <span class='ocrx_word' id='word_1_92' title='bbox 1381 872 1469 900; x_wconf 88' lang='lat' dir='ltr'>esse</span> <span class='ocrx_word' id='word_1_93' title='bbox 1510 860 1627 900; x_wconf 91' lang='lat' dir='ltr'>huius</span> <span class='ocrx_word' id='word_1_94' title='bbox 1668 861 1793 899; x_wconf 88' lang='lat' dir='ltr'>totius</span> <span class='ocrx_word' id='word_1_95' title='bbox 1833 856 1974 898; x_wconf 90' lang='lat' dir='ltr'>mundi</span> 
     </span>
     <span class='ocr_line' id='line_1_11' title="bbox 172 921 1970 980; baseline -0.002 -17"><span class='ocrx_word' id='word_1_96' title='bbox 172 938 206 963; x_wconf 63' lang='grc' dir='ltr'>πο</span> <span class='ocrx_word' id='word_1_97' title='bbox 221 932 342 980; x_wconf 88' lang='lat' dir='ltr'>atque</span> <span class='ocrx_word' id='word_1_98' title='bbox 372 929 564 971; x_wconf 87' lang='lat' dir='ltr'>naturae,</span> <span class='ocrx_word' id='word_1_99' title='bbox 597 924 822 963; x_wconf 89' lang='lat' dir='ltr'>rotundum</span> <span class='ocrx_word' id='word_1_100' title='bbox 854 930 898 963; x_wconf 93' lang='lat' dir='ltr'>ut</span> <span class='ocrx_word' id='word_1_101' title='bbox 927 921 1084 962; x_wconf 88' lang='lat' dir='ltr'>caelum</span> <span class='ocrx_word' id='word_1_102' title='bbox 1117 927 1311 976; x_wconf 88' lang='lat' dir='ltr'>terraque</span> <span class='ocrx_word' id='word_1_103' title='bbox 1341 926 1386 961; x_wconf 91' lang='lat' dir='ltr'>ut</span> <span class='ocrx_word' id='word_1_104' title='bbox 1416 922 1549 962; x_wconf 87' lang='lat' dir='ltr'>media</span> <span class='ocrx_word' id='word_1_105' title='bbox 1582 923 1632 962; x_wconf 91' lang='lat' dir='ltr'>sit</span> <span class='ocrx_word' id='word_1_106' title='bbox 1663 934 1794 974; x_wconf 92' lang='lat' dir='ltr'>eaque</span> <span class='ocrx_word' id='word_1_107' title='bbox 1827 933 1900 960; x_wconf 85' lang='lat' dir='ltr'>sua</span> <span class='ocrx_word' id='word_1_108' title='bbox 1929 921 1970 960; x_wconf 92' lang='lat' dir='ltr'>vi</span> 
     </span>
     <span class='ocr_line' id='line_1_12' title="bbox 220 983 1975 1041; baseline -0.004 -12"><span class='ocrx_word' id='word_1_109' title='bbox 220 993 404 1041; x_wconf 88' lang='lat' dir='ltr'>nutuque</span> <span class='ocrx_word' id='word_1_110' title='bbox 434 991 641 1035; x_wconf 86' lang='lat' dir='ltr'>teneatur;</span> <span class='ocrx_word' id='word_1_111' title='bbox 694 986 755 1025; x_wconf 93' lang='lat' dir='ltr'>sol</span> <span class='ocrx_word' id='word_1_112' title='bbox 787 990 832 1025; x_wconf 92' lang='lat' dir='ltr'>ut</span> <span class='ocrx_word' id='word_1_113' title='bbox 861 984 1199 1033; x_wconf 82' lang='lat' dir='ltr'>circumferatur,</span> <span class='ocrx_word' id='word_1_114' title='bbox 1247 990 1292 1024; x_wconf 88' lang='lat' dir='ltr'>ut</span> <span class='ocrx_word' id='word_1_115' title='bbox 1321 985 1485 1024; x_wconf 85' lang='lat' dir='ltr'>accedat</span> <span class='ocrx_word' id='word_1_116' title='bbox 1516 983 1565 1024; x_wconf 89' lang='lat' dir='ltr'>ad</span> <span class='ocrx_word' id='word_1_117' title='bbox 1597 983 1780 1024; x_wconf 84' lang='lat' dir='ltr'>brumale</span> <span class='ocrx_word' id='word_1_118' title='bbox 1812 984 1975 1036; x_wconf 88' lang='lat' dir='ltr'>signum</span> 
     </span>
     <span class='ocr_line' id='line_1_13' title="bbox 221 1046 1975 1102; baseline -0.002 -12"><span class='ocrx_word' id='word_1_119' title='bbox 221 1056 262 1091; x_wconf 91' lang='lat' dir='ltr'>et</span> <span class='ocrx_word' id='word_1_120' title='bbox 289 1051 384 1090; x_wconf 92' lang='lat' dir='ltr'>inde</span> <span class='ocrx_word' id='word_1_121' title='bbox 414 1049 565 1089; x_wconf 90' lang='lat' dir='ltr'>sensim</span> <span class='ocrx_word' id='word_1_122' title='bbox 598 1049 792 1088; x_wconf 85' lang='lat' dir='ltr'>ascendat</span> <span class='ocrx_word' id='word_1_123' title='bbox 820 1048 861 1088; x_wconf 94' lang='lat' dir='ltr'>in</span> <span class='ocrx_word' id='word_1_124' title='bbox 892 1046 1098 1088; x_wconf 91' lang='lat' dir='ltr'>diversam</span> <span class='ocrx_word' id='word_1_125' title='bbox 1129 1053 1310 1102; x_wconf 88' lang='lat' dir='ltr'>partem;</span> <span class='ocrx_word' id='word_1_126' title='bbox 1343 1051 1388 1086; x_wconf 91' lang='lat' dir='ltr'>ut</span> <span class='ocrx_word' id='word_1_127' title='bbox 1417 1047 1513 1087; x_wconf 90' lang='lat' dir='ltr'>luna</span> <span class='ocrx_word' id='word_1_128' title='bbox 1544 1058 1709 1087; x_wconf 85' lang='lat' dir='ltr'>accessu</span> <span class='ocrx_word' id='word_1_129' title='bbox 1741 1050 1780 1086; x_wconf 89' lang='lat' dir='ltr'>et</span> <span class='ocrx_word' id='word_1_130' title='bbox 1809 1059 1975 1086; x_wconf 89' lang='lat' dir='ltr'>recessu</span> 
     </span>
     <span class='ocr_line' id='line_1_14' title="bbox 221 1107 1976 1165; baseline -0.003 -12"><span class='ocrx_word' id='word_1_131' title='bbox 221 1127 295 1153; x_wconf 90' lang='lat' dir='ltr'>suo</span> <span class='ocrx_word' id='word_1_132' title='bbox 336 1112 433 1153; x_wconf 91' lang='lat' dir='ltr'>solis</span> <span class='ocrx_word' id='word_1_133' title='bbox 468 1113 607 1152; x_wconf 90' lang='lat' dir='ltr'>lumen</span> <span class='ocrx_word' id='word_1_134' title='bbox 637 1110 836 1164; x_wconf 83' lang='lat' dir='ltr'>accipiat3</span> <span class='ocrx_word' id='word_1_135' title='bbox 884 1116 928 1150; x_wconf 89' lang='lat' dir='ltr'>ut</span> <span class='ocrx_word' id='word_1_136' title='bbox 959 1113 1103 1151; x_wconf 91' lang='lat' dir='ltr'>eadem</span> <span class='ocrx_word' id='word_1_137' title='bbox 1136 1112 1264 1165; x_wconf 89' lang='lat' dir='ltr'>spatia</span> <span class='ocrx_word' id='word_1_138' title='bbox 1295 1110 1478 1164; x_wconf 88' lang='lat' dir='ltr'>quinque</span> <span class='ocrx_word' id='word_1_139' title='bbox 1508 1107 1650 1149; x_wconf 90' lang='lat' dir='ltr'>stellae</span> <span class='ocrx_word' id='word_1_140' title='bbox 1680 1107 1831 1163; x_wconf 86' lang='lat' dir='ltr'>dispari</span> <span class='ocrx_word' id='word_1_141' title='bbox 1862 1113 1976 1148; x_wconf 92' lang='lat' dir='ltr'>motu</span> 
     </span>
     <span class='ocr_line' id='line_1_15' title="bbox 221 1170 1977 1230; baseline -0.003 -14"><span class='ocrx_word' id='word_1_142' title='bbox 221 1188 425 1230; x_wconf 89' lang='lat' dir='ltr'>cursuque</span> <span class='ocrx_word' id='word_1_143' title='bbox 457 1172 686 1215; x_wconf 86' lang='lat' dir='ltr'>conficiant.</span> <span class='ocrx_word' id='word_1_144' title='bbox 747 1175 837 1216; x_wconf 86' lang='grc'><strong>179.</strong></span> <span class='ocrx_word' id='word_1_145' title='bbox 884 1174 996 1214; x_wconf 90' lang='lat' dir='ltr'>Haec</span> <span class='ocrx_word' id='word_1_146' title='bbox 1028 1178 1179 1213; x_wconf 89' lang='lat' dir='ltr'>tantam</span> <span class='ocrx_word' id='word_1_147' title='bbox 1210 1171 1363 1212; x_wconf 88' lang='lat' dir='ltr'>babent</span> <span class='ocrx_word' id='word_1_148' title='bbox 1393 1171 1501 1219; x_wconf 86' lang='lat' dir='ltr'>vim,</span> <span class='ocrx_word' id='word_1_149' title='bbox 1546 1170 1726 1225; x_wconf 85' lang='lat' dir='ltr'>paullum</span> <span class='ocrx_word' id='word_1_150' title='bbox 1757 1176 1800 1211; x_wconf 90' lang='lat' dir='ltr'>ut</span> <span class='ocrx_word' id='word_1_151' title='bbox 1828 1171 1977 1211; x_wconf 91' lang='lat' dir='ltr'>immu-</span> 
     </span>
     <span class='ocr_line' id='line_1_16' title="bbox 171 1232 1977 1291; baseline -0.003 -12"><span class='ocrx_word' id='word_1_152' title='bbox 171 1243 300 1278; x_wconf 81' lang='lat' dir='ltr'>1⁵tata</span> <span class='ocrx_word' id='word_1_153' title='bbox 332 1239 557 1278; x_wconf 89' lang='lat' dir='ltr'>cohaerere</span> <span class='ocrx_word' id='word_1_154' title='bbox 588 1250 672 1276; x_wconf 90' lang='lat' dir='ltr'>non</span> <span class='ocrx_word' id='word_1_155' title='bbox 702 1237 880 1291; x_wconf 88' lang='lat' dir='ltr'>possint,</span> <span class='ocrx_word' id='word_1_156' title='bbox 924 1241 1077 1276; x_wconf 89' lang='lat' dir='ltr'>tantam</span> <span class='ocrx_word' id='word_1_157' title='bbox 1108 1234 1475 1289; x_wconf 87' lang='lat' dir='ltr'>pulchritudinem,</span> <span class='ocrx_word' id='word_1_158' title='bbox 1523 1240 1567 1275; x_wconf 89' lang='lat' dir='ltr'>ut</span> <span class='ocrx_word' id='word_1_159' title='bbox 1596 1232 1706 1273; x_wconf 90' lang='lat' dir='ltr'>nulla</span> <span class='ocrx_word' id='word_1_160' title='bbox 1737 1232 1894 1286; x_wconf 88' lang='lat' dir='ltr'>species</span> <span class='ocrx_word' id='word_1_161' title='bbox 1925 1246 1977 1274; x_wconf 93' lang='lat' dir='ltr'>ne</span> 
     </span>
     <span class='ocr_line' id='line_1_17' title="bbox 222 1294 1977 1354; baseline -0.003 -13"><span class='ocrx_word' id='word_1_162' title='bbox 222 1301 394 1354; x_wconf 88' lang='lat' dir='ltr'>cogitari</span> <span class='ocrx_word' id='word_1_163' title='bbox 439 1298 606 1354; x_wconf 90' lang='lat' dir='ltr'>quidem</span> <span class='ocrx_word' id='word_1_164' title='bbox 647 1300 776 1352; x_wconf 87' lang='lat' dir='ltr'>possit</span> <span class='ocrx_word' id='word_1_165' title='bbox 818 1298 1019 1340; x_wconf 89' lang='lat' dir='ltr'>ornatior.</span> <span class='ocrx_word' id='word_1_166' title='bbox 1101 1299 1267 1339; x_wconf 82' lang='lat' dir='ltr'>Referte</span> <span class='ocrx_word' id='word_1_167' title='bbox 1306 1311 1414 1337; x_wconf 90' lang='lat' dir='ltr'>nunc</span> <span class='ocrx_word' id='word_1_168' title='bbox 1456 1297 1637 1337; x_wconf 90' lang='lat' dir='ltr'>animum</span> <span class='ocrx_word' id='word_1_169' title='bbox 1677 1294 1728 1336; x_wconf 89' lang='lat' dir='ltr'>ad</span> <span class='ocrx_word' id='word_1_170' title='bbox 1767 1295 1977 1336; x_wconf 88' lang='lat' dir='ltr'>hominum</span> 
     </span>
     <span class='ocr_line' id='line_1_18' title="bbox 220 1357 1978 1413; baseline -0.003 -10"><span class='ocrx_word' id='word_1_171' title='bbox 220 1364 287 1403; x_wconf 93' lang='lat' dir='ltr'>vel</span> <span class='ocrx_word' id='word_1_172' title='bbox 329 1362 450 1404; x_wconf 85' lang='lat' dir='ltr'>etiam</span> <span class='ocrx_word' id='word_1_173' title='bbox 493 1368 723 1403; x_wconf 90' lang='lat' dir='ltr'>ceterarum</span> <span class='ocrx_word' id='word_1_174' title='bbox 764 1361 1031 1402; x_wconf 88' lang='lat' dir='ltr'>animantium</span> <span class='ocrx_word' id='word_1_175' title='bbox 1074 1360 1251 1401; x_wconf 87' lang='lat' dir='ltr'>formam</span> <span class='ocrx_word' id='word_1_176' title='bbox 1292 1365 1333 1400; x_wconf 89' lang='lat' dir='ltr'>et</span> <span class='ocrx_word' id='word_1_177' title='bbox 1371 1358 1558 1412; x_wconf 85' lang='lat' dir='ltr'>figuram.</span> <span class='ocrx_word' id='word_1_178' title='bbox 1617 1357 1779 1399; x_wconf 89' lang='lat' dir='ltr'>Nullam</span> <span class='ocrx_word' id='word_1_179' title='bbox 1820 1363 1978 1413; x_wconf 87' lang='lat' dir='ltr'>partem</span> 
     </span>
     <span class='ocr_line' id='line_1_19' title="bbox 222 1419 1979 1481; baseline -0.003 -15"><span class='ocrx_word' id='word_1_180' title='bbox 222 1425 411 1481; x_wconf 88' lang='lat' dir='ltr'>corporis</span> <span class='ocrx_word' id='word_1_181' title='bbox 452 1425 539 1466; x_wconf 89' lang='lat' dir='ltr'>sine</span> <span class='ocrx_word' id='word_1_182' title='bbox 581 1424 717 1478; x_wconf 90' lang='lat' dir='ltr'>aliqua</span> <span class='ocrx_word' id='word_1_183' title='bbox 754 1424 999 1465; x_wconf 88' lang='lat' dir='ltr'>necessitate</span> <span class='ocrx_word' id='word_1_184' title='bbox 1040 1422 1216 1464; x_wconf 76' lang='lat' dir='ltr'>affictam</span> <span class='ocrx_word' id='word_1_185' title='bbox 1247 1428 1458 1477; x_wconf 84' lang='lat' dir='ltr'>totamque</span> <span class='ocrx_word' id='word_1_186' title='bbox 1488 1422 1665 1462; x_wconf 87' lang='lat' dir='ltr'>formam</span> <span class='ocrx_word' id='word_1_187' title='bbox 1697 1419 1813 1476; x_wconf 90' lang='lat' dir='ltr'>quasi</span> <span class='ocrx_word' id='word_1_188' title='bbox 1842 1420 1979 1475; x_wconf 87' lang='lat' dir='ltr'>perfe-</span> 
     </span>
     <span class='ocr_line' id='line_1_20' title="bbox 223 1481 1978 1544; baseline -0.003 -14"><span class='ocrx_word' id='word_1_189' title='bbox 223 1495 327 1531; x_wconf 88' lang='lat' dir='ltr'>ctam</span> <span class='ocrx_word' id='word_1_190' title='bbox 356 1487 576 1544; x_wconf 88' lang='lat' dir='ltr'>reperietis</span> <span class='ocrx_word' id='word_1_191' title='bbox 607 1493 716 1534; x_wconf 89' lang='lat' dir='ltr'>arte,</span> <span class='ocrx_word' id='word_1_192' title='bbox 766 1500 850 1528; x_wconf 86' lang='lat' dir='ltr'>non</span> <span class='ocrx_word' id='word_1_193' title='bbox 882 1501 992 1528; x_wconf 88' lang='lat' dir='ltr'>casu.</span> <span class='ocrx_word' id='word_1_194' title='bbox 1049 1487 1194 1527; x_wconf 92' lang='lat' dir='ltr'>XLVI.</span> <span class='ocrx_word' id='word_1_195' title='bbox 1243 1486 1353 1535; x_wconf 87' lang='lat' dir='ltr'>Quid</span> <span class='ocrx_word' id='word_1_196' title='bbox 1383 1485 1425 1525; x_wconf 91' lang='lat' dir='ltr'>in</span> <span class='ocrx_word' id='word_1_197' title='bbox 1456 1483 1700 1531; x_wconf 87' lang='lat' dir='ltr'>arboribus,</span> <span class='ocrx_word' id='word_1_198' title='bbox 1747 1482 1788 1523; x_wconf 91' lang='lat' dir='ltr'>in</span> <span class='ocrx_word' id='word_1_199' title='bbox 1829 1481 1978 1537; x_wconf 88' lang='lat' dir='ltr'>quibus</span> 
     </span>
     <span class='ocr_line' id='line_1_21' title="bbox 172 1546 1979 1602; baseline -0.004 -10"><span class='ocrx_word' id='word_1_200' title='bbox 172 1567 209 1592; x_wconf 88' lang='lat'>20</span> <span class='ocrx_word' id='word_1_201' title='bbox 224 1566 304 1593; x_wconf 90' lang='lat' dir='ltr'>non</span> <span class='ocrx_word' id='word_1_202' title='bbox 336 1557 528 1598; x_wconf 88' lang='lat' dir='ltr'>truncus,</span> <span class='ocrx_word' id='word_1_203' title='bbox 575 1564 657 1591; x_wconf 88' lang='lat' dir='ltr'>non</span> <span class='ocrx_word' id='word_1_204' title='bbox 697 1550 825 1597; x_wconf 92' lang='lat' dir='ltr'>rami,</span> <span class='ocrx_word' id='word_1_205' title='bbox 873 1563 955 1590; x_wconf 91' lang='lat' dir='ltr'>non</span> <span class='ocrx_word' id='word_1_206' title='bbox 997 1547 1095 1590; x_wconf 88' lang='lat' dir='ltr'>folia</span> <span class='ocrx_word' id='word_1_207' title='bbox 1127 1554 1221 1589; x_wconf 92' lang='lat' dir='ltr'>sunt</span> <span class='ocrx_word' id='word_1_208' title='bbox 1251 1550 1428 1602; x_wconf 85' lang='lat' dir='ltr'>denique</span> <span class='ocrx_word' id='word_1_209' title='bbox 1461 1547 1539 1588; x_wconf 88' lang='lat' dir='ltr'>nisi</span> <span class='ocrx_word' id='word_1_210' title='bbox 1571 1549 1621 1587; x_wconf 90' lang='lat' dir='ltr'>ad</span> <span class='ocrx_word' id='word_1_211' title='bbox 1653 1559 1767 1586; x_wconf 87' lang='lat' dir='ltr'>suam</span> <span class='ocrx_word' id='word_1_212' title='bbox 1798 1546 1979 1586; x_wconf 88' lang='lat' dir='ltr'>retinen-</span> 
     </span>
     <span class='ocr_line' id='line_1_22' title="bbox 223 1608 1976 1667; baseline -0.005 -11"><span class='ocrx_word' id='word_1_213' title='bbox 223 1617 316 1656; x_wconf 89' lang='lat' dir='ltr'>dam</span> <span class='ocrx_word' id='word_1_214' title='bbox 338 1615 748 1667; x_wconf 88' lang='lat' dir='ltr'>conservandamque</span> <span class='ocrx_word' id='word_1_215' title='bbox 768 1615 984 1654; x_wconf 76' lang='lat' dir='ltr'>naturam?</span> <span class='ocrx_word' id='word_1_216' title='bbox 1016 1625 1216 1665; x_wconf 87' lang='lat' dir='ltr'>nusquam</span> <span class='ocrx_word' id='word_1_217' title='bbox 1239 1617 1373 1651; x_wconf 88' lang='lat' dir='ltr'>tamen</span> <span class='ocrx_word' id='word_1_218' title='bbox 1397 1618 1456 1651; x_wconf 87' lang='lat' dir='ltr'>est</span> <span class='ocrx_word' id='word_1_219' title='bbox 1477 1610 1557 1650; x_wconf 88' lang='lat' dir='ltr'>ulla</span> <span class='ocrx_word' id='word_1_220' title='bbox 1576 1623 1670 1664; x_wconf 87' lang='lat' dir='ltr'>pars</span> <span class='ocrx_word' id='word_1_221' title='bbox 1688 1608 1766 1649; x_wconf 92' lang='lat' dir='ltr'>nisi</span> <span class='ocrx_word' id='word_1_222' title='bbox 1790 1613 1976 1648; x_wconf 85' lang='lat' dir='ltr'>venusta.</span> 
     </span>
     <span class='ocr_line' id='line_1_23' title="bbox 225 1669 1980 1732; baseline -0.005 -14"><span class='ocrx_word' id='word_1_223' title='bbox 225 1679 318 1718; x_wconf 87' lang='lat'><strong>180.</strong></span> <span class='ocrx_word' id='word_1_224' title='bbox 366 1676 616 1732; x_wconf 89' lang='lat' dir='ltr'>Linquamus</span> <span class='ocrx_word' id='word_1_225' title='bbox 653 1682 843 1717; x_wconf 89' lang='lat' dir='ltr'>naturam</span> <span class='ocrx_word' id='word_1_226' title='bbox 886 1681 1076 1731; x_wconf 87' lang='lat' dir='ltr'>artesque</span> <span class='ocrx_word' id='word_1_227' title='bbox 1106 1673 1331 1716; x_wconf 87' lang='lat' dir='ltr'>videamuS.</span> <span class='ocrx_word' id='word_1_228' title='bbox 1391 1674 1499 1722; x_wconf 89' lang='lat' dir='ltr'>Quid</span> <span class='ocrx_word' id='word_1_229' title='bbox 1530 1678 1611 1713; x_wconf 91' lang='lat' dir='ltr'>tam</span> <span class='ocrx_word' id='word_1_230' title='bbox 1643 1671 1684 1712; x_wconf 89' lang='lat' dir='ltr'>in</span> <span class='ocrx_word' id='word_1_231' title='bbox 1716 1669 1880 1724; x_wconf 89' lang='lat' dir='ltr'>navigio</span> <span class='ocrx_word' id='word_1_232' title='bbox 1911 1683 1980 1710; x_wconf 91' lang='lat' dir='ltr'>ne-</span> 
     </span>
     <span class='ocr_line' id='line_1_24' title="bbox 222 1734 1979 1793; baseline -0.005 -12"><span class='ocrx_word' id='word_1_233' title='bbox 222 1739 444 1781; x_wconf 89' lang='lat' dir='ltr'>cessarium</span> <span class='ocrx_word' id='word_1_234' title='bbox 491 1753 613 1793; x_wconf 89' lang='lat' dir='ltr'>quam</span> <span class='ocrx_word' id='word_1_235' title='bbox 653 1739 809 1788; x_wconf 87' lang='lat' dir='ltr'>latera,</span> <span class='ocrx_word' id='word_1_236' title='bbox 861 1752 983 1793; x_wconf 88' lang='lat' dir='ltr'>quam</span> <span class='ocrx_word' id='word_1_237' title='bbox 1022 1750 1249 1784; x_wconf 87' lang='lat' dir='ltr'>cavernae,</span> <span class='ocrx_word' id='word_1_238' title='bbox 1301 1750 1422 1791; x_wconf 89' lang='lat' dir='ltr'>quam</span> <span class='ocrx_word' id='word_1_239' title='bbox 1456 1749 1604 1789; x_wconf 90' lang='lat' dir='ltr'>prora,</span> <span class='ocrx_word' id='word_1_240' title='bbox 1656 1748 1777 1789; x_wconf 85' lang='lat' dir='ltr'>quain</span> <span class='ocrx_word' id='word_1_241' title='bbox 1809 1734 1979 1788; x_wconf 90' lang='lat' dir='ltr'>puppis,</span> 
     </span>
     <span class='ocr_line' id='line_1_25' title="bbox 223 1795 1981 1858; baseline -0.005 -14"><span class='ocrx_word' id='word_1_242' title='bbox 223 1816 344 1858; x_wconf 86' lang='lat' dir='ltr'>quam</span> <span class='ocrx_word' id='word_1_243' title='bbox 386 1807 614 1849; x_wconf 83' lang='lat' dir='ltr'>antennae,</span> <span class='ocrx_word' id='word_1_244' title='bbox 662 1816 784 1856; x_wconf 88' lang='lat' dir='ltr'>quam</span> <span class='ocrx_word' id='word_1_245' title='bbox 826 1801 934 1847; x_wconf 88' lang='lat' dir='ltr'>vela,</span> <span class='ocrx_word' id='word_1_246' title='bbox 981 1814 1102 1855; x_wconf 88' lang='lat' dir='ltr'>quam</span> <span class='ocrx_word' id='word_1_247' title='bbox 1142 1799 1266 1840; x_wconf 72' lang='lat' dir='ltr'>mali?</span> <span class='ocrx_word' id='word_1_248' title='bbox 1318 1812 1422 1853; x_wconf 88' lang='lat' dir='ltr'>quae</span> <span class='ocrx_word' id='word_1_249' title='bbox 1454 1805 1590 1837; x_wconf 85' lang='lat' dir='ltr'>tamen</span> <span class='ocrx_word' id='word_1_250' title='bbox 1623 1799 1725 1837; x_wconf 85' lang='lat' dir='ltr'>hanc</span> <span class='ocrx_word' id='word_1_251' title='bbox 1757 1795 1909 1837; x_wconf 86' lang='lat' dir='ltr'>habent</span> <span class='ocrx_word' id='word_1_252' title='bbox 1938 1797 1981 1837; x_wconf 88' lang='lat' dir='ltr'>in</span> 
     </span>
     <span class='ocr_line' id='line_1_26' title="bbox 172 1860 1981 1921; baseline -0.004 -16"><span class='ocrx_word' id='word_1_253' title='bbox 172 1879 208 1905; x_wconf 82' lang='lat'>25</span> <span class='ocrx_word' id='word_1_254' title='bbox 223 1866 361 1921; x_wconf 87' lang='lat' dir='ltr'>specie</span> <span class='ocrx_word' id='word_1_255' title='bbox 384 1870 662 1911; x_wconf 87' lang='lat' dir='ltr'>venustatem,</span> <span class='ocrx_word' id='word_1_256' title='bbox 694 1871 738 1905; x_wconf 89' lang='lat' dir='ltr'>ut</span> <span class='ocrx_word' id='word_1_257' title='bbox 769 1877 852 1905; x_wconf 91' lang='lat' dir='ltr'>non</span> <span class='ocrx_word' id='word_1_258' title='bbox 874 1863 1006 1904; x_wconf 89' lang='lat' dir='ltr'>solum</span> <span class='ocrx_word' id='word_1_259' title='bbox 1029 1863 1169 1903; x_wconf 90' lang='lat' dir='ltr'>salutis</span> <span class='ocrx_word' id='word_1_260' title='bbox 1191 1864 1264 1903; x_wconf 91' lang='lat' dir='ltr'>sed</span> <span class='ocrx_word' id='word_1_261' title='bbox 1285 1862 1407 1902; x_wconf 88' lang='lat' dir='ltr'>etiam</span> <span class='ocrx_word' id='word_1_262' title='bbox 1432 1860 1652 1913; x_wconf 88' lang='lat' dir='ltr'>voluptatis</span> <span class='ocrx_word' id='word_1_263' title='bbox 1674 1873 1795 1900; x_wconf 87' lang='lat' dir='ltr'>causa</span> <span class='ocrx_word' id='word_1_264' title='bbox 1817 1860 1981 1899; x_wconf 88' lang='lat' dir='ltr'>inventa</span> 
     </span>
     <span class='ocr_line' id='line_1_27' title="bbox 223 1920 1982 1980; baseline -0.005 -10"><span class='ocrx_word' id='word_1_265' title='bbox 223 1943 313 1970; x_wconf 89' lang='lat' dir='ltr'>esse</span> <span class='ocrx_word' id='word_1_266' title='bbox 344 1927 577 1969; x_wconf 87' lang='lat' dir='ltr'>videantur.</span> <span class='ocrx_word' id='word_1_267' title='bbox 641 1926 864 1968; x_wconf 88' lang='lat' dir='ltr'>Columnae</span> <span class='ocrx_word' id='word_1_268' title='bbox 896 1931 935 1966; x_wconf 85' lang='lat' dir='ltr'>et</span> <span class='ocrx_word' id='word_1_269' title='bbox 966 1925 1116 1980; x_wconf 89' lang='lat' dir='ltr'>templa</span> <span class='ocrx_word' id='word_1_270' title='bbox 1148 1930 1187 1965; x_wconf 90' lang='lat' dir='ltr'>et</span> <span class='ocrx_word' id='word_1_271' title='bbox 1208 1924 1388 1979; x_wconf 86' lang='lat' dir='ltr'>porticus</span> <span class='ocrx_word' id='word_1_272' title='bbox 1410 1922 1637 1971; x_wconf 88' lang='lat' dir='ltr'>sustinent;</span> <span class='ocrx_word' id='word_1_273' title='bbox 1673 1928 1807 1963; x_wconf 86' lang='lat' dir='ltr'>tamen</span> <span class='ocrx_word' id='word_1_274' title='bbox 1831 1920 1982 1962; x_wconf 88' lang='lat' dir='ltr'>habent</span> 
     </span>
     <span class='ocr_line' id='line_1_28' title="bbox 222 1985 1980 2046; baseline -0.006 -13"><span class='ocrx_word' id='word_1_275' title='bbox 222 2005 305 2033; x_wconf 94' lang='lat' dir='ltr'>non</span> <span class='ocrx_word' id='word_1_276' title='bbox 335 1991 426 2046; x_wconf 90' lang='lat' dir='ltr'>plus</span> <span class='ocrx_word' id='word_1_277' title='bbox 457 1988 641 2030; x_wconf 86' lang='lat' dir='ltr'>utilitatis</span> <span class='ocrx_word' id='word_1_278' title='bbox 672 2003 794 2043; x_wconf 88' lang='lat' dir='ltr'>quam</span> <span class='ocrx_word' id='word_1_279' title='bbox 826 1988 1046 2042; x_wconf 86' lang='lat' dir='ltr'>dignitatis.</span> <span class='ocrx_word' id='word_1_280' title='bbox 1108 1986 1299 2040; x_wconf 86' lang='lat' dir='ltr'>Capitolii</span> <span class='ocrx_word' id='word_1_281' title='bbox 1329 1986 1533 2039; x_wconf 82' lang='lat' dir='ltr'>fastigium</span> <span class='ocrx_word' id='word_1_282' title='bbox 1566 1985 1666 2025; x_wconf 91' lang='lat' dir='ltr'>illud</span> <span class='ocrx_word' id='word_1_283' title='bbox 1690 1990 1730 2025; x_wconf 89' lang='lat' dir='ltr'>et</span> <span class='ocrx_word' id='word_1_284' title='bbox 1751 1990 1980 2025; x_wconf 87' lang='lat' dir='ltr'>ceterarum</span> 
     </span>
     <span class='ocr_line' id='line_1_29' title="bbox 223 2048 1983 2104; baseline -0.005 -9"><span class='ocrx_word' id='word_1_285' title='bbox 223 2054 386 2095; x_wconf 85' lang='lat' dir='ltr'>aedium</span> <span class='ocrx_word' id='word_1_286' title='bbox 422 2066 505 2095; x_wconf 90' lang='lat' dir='ltr'>non</span> <span class='ocrx_word' id='word_1_287' title='bbox 543 2058 736 2093; x_wconf 89' lang='lat' dir='ltr'>venustas</span> <span class='ocrx_word' id='word_1_288' title='bbox 776 2053 849 2092; x_wconf 90' lang='lat' dir='ltr'>sed</span> <span class='ocrx_word' id='word_1_289' title='bbox 885 2052 1106 2091; x_wconf 87' lang='lat' dir='ltr'>necessitas</span> <span class='ocrx_word' id='word_1_290' title='bbox 1138 2051 1223 2104; x_wconf 87' lang='lat' dir='ltr'>ipsa</span> <span class='ocrx_word' id='word_1_291' title='bbox 1253 2048 1451 2090; x_wconf 89' lang='lat' dir='ltr'>fabricata</span> <span class='ocrx_word' id='word_1_292' title='bbox 1481 2053 1554 2088; x_wconf 87' lang='lat' dir='ltr'>est.</span> <span class='ocrx_word' id='word_1_293' title='bbox 1614 2049 1715 2087; x_wconf 90' lang='lat' dir='ltr'>Nam</span> <span class='ocrx_word' id='word_1_294' title='bbox 1748 2061 1839 2087; x_wconf 85' lang='lat' dir='ltr'>cuin</span> <span class='ocrx_word' id='word_1_295' title='bbox 1872 2051 1983 2086; x_wconf 88' lang='lat' dir='ltr'>esset</span> 
     </span>
     <span class='ocr_line' id='line_1_30' title="bbox 222 2107 1977 2171; baseline -0.005 -15"><span class='ocrx_word' id='word_1_296' title='bbox 222 2115 358 2157; x_wconf 87' lang='lat' dir='ltr'>habita</span> <span class='ocrx_word' id='word_1_297' title='bbox 397 2118 521 2165; x_wconf 86' lang='lat' dir='ltr'>ratio,</span> <span class='ocrx_word' id='word_1_298' title='bbox 568 2113 918 2171; x_wconf 89' lang='lat' dir='ltr'>quemadmodum</span> <span class='ocrx_word' id='word_1_299' title='bbox 957 2127 1008 2154; x_wconf 83' lang='lat' dir='ltr'>ex</span> <span class='ocrx_word' id='word_1_300' title='bbox 1048 2119 1222 2166; x_wconf 88' lang='lat' dir='ltr'>utraque</span> <span class='ocrx_word' id='word_1_301' title='bbox 1259 2112 1355 2152; x_wconf 91' lang='lat' dir='ltr'>tecti</span> <span class='ocrx_word' id='word_1_302' title='bbox 1397 2117 1512 2164; x_wconf 87' lang='lat' dir='ltr'>parte</span> <span class='ocrx_word' id='word_1_303' title='bbox 1553 2123 1658 2164; x_wconf 87' lang='lat' dir='ltr'>aqua</span> <span class='ocrx_word' id='word_1_304' title='bbox 1691 2107 1977 2157; x_wconf 87' lang='lat' dir='ltr'>delaberetur,</span> 
     </span>
     <span class='ocr_line' id='line_1_31' title="bbox 174 2170 1981 2233; baseline -0.003 -15"><span class='ocrx_word' id='word_1_305' title='bbox 174 2178 437 2220; x_wconf 77' lang='lat' dir='ltr'>:mutilitatem</span> <span class='ocrx_word' id='word_1_306' title='bbox 483 2179 624 2233; x_wconf 89' lang='lat' dir='ltr'>templi</span> <span class='ocrx_word' id='word_1_307' title='bbox 667 2176 831 2230; x_wconf 79' lang='lat' dir='ltr'>fastigii‘</span> <span class='ocrx_word' id='word_1_308' title='bbox 865 2176 1042 2229; x_wconf 86' lang='lat' dir='ltr'>dignitas</span> <span class='ocrx_word' id='word_1_309' title='bbox 1082 2179 1301 2216; x_wconf 87' lang='lat' dir='ltr'>consecuta</span> <span class='ocrx_word' id='word_1_310' title='bbox 1339 2179 1422 2221; x_wconf 88' lang='lat' dir='ltr'>est;</span> <span class='ocrx_word' id='word_1_311' title='bbox 1474 2178 1538 2220; x_wconf 88' lang='lat' dir='ltr'>ut,</span> <span class='ocrx_word' id='word_1_312' title='bbox 1589 2173 1746 2212; x_wconf 88' lang='lat' dir='ltr'>etiamsi</span> <span class='ocrx_word' id='word_1_313' title='bbox 1787 2173 1828 2211; x_wconf 91' lang='lat' dir='ltr'>in</span> <span class='ocrx_word' id='word_1_314' title='bbox 1868 2170 1981 2212; x_wconf 89' lang='lat' dir='ltr'>caelo</span> 
     </span>
     <span class='ocr_line' id='line_1_32' title="bbox 224 2231 1981 2298; baseline -0.006 -16"><span class='ocrx_word' id='word_1_315' title='bbox 224 2242 468 2298; x_wconf 86' lang='lat' dir='ltr'>Capitolium</span> <span class='ocrx_word' id='word_1_316' title='bbox 501 2246 767 2285; x_wconf 89' lang='lat' dir='ltr'>statueretur,</span> <span class='ocrx_word' id='word_1_317' title='bbox 804 2238 877 2279; x_wconf 88' lang='lat' dir='ltr'>ubi</span> <span class='ocrx_word' id='word_1_318' title='bbox 908 2239 1042 2278; x_wconf 91' lang='lat' dir='ltr'>imber</span> <span class='ocrx_word' id='word_1_319' title='bbox 1073 2251 1162 2278; x_wconf 89' lang='lat' dir='ltr'>esse</span> <span class='ocrx_word' id='word_1_320' title='bbox 1193 2252 1276 2278; x_wconf 90' lang='lat' dir='ltr'>non</span> <span class='ocrx_word' id='word_1_321' title='bbox 1306 2241 1467 2291; x_wconf 88' lang='lat' dir='ltr'>posset,</span> <span class='ocrx_word' id='word_1_322' title='bbox 1511 2234 1665 2275; x_wconf 89' lang='lat' dir='ltr'>nullam</span> <span class='ocrx_word' id='word_1_323' title='bbox 1697 2235 1784 2274; x_wconf 91' lang='lat' dir='ltr'>sine</span> <span class='ocrx_word' id='word_1_324' title='bbox 1816 2231 1981 2288; x_wconf 88' lang='lat' dir='ltr'>fastigio</span> 
     </span>
     <span class='ocr_line' id='line_1_33' title="bbox 223 2296 1983 2358; baseline -0.007 -11"><span class='ocrx_word' id='word_1_325' title='bbox 223 2305 460 2358; x_wconf 89' lang='lat' dir='ltr'>dignitatem</span> <span class='ocrx_word' id='word_1_326' title='bbox 492 2304 727 2346; x_wconf 86' lang='lat' dir='ltr'>habiturum</span> <span class='ocrx_word' id='word_1_327' title='bbox 758 2299 884 2341; x_wconf 84' lang='lat' dir='ltr'>fuisse</span> <span class='ocrx_word' id='word_1_328' title='bbox 915 2299 1116 2344; x_wconf 85' lang='lat' dir='ltr'>videatur.</span> <span class='ocrx_word' id='word_1_329' title='bbox 1177 2301 1269 2341; x_wconf 87' lang='grc'><strong>181.</strong></span> <span class='ocrx_word' id='word_1_330' title='bbox 1315 2301 1401 2339; x_wconf 88' lang='lat' dir='ltr'>Hoc</span> <span class='ocrx_word' id='word_1_331' title='bbox 1433 2297 1475 2338; x_wconf 90' lang='lat' dir='ltr'>in</span> <span class='ocrx_word' id='word_1_332' title='bbox 1505 2296 1696 2338; x_wconf 88' lang='lat' dir='ltr'>omnibus</span> <span class='ocrx_word' id='word_1_333' title='bbox 1727 2297 1826 2336; x_wconf 88' lang='lat' dir='ltr'>item</span> <span class='ocrx_word' id='word_1_334' title='bbox 1857 2296 1983 2350; x_wconf 88' lang='lat' dir='ltr'>parti-</span> 
     </span>
     <span class='ocr_line' id='line_1_34' title="bbox 222 2358 1981 2417; baseline -0.006 -8"><span class='ocrx_word' id='word_1_335' title='bbox 222 2367 299 2409; x_wconf 90' lang='lat' dir='ltr'>bus</span> <span class='ocrx_word' id='word_1_336' title='bbox 330 2369 528 2409; x_wconf 89' lang='lat' dir='ltr'>orationis</span> <span class='ocrx_word' id='word_1_337' title='bbox 560 2366 716 2412; x_wconf 88' lang='lat' dir='ltr'>evenit,</span> <span class='ocrx_word' id='word_1_338' title='bbox 762 2368 808 2403; x_wconf 91' lang='lat' dir='ltr'>ut</span> <span class='ocrx_word' id='word_1_339' title='bbox 836 2362 1050 2404; x_wconf 89' lang='lat' dir='ltr'>utilitatem</span> <span class='ocrx_word' id='word_1_340' title='bbox 1084 2376 1130 2403; x_wconf 88' lang='lat' dir='ltr'>ac</span> <span class='ocrx_word' id='word_1_341' title='bbox 1159 2376 1291 2417; x_wconf 86' lang='lat' dir='ltr'>prope</span> <span class='ocrx_word' id='word_1_342' title='bbox 1326 2359 1611 2401; x_wconf 86' lang='lat' dir='ltr'>necessitatem</span> <span class='ocrx_word' id='word_1_343' title='bbox 1646 2358 1824 2400; x_wconf 89' lang='lat' dir='ltr'>suavitas</span> <span class='ocrx_word' id='word_1_344' title='bbox 1857 2372 1981 2413; x_wconf 90' lang='lat' dir='ltr'>quae-</span> 
     </span>
     <span class='ocr_line' id='line_1_35' title="bbox 224 2420 1980 2486; baseline -0.007 -13"><span class='ocrx_word' id='word_1_345' title='bbox 224 2433 316 2472; x_wconf 91' lang='lat' dir='ltr'>dam</span> <span class='ocrx_word' id='word_1_346' title='bbox 348 2436 388 2472; x_wconf 93' lang='lat' dir='ltr'>et</span> <span class='ocrx_word' id='word_1_347' title='bbox 417 2430 533 2486; x_wconf 85' lang='lat' dir='ltr'>lepos</span> <span class='ocrx_word' id='word_1_348' title='bbox 564 2433 855 2483; x_wconf 87' lang='lat' dir='ltr'>consequatur.</span> <span class='ocrx_word' id='word_1_349' title='bbox 918 2424 1128 2466; x_wconf 88' lang='lat' dir='ltr'>Clausulas</span> <span class='ocrx_word' id='word_1_350' title='bbox 1168 2426 1274 2465; x_wconf 87' lang='lat' dir='ltr'>enim</span> <span class='ocrx_word' id='word_1_351' title='bbox 1311 2430 1434 2477; x_wconf 88' lang='lat' dir='ltr'>atque</span> <span class='ocrx_word' id='word_1_352' title='bbox 1464 2422 1725 2477; x_wconf 87' lang='lat' dir='ltr'>interpuncta</span> <span class='ocrx_word' id='word_1_353' title='bbox 1757 2420 1980 2462; x_wconf 89' lang='lat' dir='ltr'>verborum</span> 
     </span>
     <span class='ocr_line' id='line_1_36' title="bbox 174 2484 1983 2545; baseline -0.007 -9"><span class='ocrx_word' id='word_1_354' title='bbox 174 2504 209 2531; x_wconf 83' lang='lat'>³⁵</span> <span class='ocrx_word' id='word_1_355' title='bbox 224 2494 384 2535; x_wconf 87' lang='lat' dir='ltr'>animae</span> <span class='ocrx_word' id='word_1_356' title='bbox 420 2491 664 2534; x_wconf 86' lang='lat' dir='ltr'>interclusio</span> <span class='ocrx_word' id='word_1_357' title='bbox 703 2496 825 2545; x_wconf 90' lang='lat' dir='ltr'>atque</span> <span class='ocrx_word' id='word_1_358' title='bbox 856 2487 1065 2542; x_wconf 85' lang='lat' dir='ltr'>angustiae</span> <span class='ocrx_word' id='word_1_359' title='bbox 1095 2488 1264 2540; x_wconf 88' lang='lat' dir='ltr'>spiritus</span> <span class='ocrx_word' id='word_1_360' title='bbox 1305 2485 1543 2527; x_wconf 87' lang='lat' dir='ltr'>attulerunt.</span> <span class='ocrx_word' id='word_1_361' title='bbox 1606 2484 1651 2525; x_wconf 93' lang='lat' dir='ltr'>Id</span> <span class='ocrx_word' id='word_1_362' title='bbox 1683 2484 1892 2525; x_wconf 90' lang='lat' dir='ltr'>inventum</span> <span class='ocrx_word' id='word_1_363' title='bbox 1926 2484 1983 2524; x_wconf 88' lang='lat' dir='ltr'>ita</span> 
     </span>
    </p>
   </div>
   <div class='ocr_carea' id='block_1_3' title="bbox 362 2566 1142 2575">
    <p class='ocr_par' dir='ltr' id='par_1_3' title="bbox 362 2566 1142 2575">
     <span class='ocr_line' id='line_1_37' title="bbox 362 2566 1142 2575; baseline 0 0"><span class='ocrx_word' id='word_1_364' title='bbox 362 2566 1142 2575; x_wconf 95' lang='lat' dir='ltr'> </span> 
     </span>
    </p>
   </div>
   <div class='ocr_carea' id='block_1_4' title="bbox 224 2592 1984 3380">
    <p class='ocr_par' dir='ltr' id='par_1_4' title="bbox 224 2592 1984 3380">
     <span class='ocr_line' id='line_1_38' title="bbox 319 2592 1984 2634; baseline -0.007 0"><span class='ocrx_word' id='word_1_365' title='bbox 319 2604 351 2634; x_wconf 88' lang='lat'><strong>1.</strong></span> <span class='ocrx_word' id='word_1_366' title='bbox 373 2602 547 2633; x_wconf 75' lang='lat' dir='ltr'>iactantia</span> <span class='ocrx_word' id='word_1_367' title='bbox 566 2602 606 2632; x_wconf 87' lang='lat' dir='ltr'>R.</span> <span class='ocrx_word' id='word_1_368' title='bbox 625 2616 665 2621; x_wconf 93' lang='lat'>—</span> <span class='ocrx_word' id='word_1_369' title='bbox 692 2599 725 2630; x_wconf 87' lang='lat'><strong>2.</strong></span> <span class='ocrx_word' id='word_1_370' title='bbox 743 2607 857 2630; x_wconf 83' lang='lat' dir='ltr'>ceram</span> <span class='ocrx_word' id='word_1_371' title='bbox 875 2607 944 2629; x_wconf 91' lang='lat' dir='ltr'>om.</span> <span class='ocrx_word' id='word_1_372' title='bbox 965 2597 1006 2628; x_wconf 81' lang='grc' dir='ltr'>Α.</span> <span class='ocrx_word' id='word_1_373' title='bbox 1027 2613 1070 2618; x_wconf 85' lang='grc'>-</span> <span class='ocrx_word' id='word_1_374' title='bbox 1096 2601 1126 2629; x_wconf 88' lang='lat' dir='ltr'>et</span> <span class='ocrx_word' id='word_1_375' title='bbox 1147 2606 1214 2629; x_wconf 90' lang='lat' dir='ltr'>om.</span> <span class='ocrx_word' id='word_1_376' title='bbox 1233 2597 1271 2627; x_wconf 85' lang='lat' dir='ltr'><strong>B.</strong></span> <span class='ocrx_word' id='word_1_377' title='bbox 1295 2613 1334 2618; x_wconf 89' lang='lat'><em>-</em></span> <span class='ocrx_word' id='word_1_378' title='bbox 1363 2599 1400 2626; x_wconf 90' lang='lat' dir='ltr'>ut</span> <span class='ocrx_word' id='word_1_379' title='bbox 1418 2598 1490 2625; x_wconf 81' lang='lat' dir='ltr'>tum</span> <span class='ocrx_word' id='word_1_380' title='bbox 1509 2594 1702 2626; x_wconf 81' lang='lat' dir='ltr'>Schutzius.</span> <span class='ocrx_word' id='word_1_381' title='bbox 1724 2609 1767 2614; x_wconf 91' lang='lat'>--</span> <span class='ocrx_word' id='word_1_382' title='bbox 1791 2592 1823 2623; x_wconf 88' lang='lat'>3.</span> <span class='ocrx_word' id='word_1_383' title='bbox 1846 2593 1984 2633; x_wconf 63' lang='lat' dir='ltr'>gravis-</span> 
     </span>
     <span class='ocr_line' id='line_1_39' title="bbox 224 2640 1984 2682; baseline -0.007 0"><span class='ocrx_word' id='word_1_384' title='bbox 224 2653 330 2682; x_wconf 76' lang='lat' dir='ltr'>simus</span> <span class='ocrx_word' id='word_1_385' title='bbox 349 2654 421 2680; x_wconf 84' lang='lat' dir='ltr'>tum</span> <span class='ocrx_word' id='word_1_386' title='bbox 437 2649 572 2680; x_wconf 76' lang='lat' dir='ltr'>subtilis</span> <span class='ocrx_word' id='word_1_387' title='bbox 586 2647 658 2678; x_wconf 86' lang='lat' dir='ltr'><strong>AB.</strong></span> <span class='ocrx_word' id='word_1_388' title='bbox 674 2663 715 2668; x_wconf 83' lang='lat'>--</span> <span class='ocrx_word' id='word_1_389' title='bbox 736 2646 768 2676; x_wconf 71' lang='grc'>4.</span> <span class='ocrx_word' id='word_1_390' title='bbox 793 2653 924 2676; x_wconf 83' lang='lat' dir='ltr'>omnem</span> <span class='ocrx_word' id='word_1_391' title='bbox 943 2644 1084 2675; x_wconf 78' lang='lat' dir='ltr'>aurium</span> <span class='ocrx_word' id='word_1_392' title='bbox 1103 2643 1159 2673; x_wconf 78' lang='lat' dir='ltr'>AB</span> <span class='ocrx_word' id='word_1_393' title='bbox 1175 2653 1183 2673; x_wconf 73' lang='grc' dir='ltr'>ε</span> <span class='ocrx_word' id='word_1_394' title='bbox 1212 2651 1343 2674; x_wconf 74' lang='lat' dir='ltr'>omnem</span> <span class='ocrx_word' id='word_1_395' title='bbox 1361 2643 1533 2672; x_wconf 74' lang='lat' dir='ltr'>rationem</span> <span class='ocrx_word' id='word_1_396' title='bbox 1552 2645 1580 2671; x_wconf 81' lang='lat' dir='ltr'>et</span> <span class='ocrx_word' id='word_1_397' title='bbox 1600 2641 1742 2670; x_wconf 85' lang='lat' dir='ltr'>aurium</span> <span class='ocrx_word' id='word_1_398' title='bbox 1754 2640 1828 2675; x_wconf 79' lang='lat' dir='ltr'>RE,</span> <span class='ocrx_word' id='word_1_399' title='bbox 1852 2648 1984 2670; x_wconf 81' lang='lat' dir='ltr'>omnem</span> 
     </span>
     <span class='ocr_line' id='line_1_40' title="bbox 226 2687 1984 2729; baseline -0.007 0"><span class='ocrx_word' id='word_1_400' title='bbox 226 2703 257 2729; x_wconf 83' lang='lat' dir='ltr'>et</span> <span class='ocrx_word' id='word_1_401' title='bbox 284 2697 424 2729; x_wconf 77' lang='lat' dir='ltr'>aurium</span> <span class='ocrx_word' id='word_1_402' title='bbox 442 2696 484 2727; x_wconf 89' lang='lat' dir='ltr'>T.</span> <span class='ocrx_word' id='word_1_403' title='bbox 516 2712 550 2718; x_wconf 93' lang='lat'>—</span> <span class='ocrx_word' id='word_1_404' title='bbox 580 2695 614 2726; x_wconf 88' lang='lat'>5.</span> <span class='ocrx_word' id='word_1_405' title='bbox 642 2694 688 2724; x_wconf 76' lang='lat' dir='ltr'>acl</span> <span class='ocrx_word' id='word_1_406' title='bbox 713 2698 844 2723; x_wconf 83' lang='lat' dir='ltr'>motum</span> <span class='ocrx_word' id='word_1_407' title='bbox 870 2692 912 2723; x_wconf 82' lang='lat' dir='ltr'><strong>R.</strong></span> <span class='ocrx_word' id='word_1_408' title='bbox 942 2708 981 2713; x_wconf 88' lang='lat'>—-</span> <span class='ocrx_word' id='word_1_409' title='bbox 1008 2694 1131 2721; x_wconf 81' lang='lat' dir='ltr'>utatur</span> <span class='ocrx_word' id='word_1_410' title='bbox 1150 2690 1190 2720; x_wconf 82' lang='grc' dir='ltr'>Α.</span> <span class='ocrx_word' id='word_1_411' title='bbox 1222 2707 1258 2712; x_wconf 93' lang='grc'>-</span> <span class='ocrx_word' id='word_1_412' title='bbox 1287 2690 1440 2719; x_wconf 78' lang='lat' dir='ltr'>vortitur</span> <span class='ocrx_word' id='word_1_413' title='bbox 1460 2688 1497 2718; x_wconf 88' lang='lat' dir='ltr'><strong>B.</strong></span> <span class='ocrx_word' id='word_1_414' title='bbox 1529 2704 1564 2710; x_wconf 92' lang='lat'>—</span> <span class='ocrx_word' id='word_1_415' title='bbox 1593 2687 1626 2717; x_wconf 87' lang='lat'><strong>7.</strong></span> <span class='ocrx_word' id='word_1_416' title='bbox 1652 2687 1842 2726; x_wconf 80' lang='lat' dir='ltr'>plurimum</span> <span class='ocrx_word' id='word_1_417' title='bbox 1867 2687 1984 2717; x_wconf 81' lang='lat' dir='ltr'>eadem</span> 
     </span>
     <span class='ocr_line' id='line_1_41' title="bbox 226 2731 1981 2781; baseline -0.009 -5"><span class='ocrx_word' id='word_1_418' title='bbox 226 2745 390 2776; x_wconf 81' lang='lat' dir='ltr'>haberent</span> <span class='ocrx_word' id='word_1_419' title='bbox 414 2742 444 2773; x_wconf 82' lang='grc' dir='ltr'><strong>Α</strong></span> <span class='ocrx_word' id='word_1_420' title='bbox 470 2742 623 2781; x_wconf 83' lang='lat' dir='ltr'>aliique,</span> <span class='ocrx_word' id='word_1_421' title='bbox 651 2741 706 2771; x_wconf 88' lang='lat' dir='ltr'>R:</span> <span class='ocrx_word' id='word_1_422' title='bbox 736 2740 853 2770; x_wconf 81' lang='lat' dir='ltr'>eadem</span> <span class='ocrx_word' id='word_1_423' title='bbox 880 2737 1041 2769; x_wconf 81' lang='lat' dir='ltr'>haberent</span> <span class='ocrx_word' id='word_1_424' title='bbox 1064 2737 1251 2775; x_wconf 79' lang='lat' dir='ltr'>plurimum</span> <span class='ocrx_word' id='word_1_425' title='bbox 1279 2736 1318 2766; x_wconf 84' lang='lat' dir='ltr'><strong>E.</strong></span> <span class='ocrx_word' id='word_1_426' title='bbox 1348 2735 1412 2771; x_wconf 83' lang='lat' dir='ltr'>(De</span> <span class='ocrx_word' id='word_1_427' title='bbox 1439 2735 1464 2764; x_wconf 83' lang='lat' dir='ltr'>B</span> <span class='ocrx_word' id='word_1_428' title='bbox 1491 2742 1560 2765; x_wconf 90' lang='lat' dir='ltr'>non</span> <span class='ocrx_word' id='word_1_429' title='bbox 1588 2731 1722 2772; x_wconf 85' lang='lat' dir='ltr'>liquet.)</span> <span class='ocrx_word' id='word_1_430' title='bbox 1754 2749 1788 2754; x_wconf 89' lang='lat'>—</span> <span class='ocrx_word' id='word_1_431' title='bbox 1819 2734 1874 2765; x_wconf 88' lang='lat'><strong>10.</strong></span> <span class='ocrx_word' id='word_1_432' title='bbox 1904 2731 1981 2773; x_wconf 76' lang='lat' dir='ltr'>sua]</span> 
     </span>
     <span class='ocr_line' id='line_1_42' title="bbox 226 2780 1980 2823; baseline -0.006 -1"><span class='ocrx_word' id='word_1_433' title='bbox 226 2795 305 2822; x_wconf 80' lang='lat' dir='ltr'>sunt</span> <span class='ocrx_word' id='word_1_434' title='bbox 333 2791 372 2821; x_wconf 89' lang='lat' dir='ltr'><strong>B.</strong></span> <span class='ocrx_word' id='word_1_435' title='bbox 396 2805 437 2811; x_wconf 87' lang='lat'>-—</span> <span class='ocrx_word' id='word_1_436' title='bbox 478 2790 532 2820; x_wconf 89' lang='lat'><strong>11.</strong></span> <span class='ocrx_word' id='word_1_437' title='bbox 563 2788 614 2819; x_wconf 85' lang='lat' dir='ltr'>sol</span> <span class='ocrx_word' id='word_1_438' title='bbox 639 2787 686 2817; x_wconf 82' lang='lat' dir='ltr'>ad</span> <span class='ocrx_word' id='word_1_439' title='bbox 713 2795 787 2817; x_wconf 82' lang='lat' dir='ltr'>eam</span> <span class='ocrx_word' id='word_1_440' title='bbox 812 2784 1076 2823; x_wconf 78' lang='lat' dir='ltr'>circumferatur</span> <span class='ocrx_word' id='word_1_441' title='bbox 1102 2785 1149 2817; x_wconf 79' lang='grc' dir='ltr'>Α,</span> <span class='ocrx_word' id='word_1_442' title='bbox 1177 2784 1227 2813; x_wconf 84' lang='lat' dir='ltr'>sol</span> <span class='ocrx_word' id='word_1_443' title='bbox 1252 2786 1290 2813; x_wconf 78' lang='lat' dir='ltr'>ut</span> <span class='ocrx_word' id='word_1_444' title='bbox 1314 2782 1361 2812; x_wconf 85' lang='lat' dir='ltr'>ad</span> <span class='ocrx_word' id='word_1_445' title='bbox 1387 2791 1462 2812; x_wconf 83' lang='lat' dir='ltr'>eam</span> <span class='ocrx_word' id='word_1_446' title='bbox 1488 2780 1753 2818; x_wconf 76' lang='lat' dir='ltr'>circumferatur</span> <span class='ocrx_word' id='word_1_447' title='bbox 1779 2780 1817 2810; x_wconf 86' lang='lat' dir='ltr'><strong>B.</strong></span> <span class='ocrx_word' id='word_1_448' title='bbox 1849 2796 1884 2801; x_wconf 93' lang='lat'><em>-</em></span> <span class='ocrx_word' id='word_1_449' title='bbox 1925 2780 1980 2811; x_wconf 87' lang='lat'><strong>12.</strong></span> 
     </span>
     <span class='ocr_line' id='line_1_43' title="bbox 229 2824 1980 2869; baseline -0.007 0"><span class='ocrx_word' id='word_1_450' title='bbox 229 2839 347 2869; x_wconf 77' lang='lat' dir='ltr'>lunam</span> <span class='ocrx_word' id='word_1_451' title='bbox 374 2837 413 2867; x_wconf 86' lang='grc' dir='ltr'>Β.</span> <span class='ocrx_word' id='word_1_452' title='bbox 443 2853 483 2858; x_wconf 92' lang='lat'>——</span> <span class='ocrx_word' id='word_1_453' title='bbox 510 2835 566 2866; x_wconf 86' lang='lat'><strong>13.</strong></span> <span class='ocrx_word' id='word_1_454' title='bbox 595 2842 657 2864; x_wconf 86' lang='lat' dir='ltr'>suo</span> <span class='ocrx_word' id='word_1_455' title='bbox 683 2842 751 2864; x_wconf 89' lang='lat' dir='ltr'>om.</span> <span class='ocrx_word' id='word_1_456' title='bbox 780 2832 851 2863; x_wconf 82' lang='grc' dir='ltr'>ΑΒ.</span> <span class='ocrx_word' id='word_1_457' title='bbox 884 2847 917 2853; x_wconf 93' lang='grc'>-</span> <span class='ocrx_word' id='word_1_458' title='bbox 949 2831 1104 2869; x_wconf 63' lang='lat' dir='ltr'>dispares</span> <span class='ocrx_word' id='word_1_459' title='bbox 1132 2830 1174 2860; x_wconf 84' lang='lat' dir='ltr'><strong>R.</strong></span> <span class='ocrx_word' id='word_1_460' title='bbox 1205 2846 1244 2851; x_wconf 73' lang='lat'>—-</span> <span class='ocrx_word' id='word_1_461' title='bbox 1285 2829 1340 2860; x_wconf 47' lang='lat'><strong>«14.</strong></span> <span class='ocrx_word' id='word_1_462' title='bbox 1369 2825 1565 2868; x_wconf 78' lang='lat' dir='ltr'>conficiant]</span> <span class='ocrx_word' id='word_1_463' title='bbox 1594 2827 1781 2865; x_wconf 74' lang='lat' dir='ltr'>conspiciat</span> <span class='ocrx_word' id='word_1_464' title='bbox 1806 2824 1882 2865; x_wconf 79' lang='lat' dir='ltr'>(sic)</span> <span class='ocrx_word' id='word_1_465' title='bbox 1909 2826 1980 2857; x_wconf 89' lang='grc' dir='ltr'>ΑΒ.</span> 
     </span>
     <span class='ocr_line' id='line_1_44' title="bbox 231 2873 1984 2925; baseline -0.007 -10"><span class='ocrx_word' id='word_1_466' title='bbox 231 2902 268 2907; x_wconf 96' lang='grc'>-</span> <span class='ocrx_word' id='word_1_467' title='bbox 294 2884 456 2925; x_wconf 83' lang='lat' dir='ltr'>paullum</span> <span class='ocrx_word' id='word_1_468' title='bbox 482 2886 520 2913; x_wconf 84' lang='lat' dir='ltr'>ut</span> <span class='ocrx_word' id='word_1_469' title='bbox 546 2881 604 2912; x_wconf 75' lang='lat' dir='ltr'>AB</span> <span class='ocrx_word' id='word_1_470' title='bbox 631 2881 787 2919; x_wconf 85' lang='lat' dir='ltr'>aliique:</span> <span class='ocrx_word' id='word_1_471' title='bbox 814 2882 853 2909; x_wconf 83' lang='lat' dir='ltr'>ut</span> <span class='ocrx_word' id='word_1_472' title='bbox 874 2878 1035 2917; x_wconf 80' lang='lat' dir='ltr'>paullum</span> <span class='ocrx_word' id='word_1_473' title='bbox 1064 2877 1134 2908; x_wconf 79' lang='lat' dir='ltr'><strong>RE.</strong></span> <span class='ocrx_word' id='word_1_474' title='bbox 1177 2893 1212 2899; x_wconf 91' lang='lat'>—</span> <span class='ocrx_word' id='word_1_475' title='bbox 1259 2876 1314 2907; x_wconf 85' lang='lat'><strong>16.</strong></span> <span class='ocrx_word' id='word_1_476' title='bbox 1343 2875 1492 2914; x_wconf 67' lang='lat' dir='ltr'>coyitart</span> <span class='ocrx_word' id='word_1_477' title='bbox 1517 2873 1575 2904; x_wconf 85' lang='grc' dir='ltr'>ΑΒ</span> <span class='ocrx_word' id='word_1_478' title='bbox 1602 2874 1756 2911; x_wconf 83' lang='lat' dir='ltr'>aliique:</span> <span class='ocrx_word' id='word_1_479' title='bbox 1790 2873 1984 2912; x_wconf 67' lang='lat' dir='ltr'>eat-coquam·</span> 
     </span>
     <span class='ocr_line' id='line_1_45' title="bbox 228 2919 1983 2966; baseline -0.007 -5"><span class='ocrx_word' id='word_1_480' title='bbox 228 2931 301 2962; x_wconf 79' lang='lat' dir='ltr'><strong>RF..</strong></span> <span class='ocrx_word' id='word_1_481' title='bbox 332 2947 368 2953; x_wconf 90' lang='lat'>—</span> <span class='ocrx_word' id='word_1_482' title='bbox 415 2929 471 2960; x_wconf 88' lang='grc'>17.</span> <span class='ocrx_word' id='word_1_483' title='bbox 501 2932 690 2961; x_wconf 79' lang='lat' dir='ltr'>ceterorum</span> <span class='ocrx_word' id='word_1_484' title='bbox 717 2927 755 2958; x_wconf 80' lang='lat' dir='ltr'><strong>R.</strong></span> <span class='ocrx_word' id='word_1_485' title='bbox 794 2941 835 2947; x_wconf 87' lang='lat'>-—</span> <span class='ocrx_word' id='word_1_486' title='bbox 879 2925 934 2956; x_wconf 89' lang='grc'>18.</span> <span class='ocrx_word' id='word_1_487' title='bbox 961 2925 1118 2966; x_wconf 79' lang='lat' dir='ltr'>affectam</span> <span class='ocrx_word' id='word_1_488' title='bbox 1145 2923 1215 2954; x_wconf 75' lang='lat' dir='ltr'>AB.</span> <span class='ocrx_word' id='word_1_489' title='bbox 1251 2940 1294 2943; x_wconf 97' lang='lat'><strong>—</strong></span> <span class='ocrx_word' id='word_1_490' title='bbox 1337 2922 1391 2952; x_wconf 86' lang='grc'>19.</span> <span class='ocrx_word' id='word_1_491' title='bbox 1420 2922 1456 2951; x_wconf 82' lang='lat' dir='ltr'>in</span> <span class='ocrx_word' id='word_1_492' title='bbox 1482 2921 1528 2950; x_wconf 82' lang='lat' dir='ltr'>eis</span> <span class='ocrx_word' id='word_1_493' title='bbox 1553 2920 1736 2951; x_wconf 72' lang='lat' dir='ltr'>arboribus</span> <span class='ocrx_word' id='word_1_494' title='bbox 1763 2920 1819 2950; x_wconf 77' lang='lat' dir='ltr'>AB</span> <span class='ocrx_word' id='word_1_495' title='bbox 1837 2944 1844 2955; x_wconf 90' lang='lat'>‚</span> <span class='ocrx_word' id='word_1_496' title='bbox 1873 2921 1909 2951; x_wconf 76' lang='lat' dir='ltr'>in</span> <span class='ocrx_word' id='word_1_497' title='bbox 1933 2919 1983 2949; x_wconf 80' lang='lat' dir='ltr'>his</span> 
     </span>
     <span class='ocr_line' id='line_1_46' title="bbox 230 2966 1981 3012; baseline -0.006 -5"><span class='ocrx_word' id='word_1_498' title='bbox 230 2977 411 3008; x_wconf 75' lang='lat' dir='ltr'>arboribus</span> <span class='ocrx_word' id='word_1_499' title='bbox 437 2977 478 3007; x_wconf 86' lang='lat' dir='ltr'><strong>R.</strong></span> <span class='ocrx_word' id='word_1_500' title='bbox 508 2990 546 2996; x_wconf 90' lang='lat'>-—</span> <span class='ocrx_word' id='word_1_501' title='bbox 575 2975 631 3006; x_wconf 73' lang='lat'><strong>⁶21.</strong></span> <span class='ocrx_word' id='word_1_502' title='bbox 658 2981 832 3012; x_wconf 78' lang='lat' dir='ltr'>nusquam</span> <span class='ocrx_word' id='word_1_503' title='bbox 856 2988 870 2994; x_wconf 96' lang='lat'><em>-</em></span> <span class='ocrx_word' id='word_1_504' title='bbox 888 2988 900 2994; x_wconf 85' lang='lat'><em>-</em></span> <span class='ocrx_word' id='word_1_505' title='bbox 926 2976 1091 3002; x_wconf 74' lang='lat' dir='ltr'>naturam</span> <span class='ocrx_word' id='word_1_506' title='bbox 1109 2979 1176 3001; x_wconf 91' lang='lat' dir='ltr'>om.</span> <span class='ocrx_word' id='word_1_507' title='bbox 1198 2969 1268 3000; x_wconf 85' lang='grc' dir='ltr'><strong>ΑΒ.</strong></span> <span class='ocrx_word' id='word_1_508' title='bbox 1292 2984 1330 2990; x_wconf 92' lang='grc'>-</span> <span class='ocrx_word' id='word_1_509' title='bbox 1359 2968 1415 2998; x_wconf 82' lang='lat'><strong>23.</strong></span> <span class='ocrx_word' id='word_1_510' title='bbox 1443 2966 1624 3006; x_wconf 82' lang='lat' dir='ltr'>cavernae]</span> <span class='ocrx_word' id='word_1_511' title='bbox 1655 2968 1795 2998; x_wconf 76' lang='lat' dir='ltr'>carinae</span> <span class='ocrx_word' id='word_1_512' title='bbox 1823 2967 1902 3006; x_wconf 87' lang='lat' dir='ltr'>Lag.</span> <span class='ocrx_word' id='word_1_513' title='bbox 1924 2966 1981 2997; x_wconf 84' lang='lat'><strong>20.</strong></span> 
     </span>
     <span class='ocr_line' id='line_1_47' title="bbox 232 3013 1984 3060; baseline -0.006 -7"><span class='ocrx_word' id='word_1_514' title='bbox 232 3029 266 3054; x_wconf 89' lang='lat' dir='ltr'>et</span> <span class='ocrx_word' id='word_1_515' title='bbox 291 3023 347 3053; x_wconf 88' lang='grc'>67.</span> <span class='ocrx_word' id='word_1_516' title='bbox 367 3046 376 3060; x_wconf 84' lang='grc'>,</span> <span class='ocrx_word' id='word_1_517' title='bbox 404 3024 486 3054; x_wconf 82' lang='lat' dir='ltr'>item</span> <span class='ocrx_word' id='word_1_518' title='bbox 513 3021 622 3053; x_wconf 82' lang='lat' dir='ltr'>Aldus</span> <span class='ocrx_word' id='word_1_519' title='bbox 649 3029 760 3058; x_wconf 83' lang='lat' dir='ltr'>usque</span> <span class='ocrx_word' id='word_1_520' title='bbox 787 3019 828 3050; x_wconf 89' lang='lat' dir='ltr'>ad</span> <span class='ocrx_word' id='word_1_521' title='bbox 856 3018 1069 3054; x_wconf 86' lang='lat' dir='ltr'>Gruterum,</span> <span class='ocrx_word' id='word_1_522' title='bbox 1099 3021 1235 3056; x_wconf 83' lang='lat' dir='ltr'>praeter</span> <span class='ocrx_word' id='word_1_523' title='bbox 1259 3016 1466 3046; x_wconf 84' lang='lat' dir='ltr'>Larnbinuin</span> <span class='ocrx_word' id='word_1_524' title='bbox 1484 3036 1492 3047; x_wconf 87' lang='lat'>,</span> <span class='ocrx_word' id='word_1_525' title='bbox 1522 3016 1580 3052; x_wconf 84' lang='lat' dir='ltr'>qui</span> <span class='ocrx_word' id='word_1_526' title='bbox 1608 3014 1742 3045; x_wconf 73' lang='lat' dir='ltr'>carina.</span> <span class='ocrx_word' id='word_1_527' title='bbox 1773 3031 1807 3036; x_wconf 87' lang='lat'><em>-</em></span> <span class='ocrx_word' id='word_1_528' title='bbox 1837 3013 1891 3043; x_wconf 68' lang='lat'>24.</span> <span class='ocrx_word' id='word_1_529' title='bbox 1922 3022 1984 3043; x_wconf 87' lang='lat' dir='ltr'>an-</span> 
     </span>
     <span class='ocr_line' id='line_1_48' title="bbox 232 3059 1979 3108; baseline -0.007 -8"><span class='ocrx_word' id='word_1_530' title='bbox 232 3074 338 3100; x_wconf 68' lang='lat' dir='ltr'>terma</span> <span class='ocrx_word' id='word_1_531' title='bbox 364 3070 434 3100; x_wconf 85' lang='grc' dir='ltr'><strong>ΑΒ.</strong></span> <span class='ocrx_word' id='word_1_532' title='bbox 464 3087 503 3092; x_wconf 91' lang='grc'>-</span> <span class='ocrx_word' id='word_1_533' title='bbox 530 3077 636 3108; x_wconf 84' lang='lat' dir='ltr'>quam</span> <span class='ocrx_word' id='word_1_534' title='bbox 661 3067 739 3098; x_wconf 82' lang='lat' dir='ltr'>vela</span> <span class='ocrx_word' id='word_1_535' title='bbox 765 3074 832 3098; x_wconf 88' lang='lat' dir='ltr'>om.</span> <span class='ocrx_word' id='word_1_536' title='bbox 861 3065 902 3096; x_wconf 73' lang='lat' dir='ltr'><strong>A.</strong></span> <span class='ocrx_word' id='word_1_537' title='bbox 931 3081 973 3086; x_wconf 84' lang='lat'><em>-</em></span> <span class='ocrx_word' id='word_1_538' title='bbox 1007 3074 1110 3105; x_wconf 84' lang='lat' dir='ltr'>quam</span> <span class='ocrx_word' id='word_1_539' title='bbox 1135 3063 1184 3094; x_wconf 80' lang='lat' dir='ltr'>alt&#39;</span> <span class='ocrx_word' id='word_1_540' title='bbox 1210 3063 1250 3092; x_wconf 82' lang='grc' dir='ltr'><strong>Α.</strong></span> <span class='ocrx_word' id='word_1_541' title='bbox 1307 3062 1501 3100; x_wconf 83' lang='lat' dir='ltr'>«Quattuor</span> <span class='ocrx_word' id='word_1_542' title='bbox 1527 3061 1608 3091; x_wconf 81' lang='lat' dir='ltr'>Mss.</span> <span class='ocrx_word' id='word_1_543' title='bbox 1638 3070 1655 3092; x_wconf 89' lang='lat' dir='ltr'>e</span> <span class='ocrx_word' id='word_1_544' title='bbox 1684 3059 1841 3091; x_wconf 83' lang='lat' dir='ltr'>biblioth.</span> <span class='ocrx_word' id='word_1_545' title='bbox 1871 3059 1979 3091; x_wconf 85' lang='lat' dir='ltr'>Paris.</span> 
     </span>
     <span class='ocr_line' id='line_1_49' title="bbox 231 3106 1981 3156; baseline -0.007 -9"><span class='ocrx_word' id='word_1_546' title='bbox 231 3113 280 3155; x_wconf 83' lang='lat' dir='ltr'>(et</span> <span class='ocrx_word' id='word_1_547' title='bbox 301 3124 356 3146; x_wconf 84' lang='lat' dir='ltr'>sex</span> <span class='ocrx_word' id='word_1_548' title='bbox 384 3115 480 3156; x_wconf 86' lang='lat' dir='ltr'>Lag.)</span> <span class='ocrx_word' id='word_1_549' title='bbox 509 3120 585 3152; x_wconf 79' lang='lat' dir='ltr'>post</span> <span class='ocrx_word' id='word_1_550' title='bbox 610 3116 695 3146; x_wconf 87' lang='lat' dir='ltr'>baec</span> <span class='ocrx_word' id='word_1_551' title='bbox 720 3123 751 3145; x_wconf 92' lang='lat' dir='ltr'>v.</span> <span class='ocrx_word' id='word_1_552' title='bbox 781 3112 1032 3153; x_wconf 80' lang='lat' dir='ltr'>adduntquam</span> <span class='ocrx_word' id='word_1_553' title='bbox 1051 3111 1225 3150; x_wconf 77' lang='lat' dir='ltr'>reliqua.»</span> <span class='ocrx_word' id='word_1_554' title='bbox 1254 3108 1405 3139; x_wconf 83' lang='lat' dir='ltr'>Leclerc.</span> <span class='ocrx_word' id='word_1_555' title='bbox 1438 3124 1480 3128; x_wconf 86' lang='lat'>—-</span> <span class='ocrx_word' id='word_1_556' title='bbox 1506 3107 1562 3137; x_wconf 76' lang='lat'><strong>26.</strong></span> <span class='ocrx_word' id='word_1_557' title='bbox 1591 3113 1620 3138; x_wconf 83' lang='lat' dir='ltr'>et</span> <span class='ocrx_word' id='word_1_558' title='bbox 1648 3111 1727 3139; x_wconf 85' lang='lat' dir='ltr'>ante</span> <span class='ocrx_word' id='word_1_559' title='bbox 1755 3106 1879 3144; x_wconf 79' lang='lat' dir='ltr'>templa</span> <span class='ocrx_word' id='word_1_560' title='bbox 1904 3113 1981 3135; x_wconf 89' lang='lat' dir='ltr'>cum</span> 
     </span>
     <span class='ocr_line' id='line_1_50' title="bbox 234 3150 1978 3201; baseline -0.005 -9"><span class='ocrx_word' id='word_1_561' title='bbox 234 3161 344 3192; x_wconf 91' lang='lat' dir='ltr'>Codd.</span> <span class='ocrx_word' id='word_1_562' title='bbox 365 3162 445 3201; x_wconf 86' lang='lat' dir='ltr'>aliq.</span> <span class='ocrx_word' id='word_1_563' title='bbox 467 3172 534 3193; x_wconf 91' lang='lat' dir='ltr'>om.</span> <span class='ocrx_word' id='word_1_564' title='bbox 556 3162 595 3194; x_wconf 85' lang='lat' dir='ltr'><strong>T.</strong></span> <span class='ocrx_word' id='word_1_565' title='bbox 626 3160 765 3193; x_wconf 81' lang='lat' dir='ltr'>Habent</span> <span class='ocrx_word' id='word_1_566' title='bbox 783 3160 855 3195; x_wconf 85' lang='lat' dir='ltr'>AB,</span> <span class='ocrx_word' id='word_1_567' title='bbox 876 3159 917 3189; x_wconf 81' lang='lat' dir='ltr'><strong>R.</strong></span> <span class='ocrx_word' id='word_1_568' title='bbox 947 3176 985 3180; x_wconf 95' lang='lat'><strong>—</strong></span> <span class='ocrx_word' id='word_1_569' title='bbox 1013 3158 1069 3188; x_wconf 83' lang='lat'><strong>27.</strong></span> <span class='ocrx_word' id='word_1_570' title='bbox 1097 3152 1278 3194; x_wconf 72' lang='lat' dir='ltr'>utilitatis]</span> <span class='ocrx_word' id='word_1_571' title='bbox 1306 3155 1497 3186; x_wconf 76' lang='lat' dir='ltr'>honestatis</span> <span class='ocrx_word' id='word_1_572' title='bbox 1522 3154 1563 3185; x_wconf 80' lang='lat' dir='ltr'><strong>R.</strong></span> <span class='ocrx_word' id='word_1_573' title='bbox 1589 3171 1630 3175; x_wconf 90' lang='lat'>—</span> <span class='ocrx_word' id='word_1_574' title='bbox 1658 3152 1715 3184; x_wconf 80' lang='lat'>28.</span> <span class='ocrx_word' id='word_1_575' title='bbox 1743 3158 1790 3184; x_wconf 84' lang='lat' dir='ltr'>est</span> <span class='ocrx_word' id='word_1_576' title='bbox 1817 3161 1884 3183; x_wconf 88' lang='lat' dir='ltr'>om.</span> <span class='ocrx_word' id='word_1_577' title='bbox 1906 3150 1978 3183; x_wconf 85' lang='lat' dir='ltr'><strong>AB.</strong></span> 
     </span>
     <span class='ocr_line' id='line_1_51' title="bbox 236 3200 1982 3247; baseline -0.006 -9"><span class='ocrx_word' id='word_1_578' title='bbox 236 3225 273 3231; x_wconf 86' lang='lat'>—-</span> <span class='ocrx_word' id='word_1_579' title='bbox 304 3206 401 3247; x_wconf 85' lang='lat' dir='ltr'>esset]</span> <span class='ocrx_word' id='word_1_580' title='bbox 430 3212 476 3239; x_wconf 83' lang='lat' dir='ltr'>est</span> <span class='ocrx_word' id='word_1_581' title='bbox 500 3208 541 3238; x_wconf 76' lang='grc' dir='ltr'>Α.</span> <span class='ocrx_word' id='word_1_582' title='bbox 571 3224 610 3230; x_wconf 92' lang='grc'>-</span> <span class='ocrx_word' id='word_1_583' title='bbox 638 3207 696 3239; x_wconf 79' lang='lat'><strong>29.</strong></span> <span class='ocrx_word' id='word_1_584' title='bbox 724 3211 807 3238; x_wconf 83' lang='lat' dir='ltr'>utra</span> <span class='ocrx_word' id='word_1_585' title='bbox 830 3206 869 3236; x_wconf 89' lang='lat' dir='ltr'><strong>B.</strong></span> <span class='ocrx_word' id='word_1_586' title='bbox 900 3222 936 3227; x_wconf 92' lang='lat'>—</span> <span class='ocrx_word' id='word_1_587' title='bbox 964 3210 1067 3245; x_wconf 81' lang='lat' dir='ltr'>parte</span> <span class='ocrx_word' id='word_1_588' title='bbox 1092 3203 1170 3235; x_wconf 77' lang='lat' dir='ltr'>tecti</span> <span class='ocrx_word' id='word_1_589' title='bbox 1189 3203 1228 3231; x_wconf 72' lang='grc' dir='ltr'><strong>Β.</strong></span> <span class='ocrx_word' id='word_1_590' title='bbox 1250 3218 1291 3222; x_wconf 82' lang='lat'>——</span> <span class='ocrx_word' id='word_1_591' title='bbox 1318 3200 1424 3241; x_wconf 82' lang='lat' dir='ltr'>aqua]</span> <span class='ocrx_word' id='word_1_592' title='bbox 1453 3201 1574 3240; x_wconf 81' lang='lat' dir='ltr'>aliqua</span> <span class='ocrx_word' id='word_1_593' title='bbox 1601 3200 1750 3231; x_wconf 88' lang='lat' dir='ltr'>Ernestii</span> <span class='ocrx_word' id='word_1_594' title='bbox 1779 3206 1917 3236; x_wconf 76' lang='lat' dir='ltr'>operae.</span> <span class='ocrx_word' id='word_1_595' title='bbox 1939 3214 1982 3219; x_wconf 81' lang='lat'><em>-</em></span> 
     </span>
     <span class='ocr_line' id='line_1_52' title="bbox 233 3244 1981 3295; baseline -0.006 -11"><span class='ocrx_word' id='word_1_596' title='bbox 233 3254 290 3285; x_wconf 87' lang='lat'><strong>30.</strong></span> <span class='ocrx_word' id='word_1_597' title='bbox 318 3254 456 3293; x_wconf 78' lang='lat' dir='ltr'>templi,</span> <span class='ocrx_word' id='word_1_598' title='bbox 485 3254 622 3295; x_wconf 66' lang='lat' dir='ltr'>fastigii</span> <span class='ocrx_word' id='word_1_599' title='bbox 647 3254 734 3286; x_wconf 86' lang='lat' dir='ltr'>male</span> <span class='ocrx_word' id='word_1_600' title='bbox 762 3253 941 3292; x_wconf 81' lang='lat' dir='ltr'>distinguit</span> <span class='ocrx_word' id='word_1_601' title='bbox 968 3252 1007 3282; x_wconf 87' lang='lat' dir='ltr'><strong>E.</strong></span> <span class='ocrx_word' id='word_1_602' title='bbox 1035 3268 1075 3274; x_wconf 94' lang='lat'>—</span> <span class='ocrx_word' id='word_1_603' title='bbox 1116 3246 1266 3289; x_wconf 69' lang='lat' dir='ltr'>fastiyt&#39;i]</span> <span class='ocrx_word' id='word_1_604' title='bbox 1293 3249 1377 3288; x_wconf 77' lang='lat' dir='ltr'>fasti</span> <span class='ocrx_word' id='word_1_605' title='bbox 1402 3248 1472 3279; x_wconf 84' lang='lat' dir='ltr'><strong>AB.</strong></span> <span class='ocrx_word' id='word_1_606' title='bbox 1511 3264 1547 3270; x_wconf 87' lang='lat'>--</span> <span class='ocrx_word' id='word_1_607' title='bbox 1593 3246 1649 3277; x_wconf 90' lang='lat'><strong>31.</strong></span> <span class='ocrx_word' id='word_1_608' title='bbox 1678 3244 1884 3284; x_wconf 77' lang='lat' dir='ltr'>Capitolium</span> <span class='ocrx_word' id='word_1_609' title='bbox 1911 3249 1981 3274; x_wconf 82' lang='lat' dir='ltr'>sta-</span> 
     </span>
     <span class='ocr_line' id='line_1_53' title="bbox 235 3291 1979 3339; baseline -0.006 -7"><span class='ocrx_word' id='word_1_610' title='bbox 235 3304 390 3332; x_wconf 81' lang='lat' dir='ltr'>tueretur</span> <span class='ocrx_word' id='word_1_611' title='bbox 417 3301 472 3331; x_wconf 75' lang='lat' dir='ltr'>AB</span> <span class='ocrx_word' id='word_1_612' title='bbox 499 3300 648 3339; x_wconf 83' lang='lat' dir='ltr'>aliique,</span> <span class='ocrx_word' id='word_1_613' title='bbox 680 3302 730 3331; x_wconf 72' lang='lat' dir='ltr'>R:</span> <span class='ocrx_word' id='word_1_614' title='bbox 769 3302 979 3332; x_wconf 77' lang='lat' dir='ltr'>statueretur</span> <span class='ocrx_word' id='word_1_615' title='bbox 1005 3300 1088 3336; x_wconf 88' lang='lat' dir='ltr'>(om.</span> <span class='ocrx_word' id='word_1_616' title='bbox 1118 3294 1337 3335; x_wconf 71' lang='lat' dir='ltr'>Capitolium)</span> <span class='ocrx_word' id='word_1_617' title='bbox 1365 3295 1405 3326; x_wconf 89' lang='lat' dir='ltr'><strong>E.</strong></span> <span class='ocrx_word' id='word_1_618' title='bbox 1447 3311 1485 3316; x_wconf 97' lang='lat'>—</span> <span class='ocrx_word' id='word_1_619' title='bbox 1524 3292 1581 3324; x_wconf 69' lang='lat'><strong>32.</strong></span> <span class='ocrx_word' id='word_1_620' title='bbox 1609 3292 1713 3333; x_wconf 81' lang='lat' dir='ltr'>fuisse</span> <span class='ocrx_word' id='word_1_621' title='bbox 1739 3291 1798 3323; x_wconf 83' lang='grc' dir='ltr'>ΑΒ</span> <span class='ocrx_word' id='word_1_622' title='bbox 1824 3291 1979 3330; x_wconf 87' lang='lat' dir='ltr'>aliique,</span> 
     </span>
     <span class='ocr_line' id='line_1_54' title="bbox 234 3346 847 3380; baseline -0.002 0"><span class='ocrx_word' id='word_1_623' title='bbox 234 3348 287 3380; x_wconf 80' lang='lat' dir='ltr'>R:</span> <span class='ocrx_word' id='word_1_624' title='bbox 313 3355 381 3380; x_wconf 78' lang='lat' dir='ltr'>esse</span> <span class='ocrx_word' id='word_1_625' title='bbox 406 3346 447 3379; x_wconf 93' lang='lat' dir='ltr'><strong>E.</strong></span> <span class='ocrx_word' id='word_1_626' title='bbox 479 3363 514 3370; x_wconf 91' lang='lat'>—-</span> <span class='ocrx_word' id='word_1_627' title='bbox 543 3347 599 3379; x_wconf 90' lang='lat'><strong>35.</strong></span> <span class='ocrx_word' id='word_1_628' title='bbox 626 3348 782 3380; x_wconf 78' lang='lat' dir='ltr'>tulerunt</span> <span class='ocrx_word' id='word_1_629' title='bbox 806 3347 847 3379; x_wconf 88' lang='grc' dir='ltr'><strong>Β.</strong></span> 
     </span>
    </p>
   </div>
  </div>
 </body>
</html>
