2117 3762
723 290 820 329 LIB.
851 287 922 330 111.
981 289 1022 331 C.
1056 288 1119 330 18.
1152 289 1215 330 19.
1245 288 1312 329 20.
1813 289 1891 330 307

142 403 217 439 set.
255 398 325 438 70.
358 396 519 446 Quare,
549 395 583 435 si
605 395 680 434 hac
708 392 943 448 eloquentia
973 399 1095 448 atque
1126 393 1204 435 hoc
1234 398 1400 435 oratore
1429 392 1612 433 contenti
1634 404 1794 439 sumus,
1827 393 1896 447 qui

142 459 243 500 sciat
284 465 353 500 aut
383 471 537 511 negare
569 462 785 509 oportere,
832 455 942 510 quod
980 470 1175 509 arguare,
1219 462 1312 505 aut,
1358 454 1392 496 si
1420 454 1463 496 id
1492 468 1576 495 non
1614 455 1765 508 possis,
1812 460 1896 495 tum

143 523 386 569 ostendere,
426 521 538 576 quod
569 520 602 560 is
634 517 799 567 fecerit,
847 520 916 573 qui
949 519 1229 567 insimuletur,
1276 524 1345 559 aut
1376 523 1486 559 recte
1516 516 1670 558 factum
1701 522 1771 557 aut
1801 515 1899 556 alte-

141 583 229 625 rius
260 583 378 639 culpa
408 589 477 624 aut
521 580 671 622 iniuria
708 587 779 621 aut
809 596 862 622 ex
892 583 981 634 lege
1012 589 1081 624 aut
1111 596 1194 622 non
1226 587 1369 622 contra
1401 580 1533 634 legem
1564 585 1634 621 aut
1662 577 1900 631 impruden-

142 648 198 687 tia
228 653 297 688 aut
328 643 559 686 necessario
592 649 662 684 aut
691 658 773 685 non
805 659 855 684 eo
892 643 1056 685 nomine
1094 642 1399 698 usurpandum,
1445 657 1527 698 quo
1567 647 1785 696 arguatur,
1832 645 1929 681 auts

143 722 226 749 non
256 708 311 750 ita
341 709 430 761 agi,
463 713 507 747 ut
537 704 726 746 debuerit
756 706 1018 755 a‹:·licui÷1·it;
1066 712 1127 753 et,
1166 707 1199 747 si
1231 706 1328 746 satis
1361 719 1451 746 esse
1482 705 1656 760 putatis,
1692 718 1761 751 ea,
1793 717 1898 757 quae

143 769 208 811 isti
238 771 459 823 scriptores
489 766 588 808 artis
619 770 787 814 docent,
834 770 1020 816 discere,
1063 781 1168 822 quae
1200 767 1329 809 multo
1360 774 1496 809 tamen
1528 767 1734 815 ornatius,
1777 779 1901 820 quam

143 834 194 872 ab
227 833 306 872 illis
338 831 552 876 dicuntur,
603 836 642 871 et
674 831 844 871 uberius
885 831 1104 885 explicavit
1142 830 1363 881 Antonius;
1416 833 1509 877 sed,
1558 830 1592 871 si
1624 831 1686 870 his
1718 827 1904 870 contenti

144 893 241 935 estis
272 899 393 948 atque
423 893 473 932 iis
504 893 650 941 etiam,
684 907 789 947 quae
821 892 901 933 dici
933 893 1121 934 voluistis
1152 907 1176 934 a
1204 907 1296 941 me,
1331 908 1382 933 ex
1413 893 1569 947 ingenti
1601 893 1781 947 quodam
1812 905 1905 932 ora-

143 963 276 997 torem
306 955 593 1010 immensoque
622 968 766 1010 campo
800 956 839 996 in
872 957 1069 1008 exiguum
1099 969 1199 997 sane
1231 969 1378 1011 gyrum
1410 954 1669 1010 compellitis.
1731 957 1797 996 71.
1832 953 1904 995 Sin
1918 961 1952 986 10

143 1025 327 1060 veterem
363 1016 479 1058 illum
518 1017 717 1059 Periclem
757 1024 826 1060 aut
864 1020 973 1059 hunc
1003 1019 1151 1066 etiam,
1205 1019 1275 1073 qui
1305 1016 1553 1058 familiarior
1583 1018 1704 1057 nobis
1734 1021 1904 1071 propter

143 1079 392 1133 scriptorum
431 1079 734 1121 multitudinem
783 1086 868 1129 est,
918 1082 1242 1122 Demosthenem
1294 1081 1411 1134 sequi
1460 1078 1583 1120 vultis
1629 1085 1669 1120 et
1713 1080 1747 1120 si
1794 1078 1906 1119 illam

143 1143 398 1195 praeclaram
435 1148 475 1183 et
514 1144 707 1184 eximiam
745 1146 926 1198 speciem
966 1142 1142 1184 oratoris
1186 1142 1361 1197 perfecti
1393 1147 1433 1184 et
1461 1141 1806 1197 pulchritudinem
1837 1140 1907 1182 ad-

143 1204 331 1252 amastis,
363 1211 433 1245 aut
461 1207 579 1247 vobis
610 1208 711 1247 haec
743 1207 971 1248 Carneadia
997 1211 1066 1246 aut
1086 1204 1154 1246 illa
1175 1206 1416 1246 Aristotelia
1436 1207 1494 1246 vis
1516 1203 1907 1259 comprehendenda

138 1270 216 1312 est.
273 1269 342 1309 72.
376 1270 583 1322 Namque,
616 1274 661 1308 ut
690 1275 783 1310 ante
815 1270 923 1317 dixi,
962 1273 1126 1310 veteres
1157 1268 1215 1309 illi
1245 1282 1378 1323 usque
1409 1267 1459 1310 ad
1493 1270 1707 1309 Socratem
1740 1277 1954 1308 omnem1⁵

143 1331 328 1372 omnium
365 1343 530 1378 rerum,
583 1344 688 1386 quae
727 1332 777 1371 ad
816 1345 956 1372 mores
996 1333 1237 1380 hominum,
1289 1345 1395 1386 quae
1432 1332 1484 1372 ad
1520 1332 1668 1379 vitam,
1719 1344 1824 1384 quae
1855 1331 1907 1371 ad

143 1394 358 1441 virtutem,
400 1406 505 1448 quae
536 1395 586 1434 ad
616 1406 707 1434 rem
737 1393 946 1448 publicam
976 1392 1260 1448 pertinebant,
1308 1393 1593 1447 cognitionem
1625 1398 1666 1434 et
1696 1393 1908 1434 scientiam

145 1470 238 1497 cum
270 1455 434 1497 dicendi
463 1455 626 1496 ratione
657 1455 903 1509 iungebant;
934 1462 1078 1511 postea
1109 1457 1340 1504 dissociati,
1373 1461 1418 1497 ut
1450 1456 1651 1509 exposui,
1685 1468 1709 1496 a
1740 1457 1907 1495 Socrate

145 1518 289 1560 diserti
325 1532 348 1560 a
388 1519 521 1559 doctis
559 1524 601 1558 et
639 1517 834 1573 deinceps
864 1533 889 1559 a
920 1519 1139 1561 Socraticis
1168 1518 1269 1560 item
1299 1519 1514 1566 omnibus,
1555 1516 1791 1572 philosophi
1823 1519 1910 1558 elo-

145 1583 356 1637 quentiam
387 1583 693 1636 despexerunt,
726 1587 916 1622 oratores
948 1581 1218 1637 sapientiam3
1251 1595 1388 1635 neque
1420 1580 1644 1635 quidquam
1666 1592 1719 1621 ex
1740 1580 1908 1620 alterius
1923 1590 1958 1616 ²0

144 1650 261 1701 parte
291 1644 543 1698 tetigerunt,
589 1643 669 1685 nisi
711 1645 823 1697 quod
858 1643 917 1685 illi
948 1643 999 1685 ab
1030 1646 1093 1686 his
1124 1649 1195 1686 aut
1225 1645 1276 1685 ab
1307 1642 1389 1684 illis
1419 1642 1462 1684 hi
1493 1647 1805 1693 mutuarentur3
1857 1655 1910 1684 ex

146 1721 228 1763 quo
261 1706 495 1762 promiscue
525 1706 759 1754 haurirent,
799 1708 832 1747 si
863 1721 1033 1748 manere
1063 1708 1107 1748 in
1136 1705 1311 1762 pristina
1342 1706 1635 1748 communione
1665 1706 1907 1747 voluissent.

146 1771 214 1809 73.
260 1768 363 1816 Sed,
413 1775 458 1810 ut
493 1767 708 1823 pontifices
749 1775 912 1810 veteres
951 1775 1122 1825 propter
1161 1767 1459 1810 sacrificiorum
1490 1769 1797 1810 multitudinem
1828 1772 1911 1807 tres

146 1833 259 1873 viros
291 1832 492 1887 epulones
523 1844 613 1872 esse
645 1830 890 1879 voluerunt,
932 1846 1026 1873 cum
1057 1836 1194 1873 essent
1223 1830 1302 1886 ipsi
1332 1844 1355 1871 a
1385 1832 1541 1878 Numa,
1582 1836 1627 1872 ut
1657 1831 1780 1871 etiam
1809 1828 1911 1870 illud

147 1895 344 1935 ludorum
374 1894 546 1948 epulare
576 1892 822 1934 sacrificium
851 1893 1059 1943 facerent,
1093 1894 1287 1943 instituti3
1322 1894 1380 1934 sic
1410 1894 1610 1934 Socratici
1642 1907 1666 1934 a
1695 1906 1738 1934 se
1770 1904 1910 1933 causa·
1923 1900 1958 1926 2⁵

145 1970 240 1998 rum
271 1962 432 1997 actores
464 1961 505 1996 et
535 1969 558 1996 a
589 1955 800 1996 communi
831 1956 1119 2011 philosophiae
1151 1957 1320 1997 nomine
1361 1961 1684 2008 separaverunt,
1716 1967 1809 1997 cum
1841 1969 1911 1997 ve-

146 2024 258 2060 teres
288 2019 453 2060 dicendi
484 2022 526 2058 et
554 2016 812 2072 intelligendi
844 2017 1059 2060 mirificam
1090 2020 1330 2060 societatem
1362 2031 1453 2059 esse
1482 2017 1724 2059 voluissent.

257 2081 353 2122 XX.
386 2081 454 2121 71».
490 2080 606 2129 Quae
638 2093 731 2121 cum
761 2081 818 2121 ita
847 2080 954 2130 sint,
986 2080 1217 2136 paullulum
1249 2082 1442 2136 equidem
1475 2079 1525 2122 de
1556 2094 1622 2122 me
1653 2077 1912 2135 deprecabor

148 2148 189 2185 et
226 2149 367 2197 petam
406 2157 429 2184 a
467 2143 614 2191 vobis,
662 2148 707 2184 ut
752 2157 824 2192 ea,
872 2157 977 2198 quae
1019 2146 1178 2193 dicam,
1226 2158 1311 2185 non
1352 2146 1403 2186 de
1444 2149 1598 2185 memet
1636 2142 1726 2199 ipso
1758 2144 1831 2184 sed
1862 2143 1912 2182 de

149 2211 316 2247 oratore
362 2206 501 2247 dicere
546 2207 713 2260 putetis.
789 2208 878 2260 Ego
922 2207 1032 2248 enim
1072 2221 1164 2248 sum
1202 2206 1260 2255 is,
1309 2205 1401 2262 qui,
1450 2220 1543 2248 cum
1583 2220 1744 2247 summo
1776 2205 1960 2247 studio³0

148 2266 275 2322 patris
314 2268 358 2309 in
393 2268 572 2322 pueritia
612 2269 759 2310 doctus
798 2282 934 2310 essem
974 2274 1016 2311 et
1052 2272 1095 2311 in
1123 2268 1262 2311 forum
1291 2268 1447 2323 ingenii
1477 2273 1662 2317 tantum,
1716 2272 1912 2323 quantum

148 2330 240 2383 ipse
271 2331 425 2378 sentio,
465 2344 551 2371 non
582 2334 761 2380 tantum,
799 2337 999 2386 quantum
1031 2329 1150 2388 [ipse]
1184 2331 1360 2373 forsitan
1390 2332 1511 2374 vobis
1540 2333 1705 2379 videar,
1746 2328 1913 2371 detulis-

150 2405 259 2441 sem,
291 2406 376 2433 non
404 2393 562 2446 possim
594 2392 733 2434 dicere
762 2406 829 2434 me
859 2395 980 2442 haec,
1022 2408 1129 2450 quae
1160 2407 1269 2435 nunc
1299 2395 1579 2447 complector,
1624 2392 1822 2446 perinde,
1868 2395 1912 2431 ut

151 2454 285 2495 dicam
315 2454 511 2496 discenda
542 2469 654 2504 esse,
696 2457 919 2506 didicisse3
959 2457 1115 2512 quippe
1145 2457 1217 2513 qui
1248 2457 1435 2498 omnium
1465 2455 1706 2497 maturrime
1745 2455 1796 2495 ad
1836 2467 1912 2506 pu-

150 2515 280 2558 blicas
311 2531 455 2559 causas
487 2517 734 2559 accesserim
766 2533 980 2575 annosque
1018 2524 1139 2560 natus
1178 2533 1308 2560 unum
1350 2525 1391 2560 et
1428 2518 1575 2573 viginti
1606 2515 1908 2559 nobilissimum
1923 2523 1959 2549 ³⁵

150 2580 366 2621 hominem
396 2585 438 2621 et
466 2580 855 2636 eloquentissimum
886 2582 929 2622 in
969 2580 1167 2623 iudicium
1198 2580 1406 2632 vocarim;
1440 2580 1507 2621 cui
1539 2579 1756 2632 disciplina
1785 2577 1909 2618 fuerit

151 2638 311 2690 forum,
341 2644 539 2697 magister
567 2657 668 2686 usus
699 2649 740 2684 et
768 2643 883 2698 leges
913 2649 953 2685 et
982 2643 1163 2685 instituta
1194 2643 1340 2699 populi
1369 2644 1546 2684 Romani
1576 2655 1750 2696 mosque
1781 2640 1910 2680 maio-

151 2715 261 2745 rum.
321 2707 390 2747 75.
422 2705 611 2748 Paullum
642 2707 786 2748 sitiens
816 2708 986 2748 istarum
1026 2707 1202 2754 artium,
1249 2708 1301 2747 de
1333 2707 1485 2761 quibus
1514 2705 1684 2759 loquor,
1732 2702 1907 2756 gustavi,

154 2770 350 2820 quaestor
376 2767 421 2808 in
449 2769 547 2812 Asia
577 2783 671 2811 cum
702 2783 860 2818 essem,
905 2770 1123 2824 aequalem
1152 2767 1240 2810 fere
1266 2781 1410 2810 ‚meum
1441 2781 1493 2809 ex
1522 2765 1741 2808 Academia
1772 2763 1909 2805 rheto-

153 2841 244 2870 rem
272 2834 442 2880 nactus,
486 2831 774 2874 Metrodorum
805 2833 944 2879 illum,
991 2830 1042 2873 de
1081 2832 1196 2873 cuius
1226 2831 1428 2872 memoria
1459 2827 1800 2870 commemoravit
1827 2827 1910 2867 An-
1922 2838 1960 2866 too

153 2891 320 2942 tonius3
369 2897 411 2933 et
438 2893 535 2936 inde
564 2894 770 2936 decedens
799 2893 992 2940 Athenis,
1022 2893 1096 2934 ubi
1126 2906 1204 2948 ego
1234 2892 1386 2935 diutius
1418 2905 1550 2934 essem
1580 2895 1782 2936 moratus,
1828 2888 1910 2929 nisi

155 2953 499 3005 Atheniensibus,
531 2959 644 3012 quod
666 2955 860 3014 mysteria
881 2969 964 2996 non
986 2956 1212 3004 referrent,
1244 2958 1296 2997 ad
1328 2969 1433 3011 quae
1462 2953 1589 2994 biduo
1623 2951 1752 2992 serius
1783 2963 1909 2992 vene-

154 3029 265 3066 ram,
310 3017 652 3061 succensuissem.
723 3021 863 3069 Quare
901 3017 1006 3067 hoc,
1054 3016 1166 3072 quod
1205 3017 1459 3072 complector
1497 3018 1650 3055 tantam
1696 3011 1910 3054 scientiam

172 3093 1910 3107 w

248 3135 282 3168 2.
309 3140 434 3176 arante
460 3136 499 3167 B.
537 3153 575 3162 -
617 3139 732 3179 possis
757 3146 835 3170 cum
862 3137 958 3169 libris
985 3136 1032 3168 R:
1073 3137 1183 3176 possit
1209 3144 1287 3168 cum
1314 3135 1468 3168 Manutio
1495 3132 1536 3163 Ε.
1574 3148 1616 3155 -
1659 3135 1773 3164 tamen
1796 3131 1838 3163 R.
1870 3145 1905 3152 —-

156 3182 192 3216 5·
217 3191 288 3214 '²⁰⁷⁸
310 3180 361 3223 e⁰]
389 3183 427 3213 in
451 3191 488 3215 60
514 3182 554 3214 Β·
579 3201 620 3207 -
645 3185 679 3216 7.
707 3188 821 3217 tamen
847 3193 914 3217 om.
941 3184 984 3214 R.
1014 3199 1051 3205 —
1086 3182 1120 3213 8.
1147 3183 1212 3222 his]
1241 3183 1315 3214 istis
1340 3181 1381 3212 R.
1408 3196 1448 3202 —
1483 3178 1539 3211 14.
1568 3178 1772 3211 Carneadea
1795 3178 1838 3209 R.
1868 3194 1905 3200 —

157 3230 216 3262 15.
243 3229 430 3261 Isocratem
455 3229 497 3260 R.
538 3247 575 3253 —
614 3231 671 3263 18.
699 3231 895 3263 dissociatis
919 3247 934 3253 -
957 3246 971 3252 -
997 3228 1134 3261 disertis
1158 3229 1346 3261 Lambinus
1372 3229 1406 3258 in
1433 3235 1500 3266 mg.
1527 3225 1667 3264 Repett.
1697 3239 1737 3248 —-
1773 3225 1830 3256 21.
1857 3224 1909 3254 in-

157 3278 409 3308 mumiarentur
433 3275 511 3316 (sic)
538 3275 580 3309 B.
608 3294 648 3300 —
683 3277 740 3308 22.
765 3279 935 3318 promisce
959 3275 1000 3307 Τ.
1028 3292 1072 3297 -
1110 3275 1168 3308 23.
1196 3277 1260 3307 tris
1285 3274 1327 3305 T.
1367 3289 1404 3296 --
1448 3272 1506 3305 26.
1532 3274 1564 3305 ec
1588 3280 1655 3304 om.
1682 3270 1727 3302 R.
1762 3287 1805 3293 —
1847 3269 1906 3301 29.

157 3331 212 3354 me
235 3324 313 3364 ipso
339 3323 379 3355 R.
418 3340 456 3346 -
499 3322 555 3354 32.
581 3324 652 3363 ipse
677 3328 818 3357 auctore
843 3325 1002 3358 Ernestio
1029 3322 1157 3358 delevit
1185 3322 1389 3363 Schutzius;
1427 3328 1490 3354 nos
1513 3319 1728 3354 seclusimus.
1766 3334 1808 3342 -
1847 3315 1906 3349 33.

156 3378 296 3411 possum
318 3370 362 3404 R.
389 3387 433 3394 —
468 3368 525 3403 38.
550 3369 749 3405 Paullulum
771 3370 812 3404 B.
1329 3381 1334 3386 ·
