<?xml version="1.0" encoding="UTF-8"?>
<!DOCTYPE html PUBLIC "-//W3C//DTD XHTML 1.0 Transitional//EN"
    "http://www.w3.org/TR/xhtml1/DTD/xhtml1-transitional.dtd">
<html xmlns="http://www.w3.org/1999/xhtml" xml:lang="en" lang="en">
 <head>
  <title>
</title>
<meta http-equiv="Content-Type" content="text/html;charset=utf-8" />
  <meta name='ocr-system' content='tesseract 3.04.00' />
  <meta name='ocr-capabilities' content='ocr_page ocr_carea ocr_par ocr_line ocrx_word'/>
</head>
<body>
  <div class='ocr_page' id='page_1' title='image "./operaquaesupersu01ciceuoft/operaquaesupersu01ciceuoft_0438.png"; bbox 0 0 2117 3762; ppageno 0'>
   <div class='ocr_carea' id='block_1_1' title="bbox 253 279 1236 323">
    <p class='ocr_par' dir='ltr' id='par_1_1' title="bbox 253 279 1236 323">
     <span class='ocr_line' id='line_1_1' title="bbox 253 279 1236 323; baseline 0.001 -1"><span class='ocrx_word' id='word_1_1' title='bbox 253 279 334 323; x_wconf 55' lang='lat'>1426</span> <span class='ocrx_word' id='word_1_2' title='bbox 1022 281 1236 323; x_wconf 82' lang='lat' dir='ltr'><strong>ORATOR</strong></span> 
     </span>
    </p>
   </div>
   <div class='ocr_carea' id='block_1_2' title="bbox 195 386 2010 2703">
    <p class='ocr_par' dir='ltr' id='par_1_2' title="bbox 218 386 2007 944">
     <span class='ocr_line' id='line_1_2' title="bbox 249 386 2003 443; baseline 0.001 -15"><span class='ocrx_word' id='word_1_3' title='bbox 249 391 294 428; x_wconf 85' lang='lat' dir='ltr'>ut</span> <span class='ocrx_word' id='word_1_4' title='bbox 333 388 384 429; x_wconf 91' lang='lat' dir='ltr'>de</span> <span class='ocrx_word' id='word_1_5' title='bbox 422 387 580 429; x_wconf 83' lang='lat' dir='ltr'>Pericle</span> <span class='ocrx_word' id='word_1_6' title='bbox 621 386 705 429; x_wconf 83' lang='lat' dir='ltr'>dixi</span> <span class='ocrx_word' id='word_1_7' title='bbox 746 398 896 438; x_wconf 87' lang='lat' dir='ltr'>supra,</span> <span class='ocrx_word' id='word_1_8' title='bbox 943 399 995 427; x_wconf 90' lang='lat' dir='ltr'>ne</span> <span class='ocrx_word' id='word_1_9' title='bbox 1034 387 1300 443; x_wconf 83' lang='lat' dir='ltr'>physicorum</span> <span class='ocrx_word' id='word_1_10' title='bbox 1341 387 1507 442; x_wconf 87' lang='lat' dir='ltr'>quidem</span> <span class='ocrx_word' id='word_1_11' title='bbox 1547 399 1637 428; x_wconf 90' lang='lat' dir='ltr'>esse</span> <span class='ocrx_word' id='word_1_12' title='bbox 1672 386 1863 441; x_wconf 88' lang='lat' dir='ltr'>ignarum</span> <span class='ocrx_word' id='word_1_13' title='bbox 1892 388 2003 431; x_wconf 86' lang='lat' dir='ltr'>volo.</span> 
     </span>
     <span class='ocr_line' id='line_1_3' title="bbox 251 446 2005 504; baseline 0 -12"><span class='ocrx_word' id='word_1_14' title='bbox 251 451 398 492; x_wconf 88' lang='lat' dir='ltr'>Omnia</span> <span class='ocrx_word' id='word_1_15' title='bbox 428 449 641 504; x_wconf 89' lang='lat' dir='ltr'>profect0,</span> <span class='ocrx_word' id='word_1_16' title='bbox 675 461 766 489; x_wconf 87' lang='lat' dir='ltr'>cum</span> <span class='ocrx_word' id='word_1_17' title='bbox 799 462 842 488; x_wconf 90' lang='lat' dir='ltr'>se</span> <span class='ocrx_word' id='word_1_18' title='bbox 873 461 895 488; x_wconf 93' lang='lat' dir='ltr'>a</span> <span class='ocrx_word' id='word_1_19' title='bbox 927 446 1171 489; x_wconf 89' lang='lat' dir='ltr'>caelestibus</span> <span class='ocrx_word' id='word_1_20' title='bbox 1201 449 1326 491; x_wconf 82' lang='lat' dir='ltr'>rebus</span> <span class='ocrx_word' id='word_1_21' title='bbox 1356 449 1509 491; x_wconf 89' lang='lat' dir='ltr'>reseret</span> <span class='ocrx_word' id='word_1_22' title='bbox 1538 448 1589 490; x_wconf 92' lang='lat' dir='ltr'>ad</span> <span class='ocrx_word' id='word_1_23' title='bbox 1611 450 1836 499; x_wconf 89' lang='lat' dir='ltr'>humanas,</span> <span class='ocrx_word' id='word_1_24' title='bbox 1871 451 2005 493; x_wconf 81' lang='lat' dir='ltr'>excel-</span> 
     </span>
     <span class='ocr_line' id='line_1_4' title="bbox 248 511 2005 567; baseline 0 -12"><span class='ocrx_word' id='word_1_25' title='bbox 248 514 332 555; x_wconf 92' lang='lat' dir='ltr'>sius</span> <span class='ocrx_word' id='word_1_26' title='bbox 374 511 787 566; x_wconf 89' lang='lat' dir='ltr'>magnificentiusque</span> <span class='ocrx_word' id='word_1_27' title='bbox 826 514 866 550; x_wconf 85' lang='lat' dir='ltr'>et</span> <span class='ocrx_word' id='word_1_28' title='bbox 903 511 1012 551; x_wconf 89' lang='lat' dir='ltr'>dicet</span> <span class='ocrx_word' id='word_1_29' title='bbox 1050 516 1092 551; x_wconf 92' lang='lat' dir='ltr'>et</span> <span class='ocrx_word' id='word_1_30' title='bbox 1130 511 1291 553; x_wconf 86' lang='lat' dir='ltr'>sentiet.</span> <span class='ocrx_word' id='word_1_31' title='bbox 1382 515 1473 555; x_wconf 82' lang='grc'><strong>120.</strong></span> <span class='ocrx_word' id='word_1_32' title='bbox 1517 514 1700 567; x_wconf 81' lang='lat' dir='ltr'>Cumque</span> <span class='ocrx_word' id='word_1_33' title='bbox 1756 512 1825 553; x_wconf 87' lang='lat' dir='ltr'>illa</span> <span class='ocrx_word' id='word_1_34' title='bbox 1867 514 2005 555; x_wconf 88' lang='lat' dir='ltr'>divina</span> 
     </span>
     <span class='ocr_line' id='line_1_5' title="bbox 249 573 2001 631; baseline -0.001 -14"><span class='ocrx_word' id='word_1_35' title='bbox 249 577 509 631; x_wconf 87' lang='lat' dir='ltr'>cognoverit,</span> <span class='ocrx_word' id='word_1_36' title='bbox 556 574 653 615; x_wconf 90' lang='lat' dir='ltr'>nolo</span> <span class='ocrx_word' id='word_1_37' title='bbox 693 573 859 627; x_wconf 83' lang='lat' dir='ltr'>ignoret</span> <span class='ocrx_word' id='word_1_38' title='bbox 895 587 946 614; x_wconf 92' lang='lat' dir='ltr'>ne</span> <span class='ocrx_word' id='word_1_39' title='bbox 985 575 1088 614; x_wconf 87' lang='lat' dir='ltr'>haec</span> <span class='ocrx_word' id='word_1_40' title='bbox 1128 574 1295 628; x_wconf 90' lang='lat' dir='ltr'>quidem</span> <span class='ocrx_word' id='word_1_41' title='bbox 1335 576 1528 616; x_wconf 90' lang='lat' dir='ltr'>humana.</span> <span class='ocrx_word' id='word_1_42' title='bbox 1590 577 1657 616; x_wconf 89' lang='lat' dir='ltr'>Ius</span> <span class='ocrx_word' id='word_1_43' title='bbox 1688 575 1808 616; x_wconf 92' lang='lat' dir='ltr'>civile</span> <span class='ocrx_word' id='word_1_44' title='bbox 1839 580 2001 625; x_wconf 86' lang='lat' dir='ltr'>teneat,</span> 
     </span>
     <span class='ocr_line' id='line_1_6' title="bbox 218 635 2005 695; baseline 0.001 -18"><span class='ocrx_word' id='word_1_45' title='bbox 218 651 330 695; x_wconf 79' lang='lat' dir='ltr'>squo</span> <span class='ocrx_word' id='word_1_46' title='bbox 361 643 482 692; x_wconf 89' lang='lat' dir='ltr'>egent</span> <span class='ocrx_word' id='word_1_47' title='bbox 512 650 657 679; x_wconf 90' lang='lat' dir='ltr'>causae</span> <span class='ocrx_word' id='word_1_48' title='bbox 686 636 874 678; x_wconf 83' lang='lat' dir='ltr'>forenses</span> <span class='ocrx_word' id='word_1_49' title='bbox 903 635 1103 693; x_wconf 84' lang='lat' dir='ltr'>quotidie.</span> <span class='ocrx_word' id='word_1_50' title='bbox 1164 637 1273 686; x_wconf 87' lang='lat' dir='ltr'>Quid</span> <span class='ocrx_word' id='word_1_51' title='bbox 1310 643 1372 678; x_wconf 89' lang='lat' dir='ltr'>est</span> <span class='ocrx_word' id='word_1_52' title='bbox 1409 639 1518 679; x_wconf 89' lang='lat' dir='ltr'>enim</span> <span class='ocrx_word' id='word_1_53' title='bbox 1550 637 1715 693; x_wconf 84' lang='lat' dir='ltr'>turpius</span> <span class='ocrx_word' id='word_1_54' title='bbox 1748 652 1872 692; x_wconf 92' lang='lat' dir='ltr'>quam</span> <span class='ocrx_word' id='word_1_55' title='bbox 1903 638 2005 693; x_wconf 89' lang='lat' dir='ltr'>legi-</span> 
     </span>
     <span class='ocr_line' id='line_1_7' title="bbox 249 699 2006 755; baseline -0.001 -12"><span class='ocrx_word' id='word_1_56' title='bbox 249 701 441 743; x_wconf 88' lang='lat' dir='ltr'>timarum</span> <span class='ocrx_word' id='word_1_57' title='bbox 472 705 513 741; x_wconf 89' lang='lat' dir='ltr'>et</span> <span class='ocrx_word' id='word_1_58' title='bbox 543 699 726 742; x_wconf 87' lang='lat' dir='ltr'>civilium</span> <span class='ocrx_word' id='word_1_59' title='bbox 757 701 1137 742; x_wconf 85' lang='lat' dir='ltr'>controversiarum</span> <span class='ocrx_word' id='word_1_60' title='bbox 1158 700 1389 753; x_wconf 86' lang='lat' dir='ltr'>patrocinia</span> <span class='ocrx_word' id='word_1_61' title='bbox 1410 700 1644 754; x_wconf 84' lang='lat' dir='ltr'>suscipere,</span> <span class='ocrx_word' id='word_1_62' title='bbox 1678 714 1771 742; x_wconf 88' lang='lat' dir='ltr'>cum</span> <span class='ocrx_word' id='word_1_63' title='bbox 1793 702 1847 742; x_wconf 92' lang='lat' dir='ltr'>sis</span> <span class='ocrx_word' id='word_1_64' title='bbox 1867 700 2006 755; x_wconf 87' lang='lat' dir='ltr'>legum</span> 
     </span>
     <span class='ocr_line' id='line_1_8' title="bbox 249 762 2004 819; baseline 0 -15"><span class='ocrx_word' id='word_1_65' title='bbox 249 768 289 804; x_wconf 93' lang='lat' dir='ltr'>et</span> <span class='ocrx_word' id='word_1_66' title='bbox 319 762 449 804; x_wconf 88' lang='lat' dir='ltr'>civilis</span> <span class='ocrx_word' id='word_1_67' title='bbox 479 764 581 805; x_wconf 89' lang='lat' dir='ltr'>iuris</span> <span class='ocrx_word' id='word_1_68' title='bbox 611 765 801 819; x_wconf 76' lang='lat' dir='ltr'>ignarus?</span> <span class='ocrx_word' id='word_1_69' title='bbox 853 764 1086 818; x_wconf 85' lang='lat' dir='ltr'>Cognoscat</span> <span class='ocrx_word' id='word_1_70' title='bbox 1124 763 1248 803; x_wconf 89' lang='lat' dir='ltr'>etiam</span> <span class='ocrx_word' id='word_1_71' title='bbox 1285 775 1426 803; x_wconf 90' lang='lat' dir='ltr'>rerum</span> <span class='ocrx_word' id='word_1_72' title='bbox 1467 769 1675 818; x_wconf 88' lang='lat' dir='ltr'>gestarum</span> <span class='ocrx_word' id='word_1_73' title='bbox 1708 769 1749 805; x_wconf 92' lang='lat' dir='ltr'>et</span> <span class='ocrx_word' id='word_1_74' title='bbox 1778 764 2004 805; x_wconf 85' lang='lat' dir='ltr'>memoriae</span> 
     </span>
     <span class='ocr_line' id='line_1_9' title="bbox 247 823 2007 882; baseline 0 -14"><span class='ocrx_word' id='word_1_75' title='bbox 247 825 399 869; x_wconf 80' lang='lat' dir='ltr'>veteris</span> <span class='ocrx_word' id='word_1_76' title='bbox 429 825 644 875; x_wconf 86' lang='lat' dir='ltr'>ordinem,</span> <span class='ocrx_word' id='word_1_77' title='bbox 675 826 855 868; x_wconf 85' lang='lat' dir='ltr'>maxime</span> <span class='ocrx_word' id='word_1_78' title='bbox 885 827 1043 867; x_wconf 89' lang='lat' dir='ltr'>scilicet</span> <span class='ocrx_word' id='word_1_79' title='bbox 1072 831 1241 867; x_wconf 89' lang='lat' dir='ltr'>nostrae</span> <span class='ocrx_word' id='word_1_80' title='bbox 1272 823 1472 874; x_wconf 87' lang='lat' dir='ltr'>civitatis,</span> <span class='ocrx_word' id='word_1_81' title='bbox 1504 829 1577 868; x_wconf 91' lang='lat' dir='ltr'>sed</span> <span class='ocrx_word' id='word_1_82' title='bbox 1608 827 1731 868; x_wconf 89' lang='lat' dir='ltr'>etiam</span> <span class='ocrx_word' id='word_1_83' title='bbox 1760 825 2007 882; x_wconf 89' lang='lat' dir='ltr'>imperioso-</span> 
     </span>
     <span class='ocr_line' id='line_1_10' title="bbox 248 886 2007 944; baseline -0.001 -14"><span class='ocrx_word' id='word_1_84' title='bbox 248 903 337 930; x_wconf 90' lang='lat' dir='ltr'>rum</span> <span class='ocrx_word' id='word_1_85' title='bbox 367 891 619 944; x_wconf 89' lang='lat' dir='ltr'>populorum</span> <span class='ocrx_word' id='word_1_86' title='bbox 650 895 692 930; x_wconf 91' lang='lat' dir='ltr'>et</span> <span class='ocrx_word' id='word_1_87' title='bbox 720 903 865 944; x_wconf 90' lang='lat' dir='ltr'>regum</span> <span class='ocrx_word' id='word_1_88' title='bbox 896 887 1142 938; x_wconf 89' lang='lat' dir='ltr'>illustrium;</span> <span class='ocrx_word' id='word_1_89' title='bbox 1189 901 1313 943; x_wconf 88' lang='lat' dir='ltr'>quem</span> <span class='ocrx_word' id='word_1_90' title='bbox 1353 886 1541 929; x_wconf 88' lang='lat' dir='ltr'>laborem</span> <span class='ocrx_word' id='word_1_91' title='bbox 1570 889 1692 930; x_wconf 91' lang='lat' dir='ltr'>nobis</span> <span class='ocrx_word' id='word_1_92' title='bbox 1721 888 1845 930; x_wconf 87' lang='lat' dir='ltr'>Attici</span> <span class='ocrx_word' id='word_1_93' title='bbox 1874 887 2007 930; x_wconf 88' lang='lat' dir='ltr'>nostri</span> 
     </span>
    </p>

    <p class='ocr_par' dir='ltr' id='par_1_3' title="bbox 197 949 2007 1257">
     <span class='ocr_line' id='line_1_11' title="bbox 197 949 2006 1008; baseline -0.001 -15"><span class='ocrx_word' id='word_1_94' title='bbox 197 964 232 989; x_wconf 66' lang='grc' dir='ltr'>το</span> <span class='ocrx_word' id='word_1_95' title='bbox 247 951 396 994; x_wconf 82' lang='lat' dir='ltr'>levavit</span> <span class='ocrx_word' id='word_1_96' title='bbox 426 953 570 1000; x_wconf 92' lang='lat' dir='ltr'>labor,</span> <span class='ocrx_word' id='word_1_97' title='bbox 615 952 684 1008; x_wconf 91' lang='lat' dir='ltr'>qui</span> <span class='ocrx_word' id='word_1_98' title='bbox 715 951 969 993; x_wconf 90' lang='lat' dir='ltr'>conservatis</span> <span class='ocrx_word' id='word_1_99' title='bbox 999 950 1234 1005; x_wconf 90' lang='lat' dir='ltr'>notatisque</span> <span class='ocrx_word' id='word_1_100' title='bbox 1266 949 1548 1005; x_wconf 88' lang='lat' dir='ltr'>temporibus,</span> <span class='ocrx_word' id='word_1_101' title='bbox 1591 952 1690 993; x_wconf 90' lang='lat' dir='ltr'>nihil</span> <span class='ocrx_word' id='word_1_102' title='bbox 1721 965 1812 993; x_wconf 91' lang='lat' dir='ltr'>cum</span> <span class='ocrx_word' id='word_1_103' title='bbox 1844 951 2006 992; x_wconf 85' lang='lat' dir='ltr'>illustre</span> 
     </span>
     <span class='ocr_line' id='line_1_12' title="bbox 245 1013 2003 1070; baseline 0.001 -16"><span class='ocrx_word' id='word_1_104' title='bbox 245 1016 622 1070; x_wconf 86' lang='lat' dir='ltr'>praetermitteret,</span> <span class='ocrx_word' id='word_1_105' title='bbox 657 1028 859 1056; x_wconf 90' lang='lat' dir='ltr'>annorum</span> <span class='ocrx_word' id='word_1_106' title='bbox 890 1015 1243 1069; x_wconf 89' lang='lat' dir='ltr'>septingentorum</span> <span class='ocrx_word' id='word_1_107' title='bbox 1276 1014 1521 1054; x_wconf 87' lang='lat' dir='ltr'>memoriam</span> <span class='ocrx_word' id='word_1_108' title='bbox 1542 1028 1625 1056; x_wconf 93' lang='lat' dir='ltr'>uno</span> <span class='ocrx_word' id='word_1_109' title='bbox 1646 1016 1755 1056; x_wconf 88' lang='lat' dir='ltr'>libro</span> <span class='ocrx_word' id='word_1_110' title='bbox 1778 1013 2003 1068; x_wconf 88' lang='lat' dir='ltr'>colligavit.</span> 
     </span>
     <span class='ocr_line' id='line_1_13' title="bbox 245 1075 2007 1132; baseline -0.001 -14"><span class='ocrx_word' id='word_1_111' title='bbox 245 1076 414 1119; x_wconf 89' lang='lat' dir='ltr'>Nescire</span> <span class='ocrx_word' id='word_1_112' title='bbox 445 1083 605 1125; x_wconf 89' lang='lat' dir='ltr'>autem,</span> <span class='ocrx_word' id='word_1_113' title='bbox 653 1078 753 1132; x_wconf 92' lang='lat' dir='ltr'>quid</span> <span class='ocrx_word' id='word_1_114' title='bbox 784 1082 878 1118; x_wconf 90' lang='lat' dir='ltr'>ante</span> <span class='ocrx_word' id='word_1_115' title='bbox 909 1091 1034 1131; x_wconf 90' lang='lat' dir='ltr'>quam</span> <span class='ocrx_word' id='word_1_116' title='bbox 1065 1081 1184 1117; x_wconf 93' lang='lat' dir='ltr'>natus</span> <span class='ocrx_word' id='word_1_117' title='bbox 1213 1075 1267 1117; x_wconf 88' lang='lat' dir='ltr'>sis</span> <span class='ocrx_word' id='word_1_118' title='bbox 1298 1075 1516 1125; x_wconf 86' lang='lat' dir='ltr'>acciderit,</span> <span class='ocrx_word' id='word_1_119' title='bbox 1560 1077 1602 1117; x_wconf 94' lang='lat' dir='ltr'>id</span> <span class='ocrx_word' id='word_1_120' title='bbox 1633 1082 1694 1118; x_wconf 88' lang='lat' dir='ltr'>est</span> <span class='ocrx_word' id='word_1_121' title='bbox 1724 1090 1887 1131; x_wconf 88' lang='lat' dir='ltr'>semper</span> <span class='ocrx_word' id='word_1_122' title='bbox 1917 1089 2007 1117; x_wconf 90' lang='lat' dir='ltr'>esse</span> 
     </span>
     <span class='ocr_line' id='line_1_14' title="bbox 244 1138 2007 1196; baseline -0.001 -14"><span class='ocrx_word' id='word_1_123' title='bbox 244 1154 436 1196; x_wconf 89' lang='lat' dir='ltr'>puerum.</span> <span class='ocrx_word' id='word_1_124' title='bbox 495 1139 605 1191; x_wconf 88' lang='lat' dir='ltr'>Quid</span> <span class='ocrx_word' id='word_1_125' title='bbox 643 1140 754 1182; x_wconf 86' lang='lat' dir='ltr'>enim</span> <span class='ocrx_word' id='word_1_126' title='bbox 796 1145 857 1182; x_wconf 88' lang='lat' dir='ltr'>est</span> <span class='ocrx_word' id='word_1_127' title='bbox 893 1146 1005 1181; x_wconf 90' lang='lat' dir='ltr'>aetas</span> <span class='ocrx_word' id='word_1_128' title='bbox 1044 1140 1248 1187; x_wconf 89' lang='lat' dir='ltr'>hominis,</span> <span class='ocrx_word' id='word_1_129' title='bbox 1299 1138 1377 1180; x_wconf 86' lang='lat' dir='ltr'>nisi</span> <span class='ocrx_word' id='word_1_130' title='bbox 1417 1139 1618 1180; x_wconf 81' lang='lat' dir='ltr'>memoria</span> <span class='ocrx_word' id='word_1_131' title='bbox 1648 1152 1785 1180; x_wconf 90' lang='lat' dir='ltr'>rerum</span> <span class='ocrx_word' id='word_1_132' title='bbox 1816 1144 2007 1181; x_wconf 88' lang='lat' dir='ltr'>veterum</span> 
     </span>
     <span class='ocr_line' id='line_1_15' title="bbox 246 1201 2007 1257; baseline -0.001 -14"><span class='ocrx_word' id='word_1_133' title='bbox 246 1216 340 1243; x_wconf 91' lang='lat' dir='ltr'>cum</span> <span class='ocrx_word' id='word_1_134' title='bbox 380 1203 644 1257; x_wconf 89' lang='lat' dir='ltr'>superiorum</span> <span class='ocrx_word' id='word_1_135' title='bbox 687 1208 821 1244; x_wconf 91' lang='lat' dir='ltr'>aetate</span> <span class='ocrx_word' id='word_1_136' title='bbox 860 1203 1122 1244; x_wconf 77' lang='lat' dir='ltr'>contexitur?</span> <span class='ocrx_word' id='word_1_137' title='bbox 1174 1203 1523 1244; x_wconf 87' lang='lat' dir='ltr'>Commemoratio</span> <span class='ocrx_word' id='word_1_138' title='bbox 1569 1206 1706 1242; x_wconf 90' lang='lat' dir='ltr'>autem</span> <span class='ocrx_word' id='word_1_139' title='bbox 1754 1201 2007 1256; x_wconf 85' lang='lat' dir='ltr'>antiquitatis</span> 
     </span>
    </p>

    <p class='ocr_par' dir='ltr' id='par_1_4' title="bbox 195 1263 2008 1370">
     <span class='ocr_line' id='line_1_16' title="bbox 195 1263 2008 1322; baseline 0.001 -19"><span class='ocrx_word' id='word_1_140' title='bbox 195 1275 231 1302; x_wconf 76' lang='lat'>1⁵</span> <span class='ocrx_word' id='word_1_141' title='bbox 247 1266 618 1322; x_wconf 85' lang='lat' dir='ltr'>exemplorumque</span> <span class='ocrx_word' id='word_1_142' title='bbox 658 1264 838 1321; x_wconf 86' lang='lat' dir='ltr'>prolatio</span> <span class='ocrx_word' id='word_1_143' title='bbox 877 1279 1038 1307; x_wconf 90' lang='lat' dir='ltr'>summa</span> <span class='ocrx_word' id='word_1_144' title='bbox 1077 1277 1170 1307; x_wconf 89' lang='lat' dir='ltr'>cum</span> <span class='ocrx_word' id='word_1_145' title='bbox 1216 1263 1494 1306; x_wconf 87' lang='lat' dir='ltr'>delectatione</span> <span class='ocrx_word' id='word_1_146' title='bbox 1525 1269 1566 1305; x_wconf 90' lang='lat' dir='ltr'>et</span> <span class='ocrx_word' id='word_1_147' title='bbox 1595 1263 1884 1306; x_wconf 86' lang='lat' dir='ltr'>auctoritatem</span> <span class='ocrx_word' id='word_1_148' title='bbox 1916 1277 2008 1305; x_wconf 92' lang='lat' dir='ltr'>ora-</span> 
     </span>
     <span class='ocr_line' id='line_1_17' title="bbox 246 1327 737 1370; baseline 0 -1"><span class='ocrx_word' id='word_1_149' title='bbox 246 1327 349 1369; x_wconf 91' lang='lat' dir='ltr'>tioni</span> <span class='ocrx_word' id='word_1_150' title='bbox 379 1327 499 1370; x_wconf 85' lang='lat' dir='ltr'>affert</span> <span class='ocrx_word' id='word_1_151' title='bbox 529 1334 568 1370; x_wconf 92' lang='lat' dir='ltr'>et</span> <span class='ocrx_word' id='word_1_152' title='bbox 598 1327 737 1369; x_wconf 90' lang='lat' dir='ltr'>fidem.</span> 
     </span>
    </p>

    <p class='ocr_par' dir='ltr' id='par_1_5' title="bbox 245 1388 2010 1574">
     <span class='ocr_line' id='line_1_18' title="bbox 360 1388 2004 1446; baseline -0.002 -13"><span class='ocrx_word' id='word_1_153' title='bbox 360 1394 454 1433; x_wconf 91' lang='grc'><strong>121.</strong></span> <span class='ocrx_word' id='word_1_154' title='bbox 489 1392 555 1433; x_wconf 88' lang='lat' dir='ltr'>Sic</span> <span class='ocrx_word' id='word_1_155' title='bbox 585 1392 710 1446; x_wconf 88' lang='lat' dir='ltr'>igitur</span> <span class='ocrx_word' id='word_1_156' title='bbox 740 1392 962 1433; x_wconf 88' lang='lat' dir='ltr'>instructus</span> <span class='ocrx_word' id='word_1_157' title='bbox 992 1392 1132 1432; x_wconf 87' lang='lat' dir='ltr'>veniet</span> <span class='ocrx_word' id='word_1_158' title='bbox 1161 1391 1211 1431; x_wconf 87' lang='lat' dir='ltr'>ad</span> <span class='ocrx_word' id='word_1_159' title='bbox 1243 1404 1410 1441; x_wconf 86' lang='lat' dir='ltr'>causas3</span> <span class='ocrx_word' id='word_1_160' title='bbox 1445 1403 1620 1445; x_wconf 86' lang='lat' dir='ltr'>quarum</span> <span class='ocrx_word' id='word_1_161' title='bbox 1651 1388 1821 1431; x_wconf 89' lang='lat' dir='ltr'>habebit</span> <span class='ocrx_word' id='word_1_162' title='bbox 1853 1402 2004 1444; x_wconf 86' lang='lat' dir='ltr'>genera</span> 
     </span>
     <span class='ocr_line' id='line_1_19' title="bbox 245 1451 2008 1510; baseline -0.002 -14"><span class='ocrx_word' id='word_1_163' title='bbox 245 1453 424 1510; x_wconf 89' lang='lat' dir='ltr'>primum</span> <span class='ocrx_word' id='word_1_164' title='bbox 456 1455 545 1510; x_wconf 89' lang='lat' dir='ltr'>ipsa</span> <span class='ocrx_word' id='word_1_165' title='bbox 576 1455 753 1508; x_wconf 88' lang='lat' dir='ltr'>cognita.</span> <span class='ocrx_word' id='word_1_166' title='bbox 810 1455 898 1495; x_wconf 86' lang='lat' dir='ltr'>Erit</span> <span class='ocrx_word' id='word_1_167' title='bbox 938 1455 1049 1495; x_wconf 91' lang='lat' dir='ltr'>enim</span> <span class='ocrx_word' id='word_1_168' title='bbox 1092 1454 1129 1494; x_wconf 93' lang='lat' dir='ltr'>ei</span> <span class='ocrx_word' id='word_1_169' title='bbox 1160 1458 1425 1509; x_wconf 86' lang='lat' dir='ltr'>perspectum</span> <span class='ocrx_word' id='word_1_170' title='bbox 1456 1452 1557 1494; x_wconf 87' lang='lat' dir='ltr'>nihil</span> <span class='ocrx_word' id='word_1_171' title='bbox 1586 1451 1742 1507; x_wconf 85' lang='lat' dir='ltr'>ambigi</span> <span class='ocrx_word' id='word_1_172' title='bbox 1772 1465 1922 1508; x_wconf 91' lang='lat' dir='ltr'>posse,</span> <span class='ocrx_word' id='word_1_173' title='bbox 1965 1452 2008 1493; x_wconf 89' lang='lat' dir='ltr'>in</span> 
     </span>
     <span class='ocr_line' id='line_1_20' title="bbox 246 1515 2010 1574; baseline -0.001 -16"><span class='ocrx_word' id='word_1_174' title='bbox 246 1531 329 1574; x_wconf 91' lang='lat' dir='ltr'>quo</span> <span class='ocrx_word' id='word_1_175' title='bbox 358 1530 444 1559; x_wconf 91' lang='lat' dir='ltr'>non</span> <span class='ocrx_word' id='word_1_176' title='bbox 474 1522 544 1559; x_wconf 87' lang='lat' dir='ltr'>aut</span> <span class='ocrx_word' id='word_1_177' title='bbox 572 1530 639 1558; x_wconf 88' lang='lat' dir='ltr'>res</span> <span class='ocrx_word' id='word_1_178' title='bbox 671 1516 997 1559; x_wconf 90' lang='lat' dir='ltr'>controversiam</span> <span class='ocrx_word' id='word_1_179' title='bbox 1027 1516 1152 1558; x_wconf 86' lang='lat' dir='ltr'>faciat</span> <span class='ocrx_word' id='word_1_180' title='bbox 1190 1521 1261 1557; x_wconf 90' lang='lat' dir='ltr'>aut</span> <span class='ocrx_word' id='word_1_181' title='bbox 1298 1515 1438 1560; x_wconf 85' lang='lat' dir='ltr'>verba.</span> <span class='ocrx_word' id='word_1_182' title='bbox 1497 1518 1577 1556; x_wconf 90' lang='lat' dir='ltr'>Res</span> <span class='ocrx_word' id='word_1_183' title='bbox 1616 1521 1686 1557; x_wconf 90' lang='lat' dir='ltr'>aut</span> <span class='ocrx_word' id='word_1_184' title='bbox 1725 1516 1775 1556; x_wconf 91' lang='lat' dir='ltr'>de</span> <span class='ocrx_word' id='word_1_185' title='bbox 1805 1528 1906 1556; x_wconf 89' lang='lat' dir='ltr'>vero</span> <span class='ocrx_word' id='word_1_186' title='bbox 1937 1520 2010 1556; x_wconf 89' lang='lat' dir='ltr'>aut</span> 
     </span>
    </p>

    <p class='ocr_par' dir='ltr' id='par_1_6' title="bbox 195 1577 2010 2703">
     <span class='ocr_line' id='line_1_21' title="bbox 195 1577 2009 1633; baseline -0.001 -10"><span class='ocrx_word' id='word_1_187' title='bbox 195 1589 232 1616; x_wconf 83' lang='lat'>2⁰</span> <span class='ocrx_word' id='word_1_188' title='bbox 248 1583 298 1623; x_wconf 91' lang='lat' dir='ltr'>de</span> <span class='ocrx_word' id='word_1_189' title='bbox 330 1585 443 1622; x_wconf 90' lang='lat' dir='ltr'>recto</span> <span class='ocrx_word' id='word_1_190' title='bbox 475 1585 546 1622; x_wconf 91' lang='lat' dir='ltr'>aut</span> <span class='ocrx_word' id='word_1_191' title='bbox 576 1581 627 1621; x_wconf 92' lang='lat' dir='ltr'>de</span> <span class='ocrx_word' id='word_1_192' title='bbox 659 1580 856 1630; x_wconf 87' lang='lat' dir='ltr'>nomine3</span> <span class='ocrx_word' id='word_1_193' title='bbox 890 1578 1017 1622; x_wconf 85' lang='lat' dir='ltr'>verba</span> <span class='ocrx_word' id='word_1_194' title='bbox 1048 1584 1119 1620; x_wconf 91' lang='lat' dir='ltr'>aut</span> <span class='ocrx_word' id='word_1_195' title='bbox 1149 1577 1199 1620; x_wconf 91' lang='lat' dir='ltr'>de</span> <span class='ocrx_word' id='word_1_196' title='bbox 1231 1580 1428 1633; x_wconf 88' lang='lat' dir='ltr'>ambiguo</span> <span class='ocrx_word' id='word_1_197' title='bbox 1449 1584 1519 1621; x_wconf 91' lang='lat' dir='ltr'>aut</span> <span class='ocrx_word' id='word_1_198' title='bbox 1542 1580 1592 1620; x_wconf 92' lang='lat' dir='ltr'>de</span> <span class='ocrx_word' id='word_1_199' title='bbox 1614 1580 1842 1621; x_wconf 83' lang='lat' dir='ltr'>contrario.</span> <span class='ocrx_word' id='word_1_200' title='bbox 1903 1582 2009 1622; x_wconf 89' lang='lat' dir='ltr'>Nam</span> 
     </span>
     <span class='ocr_line' id='line_1_22' title="bbox 246 1635 2010 1699; baseline -0.001 -14"><span class='ocrx_word' id='word_1_201' title='bbox 246 1645 280 1685; x_wconf 91' lang='lat' dir='ltr'>si</span> <span class='ocrx_word' id='word_1_202' title='bbox 311 1645 476 1699; x_wconf 91' lang='lat' dir='ltr'>quando</span> <span class='ocrx_word' id='word_1_203' title='bbox 508 1642 618 1684; x_wconf 89' lang='lat' dir='ltr'>aliud</span> <span class='ocrx_word' id='word_1_204' title='bbox 649 1644 690 1684; x_wconf 94' lang='lat' dir='ltr'>in</span> <span class='ocrx_word' id='word_1_205' title='bbox 723 1644 927 1685; x_wconf 84' lang='lat' dir='ltr'>sententia</span> <span class='ocrx_word' id='word_1_206' title='bbox 965 1644 1131 1684; x_wconf 86' lang='lat' dir='ltr'>videtur</span> <span class='ocrx_word' id='word_1_207' title='bbox 1169 1656 1283 1689; x_wconf 91' lang='lat' dir='ltr'>esse,</span> <span class='ocrx_word' id='word_1_208' title='bbox 1325 1642 1437 1684; x_wconf 88' lang='lat' dir='ltr'>aliud</span> <span class='ocrx_word' id='word_1_209' title='bbox 1478 1641 1520 1683; x_wconf 92' lang='lat' dir='ltr'>in</span> <span class='ocrx_word' id='word_1_210' title='bbox 1559 1643 1726 1691; x_wconf 88' lang='lat' dir='ltr'>verbis,</span> <span class='ocrx_word' id='word_1_211' title='bbox 1775 1635 1918 1697; x_wconf 32' lang='lat' dir='ltr'>genus*</span> <span class='ocrx_word' id='word_1_212' title='bbox 1948 1647 2010 1684; x_wconf 91' lang='lat' dir='ltr'>est</span> 
     </span>
     <span class='ocr_line' id='line_1_23' title="bbox 247 1703 2010 1762; baseline -0.001 -14"><span class='ocrx_word' id='word_1_213' title='bbox 247 1705 454 1762; x_wconf 89' lang='lat' dir='ltr'>quoddam</span> <span class='ocrx_word' id='word_1_214' title='bbox 485 1707 696 1760; x_wconf 89' lang='lat' dir='ltr'>ambigui,</span> <span class='ocrx_word' id='word_1_215' title='bbox 730 1709 842 1761; x_wconf 91' lang='lat' dir='ltr'>quod</span> <span class='ocrx_word' id='word_1_216' title='bbox 874 1719 926 1747; x_wconf 83' lang='lat' dir='ltr'>ex</span> <span class='ocrx_word' id='word_1_217' title='bbox 954 1706 1184 1760; x_wconf 89' lang='lat' dir='ltr'>praeterito</span> <span class='ocrx_word' id='word_1_218' title='bbox 1214 1703 1344 1746; x_wconf 88' lang='lat' dir='ltr'>verbo</span> <span class='ocrx_word' id='word_1_219' title='bbox 1376 1704 1466 1746; x_wconf 91' lang='lat' dir='ltr'>fieri</span> <span class='ocrx_word' id='word_1_220' title='bbox 1498 1704 1626 1753; x_wconf 87' lang='lat' dir='ltr'>solet,</span> <span class='ocrx_word' id='word_1_221' title='bbox 1668 1705 1710 1746; x_wconf 91' lang='lat' dir='ltr'>in</span> <span class='ocrx_word' id='word_1_222' title='bbox 1742 1718 1851 1759; x_wconf 91' lang='lat' dir='ltr'>quo,</span> <span class='ocrx_word' id='word_1_223' title='bbox 1896 1707 2010 1760; x_wconf 91' lang='lat' dir='ltr'>quod</span> 
     </span>
     <span class='ocr_line' id='line_1_24' title="bbox 247 1767 2005 1825; baseline -0.001 -15"><span class='ocrx_word' id='word_1_224' title='bbox 247 1775 308 1810; x_wconf 91' lang='lat' dir='ltr'>est</span> <span class='ocrx_word' id='word_1_225' title='bbox 339 1771 628 1824; x_wconf 89' lang='lat' dir='ltr'>ambiguorum</span> <span class='ocrx_word' id='word_1_226' title='bbox 658 1769 898 1825; x_wconf 90' lang='lat' dir='ltr'>proprium,</span> <span class='ocrx_word' id='word_1_227' title='bbox 930 1782 996 1810; x_wconf 92' lang='lat' dir='ltr'>res</span> <span class='ocrx_word' id='word_1_228' title='bbox 1028 1767 1128 1810; x_wconf 91' lang='lat' dir='ltr'>duas</span> <span class='ocrx_word' id='word_1_229' title='bbox 1158 1767 1381 1823; x_wconf 89' lang='lat' dir='ltr'>significari</span> <span class='ocrx_word' id='word_1_230' title='bbox 1413 1769 1616 1809; x_wconf 88' lang='lat' dir='ltr'>videmus.</span> <span class='ocrx_word' id='word_1_231' title='bbox 1700 1768 1874 1809; x_wconf 88' lang='lat' dir='ltr'>XXXV.</span> <span class='ocrx_word' id='word_1_232' title='bbox 1912 1770 2005 1809; x_wconf 89' lang='grc'><strong>122.</strong></span> 
     </span>
     <span class='ocr_line' id='line_1_25' title="bbox 247 1831 2007 1886; baseline -0.001 -12"><span class='ocrx_word' id='word_1_233' title='bbox 247 1834 348 1874; x_wconf 91' lang='lat' dir='ltr'>Cum</span> <span class='ocrx_word' id='word_1_234' title='bbox 387 1838 470 1874; x_wconf 91' lang='lat' dir='ltr'>tam</span> <span class='ocrx_word' id='word_1_235' title='bbox 505 1846 635 1886; x_wconf 89' lang='lat' dir='ltr'>pauca</span> <span class='ocrx_word' id='word_1_236' title='bbox 666 1833 748 1873; x_wconf 88' lang='lat' dir='ltr'>sint</span> <span class='ocrx_word' id='word_1_237' title='bbox 778 1846 931 1886; x_wconf 90' lang='lat' dir='ltr'>genera</span> <span class='ocrx_word' id='word_1_238' title='bbox 961 1845 1201 1880; x_wconf 87' lang='lat' dir='ltr'>causarum,</span> <span class='ocrx_word' id='word_1_239' title='bbox 1244 1831 1368 1872; x_wconf 91' lang='lat' dir='ltr'>etiam</span> <span class='ocrx_word' id='word_1_240' title='bbox 1408 1835 1749 1884; x_wconf 90' lang='lat' dir='ltr'>argumentorum</span> <span class='ocrx_word' id='word_1_241' title='bbox 1781 1836 2007 1886; x_wconf 87' lang='lat' dir='ltr'>praecepta</span> 
     </span>
     <span class='ocr_line' id='line_1_26' title="bbox 196 1893 2009 1951; baseline -0.001 -15"><span class='ocrx_word' id='word_1_242' title='bbox 196 1904 231 1929; x_wconf 82' lang='lat'>2⁵</span> <span class='ocrx_word' id='word_1_243' title='bbox 249 1909 379 1951; x_wconf 90' lang='lat' dir='ltr'>pauca</span> <span class='ocrx_word' id='word_1_244' title='bbox 409 1901 516 1936; x_wconf 92' lang='lat' dir='ltr'>sunt.</span> <span class='ocrx_word' id='word_1_245' title='bbox 580 1897 736 1936; x_wconf 88' lang='lat' dir='ltr'>Traditi</span> <span class='ocrx_word' id='word_1_246' title='bbox 767 1900 883 1942; x_wconf 88' lang='lat' dir='ltr'>sunt,</span> <span class='ocrx_word' id='word_1_247' title='bbox 928 1908 950 1936; x_wconf 92' lang='lat' dir='ltr'>e</span> <span class='ocrx_word' id='word_1_248' title='bbox 983 1896 1135 1949; x_wconf 91' lang='lat' dir='ltr'>quibus</span> <span class='ocrx_word' id='word_1_249' title='bbox 1168 1908 1215 1935; x_wconf 92' lang='lat' dir='ltr'>ea</span> <span class='ocrx_word' id='word_1_250' title='bbox 1246 1896 1472 1942; x_wconf 86' lang='lat' dir='ltr'>ducantur,</span> <span class='ocrx_word' id='word_1_251' title='bbox 1515 1893 1700 1946; x_wconf 83' lang='lat' dir='ltr'>duplices</span> <span class='ocrx_word' id='word_1_252' title='bbox 1731 1893 1839 1934; x_wconf 90' lang='lat' dir='ltr'>loci:</span> <span class='ocrx_word' id='word_1_253' title='bbox 1882 1893 1955 1935; x_wconf 88' lang='lat' dir='ltr'>uni</span> <span class='ocrx_word' id='word_1_254' title='bbox 1986 1909 2009 1935; x_wconf 92' lang='lat' dir='ltr'>e</span> 
     </span>
     <span class='ocr_line' id='line_1_27' title="bbox 247 1955 2008 2013; baseline -0.001 -14"><span class='ocrx_word' id='word_1_255' title='bbox 247 1957 371 2000; x_wconf 89' lang='lat' dir='ltr'>rebus</span> <span class='ocrx_word' id='word_1_256' title='bbox 403 1957 530 2012; x_wconf 87' lang='lat' dir='ltr'>ipsis,</span> <span class='ocrx_word' id='word_1_257' title='bbox 564 1960 683 1999; x_wconf 89' lang='lat' dir='ltr'>alteri</span> <span class='ocrx_word' id='word_1_258' title='bbox 716 1957 931 2013; x_wconf 86' lang='lat' dir='ltr'>assumpti.</span> <span class='ocrx_word' id='word_1_259' title='bbox 1005 1957 1212 1998; x_wconf 86' lang='lat' dir='ltr'>Tractatio</span> <span class='ocrx_word' id='word_1_260' title='bbox 1244 1959 1370 2012; x_wconf 86' lang='lat' dir='ltr'>igitur</span> <span class='ocrx_word' id='word_1_261' title='bbox 1400 1970 1540 1997; x_wconf 90' lang='lat' dir='ltr'>rerum</span> <span class='ocrx_word' id='word_1_262' title='bbox 1572 1955 1697 1996; x_wconf 82' lang='lat' dir='ltr'>efficit</span> <span class='ocrx_word' id='word_1_263' title='bbox 1727 1955 2008 1997; x_wconf 86' lang='lat' dir='ltr'>admirabilio-</span> 
     </span>
     <span class='ocr_line' id='line_1_28' title="bbox 247 2018 2006 2076; baseline -0.002 -14"><span class='ocrx_word' id='word_1_264' title='bbox 247 2035 335 2062; x_wconf 88' lang='lat' dir='ltr'>rem</span> <span class='ocrx_word' id='word_1_265' title='bbox 366 2020 620 2072; x_wconf 80' lang='lat' dir='ltr'>orationem3</span> <span class='ocrx_word' id='word_1_266' title='bbox 654 2036 748 2062; x_wconf 90' lang='lat' dir='ltr'>nam</span> <span class='ocrx_word' id='word_1_267' title='bbox 779 2022 893 2076; x_wconf 87' lang='lat' dir='ltr'>ipsae</span> <span class='ocrx_word' id='word_1_268' title='bbox 925 2021 1091 2076; x_wconf 90' lang='lat' dir='ltr'>quidem</span> <span class='ocrx_word' id='word_1_269' title='bbox 1122 2034 1190 2061; x_wconf 92' lang='lat' dir='ltr'>res</span> <span class='ocrx_word' id='word_1_270' title='bbox 1221 2021 1263 2059; x_wconf 91' lang='lat' dir='ltr'>in</span> <span class='ocrx_word' id='word_1_271' title='bbox 1293 2019 1481 2074; x_wconf 83' lang='lat' dir='ltr'>perfacili</span> <span class='ocrx_word' id='word_1_272' title='bbox 1515 2018 1750 2072; x_wconf 89' lang='lat' dir='ltr'>cognitione</span> <span class='ocrx_word' id='word_1_273' title='bbox 1772 2024 2006 2060; x_wconf 89' lang='lat' dir='ltr'>versantur.</span> 
     </span>
     <span class='ocr_line' id='line_1_29' title="bbox 248 2081 2004 2138; baseline -0.002 -13"><span class='ocrx_word' id='word_1_274' title='bbox 248 2083 356 2134; x_wconf 86' lang='lat' dir='ltr'>Quid</span> <span class='ocrx_word' id='word_1_275' title='bbox 387 2084 496 2125; x_wconf 89' lang='lat' dir='ltr'>enim</span> <span class='ocrx_word' id='word_1_276' title='bbox 528 2086 609 2125; x_wconf 87' lang='lat' dir='ltr'>iam</span> <span class='ocrx_word' id='word_1_277' title='bbox 641 2085 850 2138; x_wconf 89' lang='lat' dir='ltr'>sequitur,</span> <span class='ocrx_word' id='word_1_278' title='bbox 894 2085 1005 2137; x_wconf 86' lang='lat' dir='ltr'>quod</span> <span class='ocrx_word' id='word_1_279' title='bbox 1037 2082 1203 2137; x_wconf 88' lang='lat' dir='ltr'>quidem</span> <span class='ocrx_word' id='word_1_280' title='bbox 1236 2084 1335 2122; x_wconf 86' lang='lat' dir='ltr'>artis</span> <span class='ocrx_word' id='word_1_281' title='bbox 1367 2083 1440 2128; x_wconf 87' lang='lat' dir='ltr'>sit,</span> <span class='ocrx_word' id='word_1_282' title='bbox 1483 2082 1563 2122; x_wconf 88' lang='lat' dir='ltr'>nisi</span> <span class='ocrx_word' id='word_1_283' title='bbox 1593 2081 1723 2122; x_wconf 91' lang='lat' dir='ltr'>ordiri</span> <span class='ocrx_word' id='word_1_284' title='bbox 1755 2083 2004 2130; x_wconf 86' lang='lat' dir='ltr'>orationem,</span> 
     </span>
     <span class='ocr_line' id='line_1_30' title="bbox 248 2142 2005 2201; baseline -0.001 -15"><span class='ocrx_word' id='word_1_285' title='bbox 248 2147 290 2187; x_wconf 87' lang='lat' dir='ltr'>in</span> <span class='ocrx_word' id='word_1_286' title='bbox 321 2161 403 2201; x_wconf 87' lang='lat' dir='ltr'>quo</span> <span class='ocrx_word' id='word_1_287' title='bbox 436 2153 505 2189; x_wconf 89' lang='lat' dir='ltr'>aut</span> <span class='ocrx_word' id='word_1_288' title='bbox 535 2146 780 2188; x_wconf 87' lang='lat' dir='ltr'>concilietur</span> <span class='ocrx_word' id='word_1_289' title='bbox 821 2145 987 2186; x_wconf 89' lang='lat' dir='ltr'>auditor</span> <span class='ocrx_word' id='word_1_290' title='bbox 1017 2150 1087 2186; x_wconf 91' lang='lat' dir='ltr'>aut</span> <span class='ocrx_word' id='word_1_291' title='bbox 1117 2146 1298 2199; x_wconf 86' lang='lat' dir='ltr'>erigatur</span> <span class='ocrx_word' id='word_1_292' title='bbox 1329 2150 1398 2185; x_wconf 88' lang='lat' dir='ltr'>aut</span> <span class='ocrx_word' id='word_1_293' title='bbox 1428 2149 1545 2197; x_wconf 87' lang='lat' dir='ltr'>paret</span> <span class='ocrx_word' id='word_1_294' title='bbox 1577 2157 1620 2184; x_wconf 90' lang='lat' dir='ltr'>se</span> <span class='ocrx_word' id='word_1_295' title='bbox 1652 2145 1703 2184; x_wconf 92' lang='lat' dir='ltr'>ad</span> <span class='ocrx_word' id='word_1_296' title='bbox 1736 2142 2005 2193; x_wconf 83' lang='lat' dir='ltr'>discendum;</span> 
     </span>
     <span class='ocr_line' id='line_1_31' title="bbox 198 2206 2009 2264; baseline -0.001 -17"><span class='ocrx_word' id='word_1_297' title='bbox 198 2223 234 2247; x_wconf 79' lang='lat'>³0</span> <span class='ocrx_word' id='word_1_298' title='bbox 248 2223 338 2250; x_wconf 91' lang='lat' dir='ltr'>rem</span> <span class='ocrx_word' id='word_1_299' title='bbox 367 2211 551 2250; x_wconf 88' lang='lat' dir='ltr'>breviter</span> <span class='ocrx_word' id='word_1_300' title='bbox 582 2222 792 2264; x_wconf 88' lang='lat' dir='ltr'>exponere</span> <span class='ocrx_word' id='word_1_301' title='bbox 824 2213 863 2248; x_wconf 88' lang='lat' dir='ltr'>et</span> <span class='ocrx_word' id='word_1_302' title='bbox 892 2207 1170 2263; x_wconf 86' lang='lat' dir='ltr'>probabiliter</span> <span class='ocrx_word' id='word_1_303' title='bbox 1201 2213 1242 2247; x_wconf 90' lang='lat' dir='ltr'>et</span> <span class='ocrx_word' id='word_1_304' title='bbox 1272 2212 1441 2260; x_wconf 88' lang='lat' dir='ltr'>aperte,</span> <span class='ocrx_word' id='word_1_305' title='bbox 1492 2212 1560 2254; x_wconf 87' lang='lat' dir='ltr'>ut,</span> <span class='ocrx_word' id='word_1_306' title='bbox 1610 2206 1711 2260; x_wconf 91' lang='lat' dir='ltr'>quid</span> <span class='ocrx_word' id='word_1_307' title='bbox 1742 2210 1912 2259; x_wconf 90' lang='lat' dir='ltr'>agatur,</span> <span class='ocrx_word' id='word_1_308' title='bbox 1946 2207 2009 2246; x_wconf 91' lang='lat' dir='ltr'>in-</span> 
     </span>
     <span class='ocr_line' id='line_1_32' title="bbox 248 2267 2009 2326; baseline -0.002 -14"><span class='ocrx_word' id='word_1_309' title='bbox 248 2271 378 2326; x_wconf 89' lang='lat' dir='ltr'>telligi</span> <span class='ocrx_word' id='word_1_310' title='bbox 409 2274 558 2325; x_wconf 90' lang='lat' dir='ltr'>possit;</span> <span class='ocrx_word' id='word_1_311' title='bbox 599 2286 673 2312; x_wconf 92' lang='lat' dir='ltr'>sua</span> <span class='ocrx_word' id='word_1_312' title='bbox 703 2272 977 2318; x_wconf 87' lang='lat' dir='ltr'>confirmare,</span> <span class='ocrx_word' id='word_1_313' title='bbox 1021 2269 1258 2311; x_wconf 87' lang='lat' dir='ltr'>adversaria</span> <span class='ocrx_word' id='word_1_314' title='bbox 1305 2275 1522 2318; x_wconf 88' lang='lat' dir='ltr'>evertere;</span> <span class='ocrx_word' id='word_1_315' title='bbox 1564 2281 1696 2323; x_wconf 88' lang='lat' dir='ltr'>eaque</span> <span class='ocrx_word' id='word_1_316' title='bbox 1728 2267 1894 2310; x_wconf 86' lang='lat' dir='ltr'>efficere</span> <span class='ocrx_word' id='word_1_317' title='bbox 1924 2282 2009 2310; x_wconf 89' lang='lat' dir='ltr'>non</span> 
     </span>
     <span class='ocr_line' id='line_1_33' title="bbox 249 2330 2010 2388; baseline -0.002 -13"><span class='ocrx_word' id='word_1_318' title='bbox 249 2336 520 2388; x_wconf 89' lang='lat' dir='ltr'>perturbate,</span> <span class='ocrx_word' id='word_1_319' title='bbox 570 2336 642 2374; x_wconf 91' lang='lat' dir='ltr'>sed</span> <span class='ocrx_word' id='word_1_320' title='bbox 673 2334 844 2388; x_wconf 88' lang='lat' dir='ltr'>singulis</span> <span class='ocrx_word' id='word_1_321' title='bbox 876 2331 1305 2386; x_wconf 88' lang='lat' dir='ltr'>argumentationibus</span> <span class='ocrx_word' id='word_1_322' title='bbox 1336 2332 1392 2373; x_wconf 87' lang='lat' dir='ltr'>ita</span> <span class='ocrx_word' id='word_1_323' title='bbox 1424 2330 1735 2379; x_wconf 85' lang='lat' dir='ltr'>concludendis,</span> <span class='ocrx_word' id='word_1_324' title='bbox 1779 2336 1826 2371; x_wconf 90' lang='lat' dir='ltr'>ut</span> <span class='ocrx_word' id='word_1_325' title='bbox 1857 2330 2010 2372; x_wconf 86' lang='lat' dir='ltr'>efficia-</span> 
     </span>
     <span class='ocr_line' id='line_1_34' title="bbox 250 2392 2009 2452; baseline -0.002 -15"><span class='ocrx_word' id='word_1_326' title='bbox 250 2403 317 2438; x_wconf 93' lang='lat' dir='ltr'>tur</span> <span class='ocrx_word' id='word_1_327' title='bbox 345 2396 458 2452; x_wconf 88' lang='lat' dir='ltr'>quod</span> <span class='ocrx_word' id='word_1_328' title='bbox 488 2398 539 2437; x_wconf 91' lang='lat' dir='ltr'>sit</span> <span class='ocrx_word' id='word_1_329' title='bbox 569 2410 827 2452; x_wconf 88' lang='lat' dir='ltr'>consequens</span> <span class='ocrx_word' id='word_1_330' title='bbox 857 2397 929 2441; x_wconf 91' lang='lat' dir='ltr'>iis,</span> <span class='ocrx_word' id='word_1_331' title='bbox 962 2409 1068 2449; x_wconf 89' lang='lat' dir='ltr'>quae</span> <span class='ocrx_word' id='word_1_332' title='bbox 1101 2400 1316 2436; x_wconf 88' lang='lat' dir='ltr'>sumentur</span> <span class='ocrx_word' id='word_1_333' title='bbox 1347 2396 1398 2435; x_wconf 89' lang='lat' dir='ltr'>ad</span> <span class='ocrx_word' id='word_1_334' title='bbox 1421 2407 1627 2449; x_wconf 89' lang='lat' dir='ltr'>quamque</span> <span class='ocrx_word' id='word_1_335' title='bbox 1647 2407 1737 2434; x_wconf 89' lang='lat' dir='ltr'>rem</span> <span class='ocrx_word' id='word_1_336' title='bbox 1762 2392 2009 2434; x_wconf 89' lang='lat' dir='ltr'>confirman-</span> 
     </span>
     <span class='ocr_line' id='line_1_35' title="bbox 250 2456 2010 2514; baseline -0.002 -14"><span class='ocrx_word' id='word_1_337' title='bbox 250 2458 361 2510; x_wconf 90' lang='lat' dir='ltr'>dam;</span> <span class='ocrx_word' id='word_1_338' title='bbox 411 2465 505 2514; x_wconf 88' lang='lat' dir='ltr'>post</span> <span class='ocrx_word' id='word_1_339' title='bbox 543 2460 684 2500; x_wconf 90' lang='lat' dir='ltr'>omnia</span> <span class='ocrx_word' id='word_1_340' title='bbox 725 2459 1033 2513; x_wconf 82' lang='lat' dir='ltr'>perorationem</span> <span class='ocrx_word' id='word_1_341' title='bbox 1074 2456 1397 2498; x_wconf 82' lang='lat' dir='ltr'>inflammantem</span> <span class='ocrx_word' id='word_1_342' title='bbox 1430 2458 1809 2509; x_wconf 85' lang='lat' dir='ltr'>restinguentemve</span> <span class='ocrx_word' id='word_1_343' title='bbox 1842 2456 2010 2497; x_wconf 90' lang='lat' dir='ltr'>conclu-</span> 
     </span>
     <span class='ocr_line' id='line_1_36' title="bbox 201 2517 2006 2577; baseline -0.002 -14"><span class='ocrx_word' id='word_1_344' title='bbox 201 2523 378 2563; x_wconf 72' lang='lat' dir='ltr'>asdere?</span> <span class='ocrx_word' id='word_1_345' title='bbox 409 2524 494 2562; x_wconf 92' lang='lat' dir='ltr'>Has</span> <span class='ocrx_word' id='word_1_346' title='bbox 525 2527 663 2576; x_wconf 87' lang='lat' dir='ltr'>partes</span> <span class='ocrx_word' id='word_1_347' title='bbox 695 2520 1043 2577; x_wconf 89' lang='lat' dir='ltr'>quemadmodum</span> <span class='ocrx_word' id='word_1_348' title='bbox 1075 2525 1220 2561; x_wconf 87' lang='lat' dir='ltr'>tractet</span> <span class='ocrx_word' id='word_1_349' title='bbox 1250 2520 1458 2574; x_wconf 84' lang='lat' dir='ltr'>singulas,</span> <span class='ocrx_word' id='word_1_350' title='bbox 1492 2518 1662 2560; x_wconf 88' lang='lat' dir='ltr'>difficile</span> <span class='ocrx_word' id='word_1_351' title='bbox 1694 2517 1806 2559; x_wconf 91' lang='lat' dir='ltr'>dictu</span> <span class='ocrx_word' id='word_1_352' title='bbox 1837 2524 1898 2560; x_wconf 91' lang='lat' dir='ltr'>est</span> <span class='ocrx_word' id='word_1_353' title='bbox 1929 2522 2006 2561; x_wconf 85' lang='lat' dir='ltr'>hoc</span> 
     </span>
     <span class='ocr_line' id='line_1_37' title="bbox 250 2581 2008 2639; baseline -0.002 -14"><span class='ocrx_word' id='word_1_354' title='bbox 250 2585 369 2635; x_wconf 91' lang='lat' dir='ltr'>loco;</span> <span class='ocrx_word' id='word_1_355' title='bbox 419 2599 497 2625; x_wconf 92' lang='lat' dir='ltr'>nec</span> <span class='ocrx_word' id='word_1_356' title='bbox 539 2585 648 2625; x_wconf 90' lang='lat' dir='ltr'>enim</span> <span class='ocrx_word' id='word_1_357' title='bbox 692 2598 857 2639; x_wconf 91' lang='lat' dir='ltr'>semper</span> <span class='ocrx_word' id='word_1_358' title='bbox 895 2587 1120 2624; x_wconf 87' lang='lat' dir='ltr'>tractantur</span> <span class='ocrx_word' id='word_1_359' title='bbox 1159 2595 1244 2623; x_wconf 91' lang='lat' dir='ltr'>uno</span> <span class='ocrx_word' id='word_1_360' title='bbox 1284 2585 1424 2623; x_wconf 89' lang='lat' dir='ltr'>modo.</span> <span class='ocrx_word' id='word_1_361' title='bbox 1490 2584 1582 2622; x_wconf 84' lang='grc'><strong>123.</strong></span> <span class='ocrx_word' id='word_1_362' title='bbox 1628 2581 1837 2631; x_wconf 90' lang='lat' dir='ltr'>Quoniam</span> <span class='ocrx_word' id='word_1_363' title='bbox 1868 2587 2008 2623; x_wconf 89' lang='lat' dir='ltr'>autem</span> 
     </span>
     <span class='ocr_line' id='line_1_38' title="bbox 250 2642 2004 2703; baseline -0.002 -15"><span class='ocrx_word' id='word_1_364' title='bbox 250 2660 334 2688; x_wconf 91' lang='lat' dir='ltr'>non</span> <span class='ocrx_word' id='word_1_365' title='bbox 365 2660 488 2703; x_wconf 91' lang='lat' dir='ltr'>quem</span> <span class='ocrx_word' id='word_1_366' title='bbox 519 2648 690 2688; x_wconf 86' lang='lat' dir='ltr'>doceam</span> <span class='ocrx_word' id='word_1_367' title='bbox 722 2660 903 2702; x_wconf 88' lang='lat' dir='ltr'>quaero,</span> <span class='ocrx_word' id='word_1_368' title='bbox 951 2647 1023 2687; x_wconf 89' lang='lat' dir='ltr'>sed</span> <span class='ocrx_word' id='word_1_369' title='bbox 1054 2659 1179 2700; x_wconf 90' lang='lat' dir='ltr'>quem</span> <span class='ocrx_word' id='word_1_370' title='bbox 1210 2646 1417 2701; x_wconf 91' lang='lat' dir='ltr'>probem,</span> <span class='ocrx_word' id='word_1_371' title='bbox 1462 2642 1650 2700; x_wconf 88' lang='lat' dir='ltr'>probabo</span> <span class='ocrx_word' id='word_1_372' title='bbox 1682 2644 1863 2699; x_wconf 89' lang='lat' dir='ltr'>primum</span> <span class='ocrx_word' id='word_1_373' title='bbox 1894 2657 2004 2693; x_wconf 89' lang='lat' dir='ltr'>eum,</span> 
     </span>
    </p>
   </div>
   <div class='ocr_carea' id='block_1_3' title="bbox 252 2809 2008 3413">
    <p class='ocr_par' dir='ltr' id='par_1_7' title="bbox 252 2809 2008 3413">
     <span class='ocr_line' id='line_1_39' title="bbox 344 2809 2006 2853; baseline -0.002 -9"><span class='ocrx_word' id='word_1_374' title='bbox 344 2812 377 2844; x_wconf 82' lang='lat'>1.</span> <span class='ocrx_word' id='word_1_375' title='bbox 415 2815 454 2843; x_wconf 81' lang='lat' dir='ltr'>ut</span> <span class='ocrx_word' id='word_1_376' title='bbox 486 2821 554 2844; x_wconf 91' lang='lat' dir='ltr'>om.</span> <span class='ocrx_word' id='word_1_377' title='bbox 594 2812 687 2843; x_wconf 87' lang='lat' dir='ltr'>Eins.</span> <span class='ocrx_word' id='word_1_378' title='bbox 729 2812 786 2843; x_wconf 83' lang='lat' dir='ltr'>Dr.</span> <span class='ocrx_word' id='word_1_379' title='bbox 817 2812 882 2843; x_wconf 90' lang='lat' dir='ltr'>Gu.</span> <span class='ocrx_word' id='word_1_380' title='bbox 915 2813 945 2843; x_wconf 91' lang='lat'>1.</span> <span class='ocrx_word' id='word_1_381' title='bbox 973 2812 1006 2844; x_wconf 91' lang='grc'>2.</span> <span class='ocrx_word' id='word_1_382' title='bbox 1049 2828 1089 2834; x_wconf 85' lang='grc'>-</span> <span class='ocrx_word' id='word_1_383' title='bbox 1133 2812 1167 2843; x_wconf 90' lang='grc'>2.</span> <span class='ocrx_word' id='word_1_384' title='bbox 1205 2812 1311 2853; x_wconf 74' lang='lat' dir='ltr'>refert</span> <span class='ocrx_word' id='word_1_385' title='bbox 1343 2811 1467 2849; x_wconf 84' lang='lat' dir='ltr'>Eins.,</span> <span class='ocrx_word' id='word_1_386' title='bbox 1504 2809 1646 2849; x_wconf 78' lang='lat' dir='ltr'>referret</span> <span class='ocrx_word' id='word_1_387' title='bbox 1672 2810 1755 2841; x_wconf 88' lang='lat' dir='ltr'>Ern.</span> <span class='ocrx_word' id='word_1_388' title='bbox 1794 2818 1936 2849; x_wconf 83' lang='lat' dir='ltr'>operae.</span> <span class='ocrx_word' id='word_1_389' title='bbox 1966 2827 2006 2832; x_wconf 95' lang='lat'>—</span> 
     </span>
     <span class='ocr_line' id='line_1_40' title="bbox 252 2856 2004 2898; baseline -0.003 -7"><span class='ocrx_word' id='word_1_390' title='bbox 252 2860 285 2891; x_wconf 88' lang='grc'>3.</span> <span class='ocrx_word' id='word_1_391' title='bbox 314 2869 391 2891; x_wconf 79' lang='lat' dir='ltr'>cum</span> <span class='ocrx_word' id='word_1_392' title='bbox 416 2860 493 2890; x_wconf 87' lang='lat' dir='ltr'>Vet.</span> <span class='ocrx_word' id='word_1_393' title='bbox 523 2859 643 2898; x_wconf 74' lang='lat' dir='ltr'>steph.</span> <span class='ocrx_word' id='word_1_394' title='bbox 673 2859 739 2890; x_wconf 91' lang='lat' dir='ltr'>Gu.</span> <span class='ocrx_word' id='word_1_395' title='bbox 771 2858 803 2888; x_wconf 92' lang='lat'>3.</span> <span class='ocrx_word' id='word_1_396' title='bbox 835 2859 906 2890; x_wconf 83' lang='lat' dir='ltr'>Eri.</span> <span class='ocrx_word' id='word_1_397' title='bbox 936 2875 975 2881; x_wconf 90' lang='lat'>-—</span> <span class='ocrx_word' id='word_1_398' title='bbox 1012 2858 1045 2889; x_wconf 69' lang='lat'>4.</span> <span class='ocrx_word' id='word_1_399' title='bbox 1074 2859 1155 2889; x_wconf 79' lang='lat' dir='ltr'>nolo</span> <span class='ocrx_word' id='word_1_400' title='bbox 1180 2867 1222 2889; x_wconf 82' lang='lat' dir='ltr'>ne</span> <span class='ocrx_word' id='word_1_401' title='bbox 1247 2859 1383 2898; x_wconf 72' lang='lat' dir='ltr'>iynoret</span> <span class='ocrx_word' id='word_1_402' title='bbox 1408 2867 1449 2889; x_wconf 77' lang='lat' dir='ltr'>ne</span> <span class='ocrx_word' id='word_1_403' title='bbox 1475 2857 1556 2887; x_wconf 85' lang='lat' dir='ltr'>haec</span> <span class='ocrx_word' id='word_1_404' title='bbox 1581 2856 1721 2896; x_wconf 77' lang='lat' dir='ltr'>quidem</span> <span class='ocrx_word' id='word_1_405' title='bbox 1748 2857 1816 2888; x_wconf 87' lang='lat' dir='ltr'>Vit.</span> <span class='ocrx_word' id='word_1_406' title='bbox 1844 2857 1904 2888; x_wconf 90' lang='lat' dir='ltr'>Dr.</span> <span class='ocrx_word' id='word_1_407' title='bbox 1938 2856 2004 2888; x_wconf 87' lang='lat' dir='ltr'>Gu.</span> 
     </span>
     <span class='ocr_line' id='line_1_41' title="bbox 253 2903 2004 2945; baseline -0.002 -7"><span class='ocrx_word' id='word_1_408' title='bbox 253 2910 285 2938; x_wconf 83' lang='lat'>1.</span> <span class='ocrx_word' id='word_1_409' title='bbox 312 2907 371 2943; x_wconf 91' lang='grc'>2.,</span> <span class='ocrx_word' id='word_1_410' title='bbox 410 2906 489 2937; x_wconf 83' lang='lat' dir='ltr'>volo</span> <span class='ocrx_word' id='word_1_411' title='bbox 522 2915 563 2937; x_wconf 75' lang='lat' dir='ltr'>ne</span> <span class='ocrx_word' id='word_1_412' title='bbox 597 2907 734 2944; x_wconf 74' lang='lat' dir='ltr'>iqnorec</span> <span class='ocrx_word' id='word_1_413' title='bbox 770 2906 853 2936; x_wconf 80' lang='lat' dir='ltr'>haec</span> <span class='ocrx_word' id='word_1_414' title='bbox 891 2906 1026 2944; x_wconf 78' lang='lat' dir='ltr'>quidem</span> <span class='ocrx_word' id='word_1_415' title='bbox 1064 2906 1184 2942; x_wconf 81' lang='lat' dir='ltr'>Eins.,</span> <span class='ocrx_word' id='word_1_416' title='bbox 1226 2905 1304 2936; x_wconf 80' lang='lat' dir='ltr'>volo</span> <span class='ocrx_word' id='word_1_417' title='bbox 1338 2913 1380 2935; x_wconf 74' lang='lat' dir='ltr'>ne</span> <span class='ocrx_word' id='word_1_418' title='bbox 1412 2905 1549 2945; x_wconf 62' lang='lat' dir='ltr'>ignoret</span> <span class='ocrx_word' id='word_1_419' title='bbox 1575 2913 1615 2934; x_wconf 70' lang='lat' dir='ltr'>ne</span> <span class='ocrx_word' id='word_1_420' title='bbox 1641 2903 1720 2934; x_wconf 72' lang='lat' dir='ltr'>haec</span> <span class='ocrx_word' id='word_1_421' title='bbox 1745 2904 1881 2943; x_wconf 80' lang='lat' dir='ltr'>quidem</span> <span class='ocrx_word' id='word_1_422' title='bbox 1906 2903 2004 2936; x_wconf 90' lang='lat' dir='ltr'>Mon.</span> 
     </span>
     <span class='ocr_line' id='line_1_42' title="bbox 252 2950 2005 2992; baseline -0.002 -8"><span class='ocrx_word' id='word_1_423' title='bbox 252 2953 397 2992; x_wconf 74' lang='lat' dir='ltr'>Meyer,</span> <span class='ocrx_word' id='word_1_424' title='bbox 436 2952 552 2984; x_wconf 82' lang='lat' dir='ltr'>Peter.</span> <span class='ocrx_word' id='word_1_425' title='bbox 604 2952 786 2985; x_wconf 86' lang='lat' dir='ltr'>Correctus</span> <span class='ocrx_word' id='word_1_426' title='bbox 814 2958 864 2983; x_wconf 71' lang='lat' dir='ltr'>est</span> <span class='ocrx_word' id='word_1_427' title='bbox 891 2961 1009 2990; x_wconf 86' lang='lat' dir='ltr'>error,</span> <span class='ocrx_word' id='word_1_428' title='bbox 1050 2955 1147 2983; x_wconf 83' lang='lat' dir='ltr'>euius</span> <span class='ocrx_word' id='word_1_429' title='bbox 1175 2953 1268 2991; x_wconf 82' lang='lat' dir='ltr'>origo</span> <span class='ocrx_word' id='word_1_430' title='bbox 1296 2956 1440 2990; x_wconf 83' lang='lat' dir='ltr'>apparet</span> <span class='ocrx_word' id='word_1_431' title='bbox 1467 2952 1500 2981; x_wconf 86' lang='lat' dir='ltr'>in</span> <span class='ocrx_word' id='word_1_432' title='bbox 1529 2950 1696 2982; x_wconf 85' lang='lat' dir='ltr'>Einsiedl.</span> <span class='ocrx_word' id='word_1_433' title='bbox 1726 2951 1898 2987; x_wconf 79' lang='lat' dir='ltr'>lectione.</span> <span class='ocrx_word' id='word_1_434' title='bbox 1938 2952 2005 2981; x_wconf 80' lang='lat' dir='ltr'>iam</span> 
     </span>
     <span class='ocr_line' id='line_1_43' title="bbox 254 2997 2004 3036; baseline -0.002 -6"><span class='ocrx_word' id='word_1_435' title='bbox 254 3002 288 3030; x_wconf 87' lang='lat' dir='ltr'>in</span> <span class='ocrx_word' id='word_1_436' title='bbox 316 3000 496 3035; x_wconf 56' lang='lat' dir='ltr'>Romamn</span> <span class='ocrx_word' id='word_1_437' title='bbox 525 3000 683 3031; x_wconf 81' lang='lat' dir='ltr'>consulto</span> <span class='ocrx_word' id='word_1_438' title='bbox 711 3002 802 3031; x_wconf 83' lang='lat' dir='ltr'>enim</span> <span class='ocrx_word' id='word_1_439' title='bbox 831 2999 951 3031; x_wconf 82' lang='lat' dir='ltr'>Cicero</span> <span class='ocrx_word' id='word_1_440' title='bbox 978 3001 1121 3031; x_wconf 83' lang='lat' dir='ltr'>variavit</span> <span class='ocrx_word' id='word_1_441' title='bbox 1146 3000 1236 3029; x_wconf 81' lang='lat' dir='ltr'>inter</span> <span class='ocrx_word' id='word_1_442' title='bbox 1262 2998 1340 3028; x_wconf 87' lang='lat' dir='ltr'>volo</span> <span class='ocrx_word' id='word_1_443' title='bbox 1367 3003 1400 3029; x_wconf 86' lang='lat' dir='ltr'>et</span> <span class='ocrx_word' id='word_1_444' title='bbox 1427 2998 1520 3028; x_wconf 74' lang='lat' dir='ltr'>nolo·</span> <span class='ocrx_word' id='word_1_445' title='bbox 1547 3013 1590 3018; x_wconf 94' lang='lat'>—</span> <span class='ocrx_word' id='word_1_446' title='bbox 1616 2997 1649 3028; x_wconf 91' lang='lat'>5.</span> <span class='ocrx_word' id='word_1_447' title='bbox 1675 2997 1880 3036; x_wconf 74' lang='lat' dir='ltr'>quotidiano</span> <span class='ocrx_word' id='word_1_448' title='bbox 1905 2997 2004 3029; x_wconf 85' lang='lat' dir='ltr'>Mon.</span> 
     </span>
     <span class='ocr_line' id='line_1_44' title="bbox 255 3043 2008 3091; baseline -0.002 -15"><span class='ocrx_word' id='word_1_449' title='bbox 255 3046 335 3083; x_wconf 91' lang='lat' dir='ltr'>(non</span> <span class='ocrx_word' id='word_1_450' title='bbox 363 3057 400 3079; x_wconf 85' lang='lat' dir='ltr'>ex</span> <span class='ocrx_word' id='word_1_451' title='bbox 428 3051 509 3077; x_wconf 85' lang='lat' dir='ltr'>noto</span> <span class='ocrx_word' id='word_1_452' title='bbox 537 3047 594 3078; x_wconf 84' lang='lat' dir='ltr'>illo</span> <span class='ocrx_word' id='word_1_453' title='bbox 622 3043 843 3091; x_wconf 74' lang='grc' dir='ltr'><em>ἀρχαϊσμῴ,</em></span> <span class='ocrx_word' id='word_1_454' title='bbox 870 3046 930 3077; x_wconf 86' lang='lat' dir='ltr'>sed</span> <span class='ocrx_word' id='word_1_455' title='bbox 957 3056 995 3078; x_wconf 82' lang='lat' dir='ltr'>ex</span> <span class='ocrx_word' id='word_1_456' title='bbox 1024 3055 1117 3077; x_wconf 86' lang='lat' dir='ltr'>mera</span> <span class='ocrx_word' id='word_1_457' title='bbox 1144 3044 1468 3075; x_wconf 82' lang='lat' dir='ltr'>accommodatione</span> <span class='ocrx_word' id='word_1_458' title='bbox 1496 3044 1537 3075; x_wconf 87' lang='lat' dir='ltr'>ad</span> <span class='ocrx_word' id='word_1_459' title='bbox 1566 3053 1597 3075; x_wconf 87' lang='lat' dir='ltr'>v.</span> <span class='ocrx_word' id='word_1_460' title='bbox 1619 3043 1715 3084; x_wconf 73' lang='lat' dir='ltr'>quo.)</span> <span class='ocrx_word' id='word_1_461' title='bbox 1743 3059 1781 3066; x_wconf 93' lang='lat'>—</span> <span class='ocrx_word' id='word_1_462' title='bbox 1811 3044 1900 3084; x_wconf 80' lang='lat' dir='ltr'>Quid</span> <span class='ocrx_word' id='word_1_463' title='bbox 1918 3044 2008 3073; x_wconf 80' lang='lat' dir='ltr'>enim</span> 
     </span>
     <span class='ocr_line' id='line_1_45' title="bbox 257 3089 2003 3132; baseline -0.002 -10"><span class='ocrx_word' id='word_1_464' title='bbox 257 3091 340 3131; x_wconf 81' lang='lat' dir='ltr'>(om.</span> <span class='ocrx_word' id='word_1_465' title='bbox 369 3094 431 3132; x_wconf 77' lang='lat' dir='ltr'>est)</span> <span class='ocrx_word' id='word_1_466' title='bbox 459 3094 518 3124; x_wconf 93' lang='lat' dir='ltr'>Dr.</span> <span class='ocrx_word' id='word_1_467' title='bbox 549 3093 616 3125; x_wconf 91' lang='lat' dir='ltr'>Gu.</span> <span class='ocrx_word' id='word_1_468' title='bbox 644 3096 692 3129; x_wconf 76' lang='grc'>2.,</span> <span class='ocrx_word' id='word_1_469' title='bbox 723 3092 815 3131; x_wconf 75' lang='lat' dir='ltr'>Quid</span> <span class='ocrx_word' id='word_1_470' title='bbox 840 3096 887 3125; x_wconf 80' lang='lat' dir='ltr'>est</span> <span class='ocrx_word' id='word_1_471' title='bbox 914 3091 997 3131; x_wconf 83' lang='lat' dir='ltr'>(om.</span> <span class='ocrx_word' id='word_1_472' title='bbox 1027 3091 1130 3131; x_wconf 81' lang='lat' dir='ltr'>enim)</span> <span class='ocrx_word' id='word_1_473' title='bbox 1158 3093 1251 3122; x_wconf 86' lang='lat' dir='ltr'>Eins.</span> <span class='ocrx_word' id='word_1_474' title='bbox 1281 3107 1325 3111; x_wconf 91' lang='lat'><strong>—</strong></span> <span class='ocrx_word' id='word_1_475' title='bbox 1351 3091 1384 3122; x_wconf 87' lang='grc'><strong>8.</strong></span> <span class='ocrx_word' id='word_1_476' title='bbox 1413 3092 1517 3121; x_wconf 77' lang='lat' dir='ltr'>etiam</span> <span class='ocrx_word' id='word_1_477' title='bbox 1545 3090 1638 3121; x_wconf 87' lang='lat' dir='ltr'>Eins.</span> <span class='ocrx_word' id='word_1_478' title='bbox 1668 3090 1721 3128; x_wconf 82' lang='grc' dir='ltr'>Α,</span> <span class='ocrx_word' id='word_1_479' title='bbox 1751 3089 1818 3121; x_wconf 92' lang='lat' dir='ltr'>Gu.</span> <span class='ocrx_word' id='word_1_480' title='bbox 1846 3090 1879 3120; x_wconf 89' lang='lat'>3.</span> <span class='ocrx_word' id='word_1_481' title='bbox 1908 3089 2003 3120; x_wconf 85' lang='lat' dir='ltr'>Erl.:</span> 
     </span>
     <span class='ocr_line' id='line_1_46' title="bbox 258 3136 2007 3175; baseline -0.002 -7"><span class='ocrx_word' id='word_1_482' title='bbox 258 3142 289 3169; x_wconf 88' lang='lat' dir='ltr'>et</span> <span class='ocrx_word' id='word_1_483' title='bbox 315 3147 390 3170; x_wconf 84' lang='lat' dir='ltr'>curn</span> <span class='ocrx_word' id='word_1_484' title='bbox 418 3142 541 3173; x_wconf 87' lang='lat' dir='ltr'>ceteris</span> <span class='ocrx_word' id='word_1_485' title='bbox 570 3140 637 3171; x_wconf 79' lang='lat' dir='ltr'>RE.</span> <span class='ocrx_word' id='word_1_486' title='bbox 679 3156 717 3162; x_wconf 91' lang='lat'>—</span> <span class='ocrx_word' id='word_1_487' title='bbox 763 3141 817 3170; x_wconf 88' lang='lat'>10.</span> <span class='ocrx_word' id='word_1_488' title='bbox 846 3139 1033 3171; x_wconf 79' lang='lat' dir='ltr'>observatis</span> <span class='ocrx_word' id='word_1_489' title='bbox 1058 3139 1238 3170; x_wconf 82' lang='lat' dir='ltr'>Matthiae.</span> <span class='ocrx_word' id='word_1_490' title='bbox 1285 3137 1354 3168; x_wconf 86' lang='lat' dir='ltr'>Sed</span> <span class='ocrx_word' id='word_1_491' title='bbox 1381 3138 1441 3168; x_wconf 71' lang='lat' dir='ltr'>cfr.</span> <span class='ocrx_word' id='word_1_492' title='bbox 1472 3138 1512 3169; x_wconf 90' lang='lat' dir='ltr'>de</span> <span class='ocrx_word' id='word_1_493' title='bbox 1540 3137 1636 3168; x_wconf 83' lang='lat' dir='ltr'>Orat.</span> <span class='ocrx_word' id='word_1_494' title='bbox 1664 3136 1703 3174; x_wconf 88' lang='grc'><strong>2,</strong></span> <span class='ocrx_word' id='word_1_495' title='bbox 1741 3136 1807 3175; x_wconf 89' lang='grc'>80,</span> <span class='ocrx_word' id='word_1_496' title='bbox 1846 3136 1933 3167; x_wconf 76' lang='lat'>329:</span> <span class='ocrx_word' id='word_1_497' title='bbox 1976 3136 2007 3166; x_wconf 82' lang='lat' dir='ltr'>si</span> 
     </span>
     <span class='ocr_line' id='line_1_47' title="bbox 259 3181 2002 3225; baseline -0.001 -12"><span class='ocrx_word' id='word_1_498' title='bbox 259 3185 380 3215; x_wconf 81' lang='lat' dir='ltr'>ordine</span> <span class='ocrx_word' id='word_1_499' title='bbox 406 3191 595 3225; x_wconf 78' lang='lat' dir='ltr'>temporum</span> <span class='ocrx_word' id='word_1_500' title='bbox 621 3190 821 3218; x_wconf 81' lang='lat' dir='ltr'>conservato</span> <span class='ocrx_word' id='word_1_501' title='bbox 845 3202 858 3207; x_wconf 94' lang='lat'><em>-</em></span> <span class='ocrx_word' id='word_1_502' title='bbox 884 3203 897 3208; x_wconf 98' lang='lat'>-</span> <span class='ocrx_word' id='word_1_503' title='bbox 921 3185 1141 3217; x_wconf 79' lang='lat' dir='ltr'>narrabitur.</span> <span class='ocrx_word' id='word_1_504' title='bbox 1170 3201 1211 3206; x_wconf 93' lang='lat'><em>—</em></span> <span class='ocrx_word' id='word_1_505' title='bbox 1239 3184 1294 3215; x_wconf 86' lang='grc'>12.</span> <span class='ocrx_word' id='word_1_506' title='bbox 1323 3187 1403 3214; x_wconf 76' lang='lat' dir='ltr'>ante</span> <span class='ocrx_word' id='word_1_507' title='bbox 1430 3185 1499 3216; x_wconf 83' lang='lat' dir='ltr'>Vit.</span> <span class='ocrx_word' id='word_1_508' title='bbox 1529 3184 1623 3214; x_wconf 87' lang='lat' dir='ltr'>Eins.</span> <span class='ocrx_word' id='word_1_509' title='bbox 1650 3182 1678 3213; x_wconf 83' lang='grc' dir='ltr'><strong>Α</strong></span> <span class='ocrx_word' id='word_1_510' title='bbox 1698 3205 1707 3219; x_wconf 90' lang='grc'><em>,</em></span> <span class='ocrx_word' id='word_1_511' title='bbox 1736 3183 1802 3215; x_wconf 87' lang='lat' dir='ltr'>Gu.</span> <span class='ocrx_word' id='word_1_512' title='bbox 1830 3183 1862 3214; x_wconf 88' lang='lat'>1.</span> <span class='ocrx_word' id='word_1_513' title='bbox 1889 3182 1922 3213; x_wconf 89' lang='grc'><strong>3.</strong></span> <span class='ocrx_word' id='word_1_514' title='bbox 1950 3181 2002 3212; x_wconf 87' lang='lat' dir='ltr'>R:</span> 
     </span>
     <span class='ocr_line' id='line_1_48' title="bbox 257 3229 2005 3271; baseline -0.003 -9"><span class='ocrx_word' id='word_1_515' title='bbox 257 3234 361 3262; x_wconf 75' lang='lat' dir='ltr'>antea</span> <span class='ocrx_word' id='word_1_516' title='bbox 389 3232 428 3262; x_wconf 88' lang='lat' dir='ltr'>E.</span> <span class='ocrx_word' id='word_1_517' title='bbox 469 3249 508 3254; x_wconf 91' lang='lat'><strong>—</strong></span> <span class='ocrx_word' id='word_1_518' title='bbox 553 3233 607 3264; x_wconf 87' lang='grc'>13.</span> <span class='ocrx_word' id='word_1_519' title='bbox 636 3234 706 3264; x_wconf 77' lang='lat' dir='ltr'>nisi</span> <span class='ocrx_word' id='word_1_520' title='bbox 731 3243 769 3264; x_wconf 83' lang='lat' dir='ltr'>ea</span> <span class='ocrx_word' id='word_1_521' title='bbox 795 3235 960 3264; x_wconf 83' lang='lat' dir='ltr'>memoria</span> <span class='ocrx_word' id='word_1_522' title='bbox 986 3233 1039 3270; x_wconf 88' lang='grc' dir='ltr'>Α,</span> <span class='ocrx_word' id='word_1_523' title='bbox 1080 3231 1147 3263; x_wconf 91' lang='lat' dir='ltr'>Gu.</span> <span class='ocrx_word' id='word_1_524' title='bbox 1175 3229 1207 3260; x_wconf 92' lang='grc'><strong>3.</strong></span> <span class='ocrx_word' id='word_1_525' title='bbox 1245 3246 1288 3251; x_wconf 85' lang='lat'>—-</span> <span class='ocrx_word' id='word_1_526' title='bbox 1331 3231 1387 3261; x_wconf 88' lang='lat'>17.</span> <span class='ocrx_word' id='word_1_527' title='bbox 1423 3231 1578 3271; x_wconf 79' lang='lat' dir='ltr'>primum</span> <span class='ocrx_word' id='word_1_528' title='bbox 1611 3237 1739 3270; x_wconf 63' lang='lat' dir='ltr'>genera</span> <span class='ocrx_word' id='word_1_529' title='bbox 1763 3231 1839 3268; x_wconf 77' lang='lat' dir='ltr'>ipsa</span> <span class='ocrx_word' id='word_1_530' title='bbox 1864 3229 2005 3267; x_wconf 70' lang='lat' dir='ltr'>coquita</span> 
     </span>
     <span class='ocr_line' id='line_1_49' title="bbox 257 3274 2005 3321; baseline -0.006 -7"><span class='ocrx_word' id='word_1_531' title='bbox 257 3277 328 3308; x_wconf 69' lang='lat' dir='ltr'>Vst-</span> <span class='ocrx_word' id='word_1_532' title='bbox 344 3300 352 3313; x_wconf 75' lang='grc'>,</span> <span class='ocrx_word' id='word_1_533' title='bbox 381 3286 504 3317; x_wconf 70' lang='lat' dir='ltr'>qenera</span> <span class='ocrx_word' id='word_1_534' title='bbox 528 3280 678 3319; x_wconf 75' lang='lat' dir='ltr'>primum</span> <span class='ocrx_word' id='word_1_535' title='bbox 708 3280 848 3321; x_wconf 74' lang='lat' dir='ltr'>coynita</span> <span class='ocrx_word' id='word_1_536' title='bbox 872 3281 950 3320; x_wconf 70' lang='lat' dir='ltr'>ipsa</span> <span class='ocrx_word' id='word_1_537' title='bbox 976 3280 1018 3310; x_wconf 82' lang='lat' dir='ltr'>R.</span> <span class='ocrx_word' id='word_1_538' title='bbox 1049 3295 1086 3301; x_wconf 96' lang='lat'>—</span> <span class='ocrx_word' id='word_1_539' title='bbox 1131 3277 1186 3309; x_wconf 58' lang='lat'>241.</span> <span class='ocrx_word' id='word_1_540' title='bbox 1213 3282 1404 3316; x_wconf 78' lang='lat' dir='ltr'>praecepta</span> <span class='ocrx_word' id='word_1_541' title='bbox 1426 3286 1540 3317; x_wconf 78' lang='lat' dir='ltr'>pauca</span> <span class='ocrx_word' id='word_1_542' title='bbox 1566 3275 1700 3307; x_wconf 82' lang='lat' dir='ltr'>tradita</span> <span class='ocrx_word' id='word_1_543' title='bbox 1723 3280 1816 3307; x_wconf 75' lang='lat' dir='ltr'>sunt.</span> <span class='ocrx_word' id='word_1_544' title='bbox 1844 3282 1860 3304; x_wconf 79' lang='lat' dir='ltr'>e</span> <span class='ocrx_word' id='word_1_545' title='bbox 1886 3274 2005 3314; x_wconf 82' lang='lat' dir='ltr'>quibus</span> 
     </span>
     <span class='ocr_line' id='line_1_50' title="bbox 258 3319 2001 3366; baseline -0.002 -11"><span class='ocrx_word' id='word_1_546' title='bbox 258 3325 432 3356; x_wconf 81' lang='lat' dir='ltr'>ducantur</span> <span class='ocrx_word' id='word_1_547' title='bbox 449 3326 477 3355; x_wconf 80' lang='grc' dir='ltr'>Α</span> <span class='ocrx_word' id='word_1_548' title='bbox 504 3327 627 3357; x_wconf 82' lang='lat' dir='ltr'>ceteris</span> <span class='ocrx_word' id='word_1_549' title='bbox 654 3335 731 3358; x_wconf 89' lang='lat' dir='ltr'>cum</span> <span class='ocrx_word' id='word_1_550' title='bbox 759 3328 997 3366; x_wconf 81' lang='lat' dir='ltr'>interpolatis,</span> <span class='ocrx_word' id='word_1_551' title='bbox 1024 3325 1064 3357; x_wconf 93' lang='lat' dir='ltr'>L.</span> <span class='ocrx_word' id='word_1_552' title='bbox 1095 3342 1132 3349; x_wconf 88' lang='lat'>—</span> <span class='ocrx_word' id='word_1_553' title='bbox 1163 3324 1219 3356; x_wconf 89' lang='grc'>26.</span> <span class='ocrx_word' id='word_1_554' title='bbox 1246 3324 1488 3356; x_wconf 79' lang='lat' dir='ltr'>admirabilem</span> <span class='ocrx_word' id='word_1_555' title='bbox 1508 3323 1575 3354; x_wconf 89' lang='lat' dir='ltr'>Gu.</span> <span class='ocrx_word' id='word_1_556' title='bbox 1595 3322 1628 3354; x_wconf 89' lang='lat'>3.</span> <span class='ocrx_word' id='word_1_557' title='bbox 1655 3339 1692 3345; x_wconf 97' lang='lat'>—</span> <span class='ocrx_word' id='word_1_558' title='bbox 1722 3322 1778 3353; x_wconf 79' lang='lat'>29.</span> <span class='ocrx_word' id='word_1_559' title='bbox 1809 3324 1872 3353; x_wconf 83' lang='lat' dir='ltr'>aut</span> <span class='ocrx_word' id='word_1_560' title='bbox 1886 3319 2001 3361; x_wconf 81' lang='lat' dir='ltr'>paret]</span> 
     </span>
     <span class='ocr_line' id='line_1_51' title="bbox 257 3371 648 3413; baseline 0.003 -11"><span class='ocrx_word' id='word_1_561' title='bbox 257 3376 296 3403; x_wconf 79' lang='lat' dir='ltr'>ut</span> <span class='ocrx_word' id='word_1_562' title='bbox 319 3373 421 3413; x_wconf 79' lang='lat' dir='ltr'>paret</span> <span class='ocrx_word' id='word_1_563' title='bbox 448 3371 528 3403; x_wconf 89' lang='lat' dir='ltr'>Ern.</span> <span class='ocrx_word' id='word_1_564' title='bbox 558 3373 648 3404; x_wconf 85' lang='lat' dir='ltr'>coni.</span> 
     </span>
    </p>
   </div>
  </div>
 </body>
</html>
