2117 3762
241 251 323 293 360
1021 246 1218 290 BRUTUS

242 358 467 400 modatum.
527 356 669 410 Itaque
698 351 790 401 illa,
822 364 928 407 quae
947 352 1119 405 propria
1139 357 1200 394 est
1218 354 1339 395 huius
1360 352 1619 408 disciplinae,
1649 355 1992 411 philosophorum

243 423 295 462 de
333 433 377 462 se
416 421 602 474 ipsorum
644 415 808 470 opinio,
854 412 970 455 firma
1006 414 1051 454 in
1080 413 1159 455 hoc
1187 415 1276 457 viro
1309 422 1349 458 et
1378 416 1535 458 stabilis
1565 417 1729 458 inventa
1759 423 1834 458 est.
1896 420 1990 459 115.

244 483 325 532 Qui
354 494 447 523 cum
476 478 834 521 innocentissimus
863 477 907 517 in
942 476 1141 517 iudicium
1180 483 1348 520 vocatus
1388 484 1519 527 esset,
1567 481 1667 532 (quo
1707 477 1860 520 iudicio
1895 494 1994 521 con-

241 545 401 586 vulsam
430 541 593 597 penitus
622 541 773 581 scimus
803 551 894 580 esse
924 552 1015 580 rem
1044 537 1304 594 publicam,)
1334 555 1426 584 cum
1458 546 1593 582 essent
1621 554 1672 583 eo
1701 547 1888 597 tempore
1908 543 1995 583 elo-

212 606 499 663 squentissimi
530 602 610 644 viri
639 604 686 643 L.
712 603 882 644 Crassus
914 606 955 642 et
983 603 1038 642 M.
1072 602 1273 644 Antonius
1310 605 1566 652 consulares,
1613 617 1757 646 eorum
1796 603 1994 646 adhibere

241 674 434 710 neutrum
468 664 618 707 voluit:
671 666 774 706 dixit
811 665 901 717 ipse
940 676 1016 718 pro
1057 677 1171 712 sese,
1220 671 1260 707 et
1288 679 1416 721 pauca
1448 668 1491 710 C.
1513 669 1650 716 Cotta,
1697 666 1809 723 quod
1840 667 1994 709 sororis

243 736 329 772 erat
363 728 493 776 filius,
542 732 583 769 et
620 728 655 768 is
696 726 863 783 quidem
908 731 1045 768 tamen
1082 731 1129 766 ut
1159 732 1327 777 orator,
1375 743 1620 786 quamquam
1653 735 1741 771 erat
1772 729 1995 771 admodum

242 792 496 834 adolescens.
558 791 639 831 Sed
671 790 723 839 Q.
754 792 914 831 Mucius
946 788 1158 830 enucleate
1188 789 1258 830 ille
1289 792 1455 846 quidem
1487 800 1526 834 et
1556 792 1707 846 polite,
1739 798 1786 833 ut
1816 791 1992 840 solebat,

241 867 500 909 nequaquam
537 857 675 893 autem
711 865 760 893 ea
797 851 839 892 vi
879 856 1003 906 atque
1033 853 1176 907 copia,
1229 867 1351 908 quam
1382 869 1511 908 genus
1540 855 1640 897 illud
1669 853 1811 897 iudicii
1842 859 1882 895 et
1909 868 1997 896 ma-

192 917 413 971 aognitudo
454 929 602 957 causae
641 914 891 968 postulabat.
953 917 1047 956 116.
1096 916 1306 957 Habemus
1345 917 1471 969 igitur
1507 919 1549 958 in
1581 918 1729 960 Stoicis
1761 919 1996 958 oratoribus

240 978 464 1028 Rutilium,
514 980 716 1020 Scaurum
746 978 789 1018 in
818 977 1015 1033 antiquis:
1071 983 1294 1032 utrumque
1336 983 1475 1019 tamen
1513 979 1753 1029 laudemus,
1801 980 1996 1036 quoniam

239 1056 315 1097 per
342 1041 436 1083 illos
464 1055 517 1082 ne
547 1041 650 1082 haec
678 1041 845 1095 quidem
875 1041 918 1081 in
947 1041 1111 1081 civitate
1142 1054 1294 1094 genera
1324 1042 1400 1082 hac
1420 1044 1601 1083 oratoria
1622 1042 1741 1084 laude
1762 1049 1995 1085 caruerunt.

239 1105 347 1146 Volo
378 1103 511 1152 enim,
553 1108 600 1144 ut
627 1104 671 1143 in
702 1117 844 1151 scena,
889 1104 948 1144 sic
978 1103 1100 1144 etiam
1131 1103 1174 1144 in
1203 1105 1298 1144 foro
1328 1118 1412 1145 non
1443 1118 1514 1146 eos
1545 1105 1668 1147 modo
1699 1105 1882 1155 laudari,
1925 1105 1997 1161 qui

243 1166 370 1208 celeri
400 1171 515 1208 motu
546 1171 587 1207 et
616 1164 773 1207 difficili
803 1170 996 1215 utantur,
1030 1168 1104 1207 sed
1135 1180 1206 1207 eos
1238 1168 1383 1216 etiam,
1417 1181 1522 1222 quos
1553 1169 1744 1210 statarios
1773 1167 1995 1224 appellant,

192 1242 419 1286 15quorum
450 1229 500 1272 sit
528 1229 598 1271 illa
628 1229 805 1283 simplex
834 1229 877 1269 in
906 1230 1068 1283 agendo
1100 1228 1274 1278 veritas,
1310 1243 1393 1272 non
1418 1230 1606 1272 molesta.

352 1294 506 1335 XXXI.
540 1294 634 1333 117.
685 1293 737 1333 Et
775 1291 971 1345 quoniam
1013 1292 1248 1333 Stoicorum
1288 1298 1349 1334 est
1393 1293 1500 1334 facta
1544 1292 1722 1341 mentio,
1770 1294 1821 1343 Q.
1860 1293 1999 1334 Aelius

243 1357 411 1398 Tubero
439 1354 518 1397 fuit
546 1354 619 1396 illo
649 1358 860 1409 tempore,
907 1356 955 1396 L.
983 1353 1114 1395 Paulli
1144 1368 1297 1408 nepos,
1345 1355 1459 1396 nullo
1491 1354 1532 1396 in
1563 1361 1775 1397 oratorum
1803 1369 1996 1404 numero,

243 1420 317 1461 sed
346 1419 431 1460 vita
460 1431 631 1459 severus
662 1421 702 1458 et
731 1430 964 1471 congruens
995 1430 1088 1457 cum
1120 1430 1169 1458 ea
1198 1416 1434 1472 disciplina,
1475 1431 1599 1472 quam
1630 1417 1813 1468 colebat;
1860 1417 2000 1474 paullo

245 1482 369 1523 etiam
400 1482 566 1531 durior3
611 1480 681 1534 qui
712 1477 883 1534 quidem
914 1480 957 1519 in
986 1480 1248 1522 triumviratu
1277 1480 1521 1522 iudicaverit
1551 1486 1696 1522 contra
1724 1484 1766 1522 P.
1802 1480 1998 1531 Africani,

195 1543 436 1586 2oavunculi
481 1542 569 1592 sui,
621 1542 926 1588 testimonium,
976 1544 1235 1584 vacationem
1281 1557 1479 1597 augures,
1531 1558 1613 1600 quo
1658 1545 1794 1585 minus
1837 1544 2001 1585 iudiciis

245 1620 415 1663 operam
447 1609 614 1654 darent,
653 1617 738 1646 non
767 1605 946 1645 habere:
996 1607 1070 1646 sed
1098 1611 1143 1646 ut
1171 1606 1275 1654 vita,
1319 1607 1378 1648 sic
1406 1608 1595 1648 oratione
1626 1608 1774 1653 durus,
1806 1606 1997 1652 incultus,

242 1671 454 1711 horridus.
515 1671 658 1723 Itaque
695 1668 926 1708 honoribus
962 1669 1166 1709 maiorum
1195 1668 1450 1724 respondere
1482 1682 1565 1710 non
1595 1670 1744 1724 potuit.
1805 1670 1898 1710 Fuit
1929 1683 2001 1710 au-

244 1738 328 1773 tem
359 1737 553 1773 constans
583 1731 682 1772 civis
715 1735 754 1771 et
782 1729 902 1771 fortis
933 1735 975 1771 et
1002 1731 1204 1785 imprimis
1236 1732 1424 1773 Graccho
1454 1732 1671 1779 molestus,
1704 1734 1816 1786 quod
1847 1733 2000 1773 indicat

246 1796 417 1836 Gracchi
458 1796 501 1835 in
545 1807 639 1835 eum
676 1795 826 1834 oratio.
889 1794 992 1834 Sunt
1035 1794 1159 1835 etiam
1199 1795 1241 1835 in
1281 1796 1511 1835 Gracchum
1551 1793 1798 1836 Tuberonis.
1855 1797 1893 1836 Is
1925 1793 2002 1835 fuit

194 1857 464 1900 2⁵medi0cris
503 1858 546 1898 in
586 1854 781 1904 dicendo,
827 1857 1089 1898 doctissimus
1134 1858 1175 1898 in
1219 1857 1483 1912 disputando,
1544 1860 1637 1902 118.
1684 1861 1786 1898 Tum
1825 1859 1998 1898 Brutus:

245 1922 379 1970 Quam
421 1923 502 1961 hoc
538 1918 647 1961 idem
686 1919 729 1959 in
768 1919 919 1959 nostris
958 1921 1197 1974 contingere
1237 1921 1447 1975 intelligo,
1496 1923 1608 1975 quod
1638 1922 1679 1961 in
1713 1919 1901 1962 Graecis!
1955 1925 2002 1960 ut

245 1998 388 2026 omnes
417 1983 505 2024 sere
537 1981 663 2024 Stoici
693 1980 1003 2035 prudentissimi
1034 1984 1076 2023 in
1107 1984 1349 2024 disserendo
1381 1985 1461 2024 sint
1491 1990 1533 2024 et
1557 1984 1597 2024 id
1620 1989 1707 2024 arte
1729 1982 1881 2023 faciant
1902 1981 2002 2023 sint-

244 2062 325 2104 que
356 2047 566 2089 architecti
595 2058 726 2101 paene
759 2043 1001 2092 verborum,
1032 2046 1158 2086 iidem
1189 2044 1366 2086 traducti
1396 2060 1419 2086 a
1440 2047 1686 2100 disputando
1709 2047 1761 2086 ad
1783 2043 2002 2086 dicendum

243 2110 390 2164 inopes
420 2109 697 2165 reperiantur.
759 2109 891 2149 Unum
923 2109 1083 2162 excipio
1117 2110 1334 2155 Catonem,
1365 2108 1406 2149 in
1436 2122 1518 2164 quo
1539 2108 1837 2164 perfectissimo
1861 2108 2000 2149 Stoico

194 2188 230 2213 ao
245 2187 446 2215 summam
479 2171 754 2226 eloquentiam
784 2184 870 2211 non
900 2171 1158 2218 desiderem,
1207 2185 1328 2225 quam
1361 2173 1551 2226 exiguam
1582 2171 1624 2212 in
1656 2173 1834 2220 Fannio,
1877 2186 1929 2212 ne
1960 2170 2002 2212 in

242 2235 395 2278 Rutilio
440 2234 608 2290 quidem
648 2246 861 2286 magnam,
913 2231 956 2272 in
1000 2234 1219 2273 Tuberone
1258 2233 1409 2274 nullam
1448 2235 1571 2275 video
1612 2233 1754 2275 fuisse.
1819 2236 1909 2275 119.
1948 2236 2002 2274 Et

243 2313 341 2353 ego,
381 2300 497 2345 Non,
541 2298 728 2350 inquam,
769 2297 918 2343 Brute,
952 2294 1040 2336 sine
1072 2309 1214 2343 causa,
1245 2302 1467 2350 propterea
1498 2296 1610 2350 quod
1640 2297 1814 2338 istorum
1843 2297 1885 2338 in
1916 2295 2001 2338 dia-

240 2359 398 2403 lecticis
429 2358 563 2401 omnis
595 2371 694 2398 cura
725 2357 1005 2406 consumitur,
1045 2371 1193 2410 vagum
1225 2358 1327 2399 illud
1359 2360 1559 2400 orationis
1591 2364 1630 2400 et
1659 2358 1794 2400 fusum
1826 2366 1866 2401 et
1895 2361 2001 2401 mul-

240 2423 369 2479 tiplex
397 2436 480 2464 non
510 2418 728 2461 adhibetur
759 2433 902 2473 genus.
963 2421 1073 2460 Tuus
1094 2426 1230 2461 autem
1251 2421 1500 2470 avunculus,
1534 2421 1882 2476 quemadmodum
1903 2423 1997 2471 scis,

192 2485 366 2528 ashabet
395 2499 419 2525 a
449 2484 598 2525 Stoicis
628 2484 690 2530 id,
738 2484 849 2536 quod
893 2480 943 2523 ab
984 2482 1064 2523 iilis
1103 2486 1329 2537 petendum
1369 2484 1468 2534 fuit;
1515 2487 1587 2526 sed
1629 2484 1766 2526 dicere
1806 2484 1949 2526 didicit
1977 2500 2001 2526 a

241 2548 407 2590 dicendi
436 2545 643 2600 magistris
678 2558 906 2600 eorumque
938 2559 1054 2587 more
1087 2560 1128 2587 se
1165 2547 1366 2588 exercuit.
1429 2549 1588 2597 Quodsi
1630 2549 1767 2588 omnia
1805 2562 1827 2588 a
1867 2547 2001 2603 philo-

240 2613 382 2666 sophis
425 2615 561 2652 essent
599 2607 799 2664 petenda,
850 2607 1223 2661 Peripateticorum
1259 2609 1456 2651 institutis
1487 2612 1745 2652 commodius
1773 2609 2001 2665 fingeretur

241 2676 390 2716 oratio.
453 2674 546 2714 120.
592 2673 684 2721 Quo
715 2671 844 2723 magis
878 2676 1011 2719 tuum,
1060 2674 1204 2720 Brute,
1236 2672 1434 2714 iudicium
1465 2675 1619 2728 probo,
1653 2675 1723 2727 qui
1754 2687 1925 2721 eorum,
1957 2675 1999 2715 id

241 2744 320 2785 est,
353 2751 405 2778 ex
435 2741 575 2778 vetere
605 2735 850 2781 Academia,
892 2733 1236 2789 philosophorum
1267 2741 1419 2777 sectam
1450 2742 1613 2777 secutus
1644 2751 1712 2785 es,
1747 2750 1925 2792 quorum
1956 2738 1998 2777 in

194 2812 226 2837 uo
242 2801 429 2841 doctrina
471 2804 593 2854 atque
629 2796 859 2851 praeceptis
890 2796 1119 2839 disserendi
1149 2800 1252 2839 ratio
1284 2800 1548 2853 coniungitur
1579 2813 1673 2840 cum
1704 2801 1905 2841 suavitate
1936 2799 1997 2840 di-

242 2861 361 2902 cendi
400 2866 440 2902 et
477 2862 618 2916 copia:
667 2873 916 2915 quamquam
958 2875 1005 2901 ea
1046 2862 1135 2916 ipsa
1174 2861 1540 2917 Peripateticorum
1572 2861 1997 2918 Academicorumque

241 2925 497 2966 consuetudo
529 2925 573 2964 in
602 2924 761 2965 ratione
793 2924 954 2963 dicendi
985 2925 1077 2965 talis
1109 2931 1193 2973 est,
1227 2932 1272 2965 ut
1303 2938 1377 2965 nec
1405 2923 1607 2979 perficere
1635 2931 1844 2968 oratorem
1865 2925 1998 2978 possit

240 2987 327 3040 ipsa
366 3001 440 3041 per
480 3002 571 3029 sese
609 3001 686 3028 nec
726 2985 814 3027 sine
855 3000 902 3027 ea
934 2992 1075 3028 orator
1107 3001 1195 3028 esse
1226 2987 1445 3043 perfectus.
1504 2990 1631 3037 Nam,
1684 2994 1729 3030 ut
1760 2989 1994 3029 Stoicorum

241 3050 478 3093 adstrictior
509 3055 571 3092 est
600 3050 733 3092 oratio
765 3048 1060 3105 aliquantoque
1091 3051 1364 3099 contractior,
1400 3063 1521 3105 quam
1554 3064 1674 3091 aures
1696 3049 1839 3106 populi
1859 3050 1997 3104 requi-

333 3243 365 3275 3.
393 3252 468 3274 cum
492 3244 522 3275 R
547 3248 580 3276 et
604 3245 723 3283 Libri,
751 3245 906 3276 nonnulli
935 3253 1057 3285 quom,
1087 3250 1123 3276 ut
1149 3245 1181 3276 h.
1207 3244 1228 3276 Ι.
1256 3246 1394 3282 scripsit
1417 3244 1466 3276 T:
1496 3253 1707 3286 quamquam
1733 3253 1811 3276 cum
1838 3243 1926 3274 Aido
1953 3244 1991 3274 E.

240 3289 364 3321 -19.
393 3290 573 3321 tribunatu
599 3292 1174 3331 Schuetziu5‚prob.E11endtio.
1219 3307 1252 3313 —
1297 3291 1352 3323 38.
1384 3292 1446 3324 Vv.
1474 3293 1510 3324 id
1535 3297 1607 3330 est,
1647 3299 1688 3323 ex
1718 3296 1830 3323 vetere
1863 3290 1994 3322 Acade-

236 3338 310 3370 mia
335 3336 503 3369 Lambino
529 3343 690 3378 suspecta
715 3339 935 3372 secluserunt
961 3339 987 3371 E
1016 3343 1050 3372 et
1075 3338 1117 3370 Τ.
