2117 3762
222 268 303 310 1024
1007 261 1221 304 ORATOR

223 379 361 417 autem
406 372 554 416 eodem
596 372 721 413 modo
758 381 903 410 omnes
941 380 1084 409 causas
1121 371 1247 422 ages?
1296 372 1366 410 aut
1403 366 1570 423 aliquod
1600 379 1816 408 causarum
1848 380 1977 421 genus

221 439 487 493 repudiabis?
536 439 606 477 aut
648 433 691 474 in
731 433 887 473 eisdem
929 430 1062 471 causis
1099 435 1346 486 perpetuum
1387 436 1428 471 et
1460 428 1636 471 eundem
1667 428 1856 484 spiritum
1887 429 1974 471 sine

222 500 308 543 ulla
338 496 660 541 commutatione
690 491 926 535 obtinebis?
975 492 1276 534 Demosthenes
1315 492 1503 548 quidem,
1553 493 1668 533 cuius
1709 504 1840 547 nuper
1870 492 1977 532 inter

222 563 423 616 imagines
462 566 551 601 tuas
581 572 628 598 ac
658 562 850 604 tuorum,
882 578 936 586 —
957 553 1069 611 quod
1100 569 1194 596 eum
1225 557 1348 596 credo
1380 568 1538 598 amares
1558 577 1628 602 —,
1660 567 1754 595 cum
1784 553 1836 594 ad
1864 558 1905 594 te
1933 554 1977 593 in

193 626 502 667 sTusculanum
543 619 772 668 venissem,
823 619 1046 671 imaginem
1076 632 1128 660 ex
1159 631 1254 659 aere
1283 617 1394 667 vidi,
1445 617 1548 659 nihil
1577 616 1723 672 Lysiae
1753 616 1977 658 subtilitate

224 689 351 735 cedit,
383 685 485 727 nihil
515 681 687 737 argutiis
718 687 759 723 et
787 681 976 722 acumine
998 679 1219 736 Hyperidi,
1251 679 1354 722 nihil
1379 681 1543 723 levitate
1564 679 1757 722 Aeschini
1780 685 1821 720 et
1842 679 1979 734 splen-

224 754 326 793 dore
356 749 598 790 verborum.
662 746 753 789 111.
785 744 936 786 Multae
968 749 1062 785 sunt
1082 742 1170 784 eius
1189 748 1299 785 totae
1321 744 1527 785 orationes
1549 743 1741 791 subtiles,
1771 747 1978 784 utcontra

223 812 465 866 Leptinem3
499 807 652 850 multae
682 812 792 848 totae
823 819 989 860 graves,
1021 810 1066 847 ut
1096 804 1297 859 quaedam
1327 807 1604 860 Philippicae;
1636 806 1791 848 multae
1820 805 1976 854 variae,

224 881 269 916 ut
315 877 457 914 contra
495 871 740 913 Aeschinem
770 868 914 910 falsae
959 867 1201 922 legationis,
1249 875 1294 910 ut
1343 875 1487 910 contra
1527 871 1702 911 eundem
1743 882 1818 924 pro
1858 881 1979 909 causa

175 948 211 975 10
227 935 520 991 Ctesiphontis.
579 936 665 975 Iam
701 932 802 974 illud
842 932 1024 972 medium
1062 929 1227 985 quotics
1267 930 1355 972 vult
1393 930 1540 984 arripit
1581 937 1622 972 et
1665 946 1690 972 a
1734 930 1979 985 gravissimo

226 997 440 1041 discedens
486 1010 535 1038 eo
588 996 853 1052 potissimum
899 993 1116 1037 delabitur.
1193 993 1405 1034 Clamores
1449 999 1584 1034 tamen
1629 999 1716 1034 tum
1755 998 1897 1033 movet
1941 997 1982 1032 et

223 1068 311 1103 tum
342 1061 385 1102 in
416 1058 591 1102 dicendo
622 1058 849 1113 plurimum
880 1055 1026 1105 efficit,
1073 1069 1165 1097 cum
1197 1055 1408 1109 gravitatis
1439 1055 1541 1096 locis
1571 1057 1711 1100 utitur.
1772 1058 1864 1096 112.
1900 1054 1982 1097 Sed

225 1123 277 1166 ab
316 1122 394 1165 hoc
434 1135 658 1178 parumper
698 1119 916 1168 abeamus,
962 1117 1299 1174 quandoquidem
1340 1120 1391 1159 de
1432 1131 1603 1172 genere,
1653 1132 1737 1158 non
1767 1118 1818 1160 de
1849 1118 1982 1160 homi-

225 1202 305 1236 ne,
348 1187 612 1241 quaerimus:
658 1184 719 1225 rei
750 1182 913 1237 potius,
954 1183 997 1223 id
1026 1187 1106 1230 est,
1149 1180 1411 1236 eloquentiae
1450 1180 1533 1221 vim
1564 1186 1604 1222 et
1632 1187 1820 1223 naturam
1852 1181 1983 1235 expli-

175 1265 210 1292 ιε
228 1262 380 1291 cemus.
448 1247 556 1289 Illud
605 1252 769 1295 tamen,
817 1246 930 1301 quod
973 1245 1053 1285 iam
1102 1248 1195 1284 aute
1239 1243 1443 1291 diximus,
1494 1243 1824 1292 meminerimus,
1878 1243 1982 1285 nihil

225 1326 303 1354 nos
347 1310 631 1367 praecipiendi
677 1322 801 1350 causa
846 1322 936 1349 esse
983 1306 1165 1348 dicturos
1213 1311 1336 1361 atque
1380 1308 1436 1347 ita
1494 1305 1631 1360 potius
1686 1312 1874 1353 acturos,
1938 1311 1984 1347 ut

227 1374 530 1417 existimatores
580 1371 796 1415 videamur
849 1370 988 1425 loqui,
1042 1383 1126 1411 non
1167 1370 1370 1423 magistri.
1432 1371 1478 1410 In
1520 1383 1602 1425 quo
1642 1374 1778 1410 tamen
1822 1368 1983 1423 longius

225 1437 540 1495 progredimur,
588 1437 700 1490 quod
735 1434 924 1476 videmus
969 1446 1052 1474 non
1098 1438 1137 1473 te
1183 1434 1284 1473 haec
1329 1433 1463 1474 solum
1510 1446 1600 1474 esse
1643 1433 1873 1480 lecturum,
1915 1433 1983 1489 qui

228 1516 277 1543 ea
321 1502 451 1542 multo
499 1512 622 1554 quam
666 1511 764 1544 nos,
830 1495 902 1551 qui
949 1496 1065 1550 quasi
1121 1497 1271 1536 docere
1319 1496 1555 1544 videamur,
1603 1493 1758 1536 habeas
1796 1496 1981 1545 notiora;

177 1579 213 1606 ’.ὀ
229 1566 302 1606 sed
331 1563 440 1605 hunc
469 1561 622 1603 librum
653 1560 813 1602 etiamsi
844 1558 980 1600 minus
1018 1562 1159 1600 nostra
1197 1558 1578 1606 commendatione,
1627 1563 1698 1599 tuo
1737 1562 1875 1598 tamen
1911 1570 1987 1599 no-

227 1629 338 1669 mine
368 1625 573 1680 divulgari
603 1637 772 1666 necesse
803 1628 876 1666 est.

341 1691 516 1732 XXXII.
549 1690 643 1729 113.
690 1690 792 1729 Ε556
822 1685 949 1741 igitur
977 1685 1161 1741 perfecte
1192 1683 1424 1740 eloquentis
1454 1689 1579 1738 puto,
1619 1697 1702 1725 non
1733 1697 1822 1725 eam
1853 1683 1985 1726 solum

227 1753 463 1796 facultatem
492 1753 668 1797 habere,
701 1764 807 1805 quae
839 1750 890 1790 sit
920 1748 1007 1790 eius
1027 1749 1221 1803 propria,
1253 1748 1344 1788 fuse
1364 1747 1527 1802 lateque
1550 1746 1737 1794 dicendi,
1769 1749 1841 1788 sed
1862 1746 1986 1788 etiam

226 1817 403 1861 vicinam
436 1816 524 1857 eius
555 1820 679 1868 atque
710 1812 926 1853 finitimam
956 1810 1269 1852 dialecticorum
1307 1809 1519 1852 scientiam
1549 1823 1774 1852 assumere.
1834 1811 1989 1860 Quam-

177 1893 214 1920 25
230 1894 351 1939 quam
381 1879 493 1921 aliud
524 1877 689 1919 videtur
720 1874 854 1916 oratio
886 1887 999 1923 esse,
1051 1873 1161 1915 aliud
1192 1873 1434 1927 disputatio,
1482 1886 1557 1915 nec
1589 1872 1699 1914 idem
1728 1873 1843 1929 loqui
1874 1887 1986 1919 esse,

229 1946 341 2001 quod
372 1942 532 1991 dicere;
583 1944 763 1981 attamen
798 1943 1025 1992 utrumque
1061 1936 1103 1977 in
1135 1935 1376 1978 disserendo
1409 1941 1482 1977 est.
1540 1935 1783 1991 Disputandi
1813 1937 1918 1977 ratio
1949 1941 1989 1977 et

228 2005 427 2064 loquendi
467 2002 775 2045 dialecticorum
815 2002 890 2050 sit;
935 2005 1150 2040 oratorum
1189 2004 1327 2040 autem
1368 1998 1530 2040 dicendi
1562 2005 1602 2040 et
1623 1997 1816 2040 ornandi.
1876 2002 1986 2040 Zeno

230 2070 399 2127 quidem
429 2067 521 2115 ille,
553 2079 575 2106 a
597 2078 678 2120 quo
711 2063 924 2119 disciplina
955 2063 1189 2104 Stoicorum
1220 2066 1306 2110 est,
1339 2075 1464 2102 manu
1495 2063 1780 2102 demonstrare
1811 2060 1985 2110 solebat,

230 2134 331 2188 quid
361 2134 470 2173 inter
498 2131 570 2170 has
602 2132 712 2168 artes
740 2127 974 2167 interesset.
1035 2126 1139 2165 Nam
1169 2137 1262 2164 cum
1293 2128 1593 2179 compresserat
1613 2121 1764 2176 digitos
1784 2136 1990 2177 pugnum-

180 2208 216 2234 ³0
232 2208 311 2251 que
341 2192 521 2240 fecerat,
554 2190 811 2231 dialecticam
843 2189 978 2229 aiebat
1009 2187 1214 2228 eiusmodi
1245 2200 1360 2235 esse3
1406 2200 1499 2226 cum
1529 2192 1667 2227 autem
1700 2185 1920 2227 diduxerat
1949 2191 1990 2227 et

230 2269 398 2299 manum
443 2253 712 2301 dilataverat,
765 2251 926 2305 palmae
973 2248 1082 2290 illius
1128 2248 1304 2290 similem
1349 2248 1627 2304 eloquentiam
1672 2262 1762 2290 esse
1809 2248 1986 2290 dicebat.

233 2321 328 2361 114.
373 2320 508 2371 Atque
546 2317 670 2356 etiam
708 2320 801 2355 ante
837 2316 945 2354 hunc
981 2311 1223 2352 Aristoteles
1268 2311 1471 2366 principio
1503 2311 1602 2353 artis
1631 2310 1861 2352 rhetoricae
1892 2313 1991 2352 dicit

229 2383 341 2424 illam
363 2385 492 2422 artem
515 2379 633 2433 quasi
664 2392 716 2418 ex
747 2376 873 2417 altera
903 2381 1019 2428 parte
1051 2375 1303 2429 respondere
1335 2375 1612 2422 dialecticac,-
1633 2380 1679 2416 ut
1699 2373 1778 2416 hoc
1799 2374 1990 2416 videlicet

232 2444 424 2487 disserant
452 2442 562 2483 inter
591 2454 657 2489 56,
706 2438 817 2494 quod
846 2438 949 2480 haec
977 2438 1084 2478 ratio
1117 2436 1280 2478 dicendi
1310 2436 1434 2478 latior
1463 2438 1534 2485 sit,
1566 2436 1636 2478 illa
1664 2436 1864 2491 loquendi
1894 2450 1991 2479 con-

181 2508 416 2550 astractior.
473 2504 579 2548 Volo
614 2502 739 2557 igitur
778 2502 873 2542 huic
917 2513 1078 2542 summo
1120 2513 1313 2546 omnem,
1365 2513 1470 2554 quae
1513 2499 1564 2541 ad
1609 2499 1829 2541 dicendum
1882 2501 1989 2541 trahi

231 2570 386 2625 possit,
428 2565 626 2622 loquendi
664 2565 867 2606 rationem
906 2577 996 2604 esse
1035 2568 1199 2612 notam;
1254 2576 1359 2617 quae
1390 2564 1558 2618 quidem
1587 2576 1672 2611 reS,
1715 2561 1826 2618 quod
1856 2568 1896 2603 te
1926 2561 1989 2603 his

232 2635 391 2675 artibus
421 2631 628 2671 eruditum
658 2627 828 2669 minime
859 2625 977 2673 fallit,
1011 2624 1217 2680 duplicem
1248 2624 1393 2666 habuit
1423 2625 1601 2666 docendi
1630 2626 1753 2666 viam.
1814 2627 1917 2666 Nam
1951 2632 1991 2666 et

232 2697 321 2752 ipse
350 2693 594 2735 Aristoteles
624 2689 792 2731 tradidit
821 2694 1042 2744 praecepta
1080 2689 1259 2743 plurima
1298 2687 1529 2729 disserendi
1560 2693 1600 2728 et
1628 2695 1772 2743 postea
1803 2689 1874 2743 qui
1904 2689 1991 2729 dia-

323 2841 357 2871 2.
387 2839 513 2871 eisdem
538 2836 604 2868 Gu.
631 2836 665 2866 2.
693 2833 756 2866 3.:
786 2834 906 2865 iisdem
932 2841 1009 2866 cum
1036 2833 1109 2864 aliis
1136 2834 1174 2865 E.
1205 2851 1245 2855 —
1274 2834 1307 2865 5.
1335 2834 1525 2865 subtilitati
1550 2833 1647 2865 Eins.
1668 2833 1718 2868 Ι),
1748 2832 1813 2864 Gu.
1844 2837 1925 2865 tres.
1948 2850 1986 2856 —-

236 2889 268 2920 6.
297 2887 447 2919 acumini
474 2885 571 2916 Eins.
600 2883 661 2914 Dr.
691 2881 759 2913 Gu.
788 2882 821 2911 1.
852 2881 885 2910 2.
920 2897 953 2902 —
983 2879 1121 2910 levitate
1147 2881 1234 2912 Ven.
1263 2889 1357 2913 see-z
1404 2881 1537 2912 levitati
1564 2880 1658 2911 Eins.
1688 2881 1775 2912 Ven.
1805 2888 1880 2918 pr.‚
1909 2880 1990 2910 leni-

235 2938 305 2966 tate
332 2942 409 2965 cum
434 2932 509 2964 aliis
535 2931 606 2962 RE.
639 2945 677 2951 -
720 2928 754 2959 S.
784 2927 911 2958 multae
937 2930 967 2958 et
993 2930 1085 2958 totae
1110 2927 1180 2958 Vit.
1218 2928 1312 2958 Eins.
1342 2927 1440 2959 Mon-
1479 2926 1544 2957 Gu.
1573 2927 1606 2957 2.
1636 2927 1679 2957 R.
1723 2925 1781 2966 (Ut
1807 2936 1892 2963 ηος,
1920 2926 1981 2956 Dr.

235 2981 301 3012 Gu.
331 2982 363 3011 1.
392 2979 442 3016 3.)
467 2994 508 3000 —
545 2978 601 3009 11.
632 2975 836 3007 descendens
862 2973 1067 3010 Sebuinus,
1106 2974 1205 3012 prob.
1235 2975 1371 3006 Beiero.
1413 2988 1440 2993 -
1486 2973 1542 3004 12.
1571 2974 1789 3013 yravissimis
1813 2973 1843 3004 A
1869 2974 1990 3004 ceteri-

237 3037 305 3066 que
332 3025 542 3065 interpolati.
572 3041 613 3046 —
639 3023 695 3054 15.
737 3021 825 3052 nihil
863 3021 958 3051 Eins.
990 3020 1057 3052 Gu.
1087 3021 1119 3051 1.
1147 3021 1197 3052 R:
1230 3021 1281 3051 nil
1309 3021 1348 3052 E.
1376 3036 1419 3041 —
1446 3020 1501 3050 16.
1531 3028 1598 3051 esse
1624 3020 1775 3052 dicturos
1800 3019 1868 3051 vn.
1892 3019 1987 3050 Eins.

238 3075 306 3106 Gu.
334 3073 367 3103 2.
397 3072 465 3103 Erl.
495 3072 548 3103 R:
576 3070 731 3102 dicturos
758 3066 843 3108 (om.
873 3066 953 3106 esse)
981 3066 1047 3098 Gu.
1078 3067 1111 3098 3.
1140 3067 1180 3098 E.
1210 3083 1249 3088 -
1278 3067 1334 3098 17.
1363 3067 1614 3097 existimatorie
1639 3069 1681 3098 Α.
1709 3080 1750 3087 -
1791 3067 1989 3107 magisterio

237 3122 281 3153 Α.
311 3134 349 3140 -
393 3119 449 3150 17.
479 3118 615 3160 lonqius
641 3124 741 3155 saepe
766 3114 1010 3155 progredimur
1036 3114 1115 3145 Vet.
1146 3113 1267 3152 steph.
1298 3114 1356 3144 Dr.
1386 3112 1453 3144 Gu.
1483 3119 1569 3148 tres.
1600 3113 1669 3145 Erl.
1701 3129 1737 3135 —
1783 3113 1839 3143 18.
1868 3113 1925 3153 qui
1949 3121 1989 3142 ea

240 3167 362 3198 docere
387 3165 544 3196 videmur
568 3166 618 3201 A,
646 3164 704 3204 qui
728 3171 767 3194 ea
794 3161 911 3192 docere
935 3161 1117 3193 videamur
1143 3160 1264 3191 Lamb.
1280 3183 1288 3195 ‚
1316 3161 1373 3201 qui
1399 3161 1496 3200 quasi
1522 3159 1662 3190 edocere
1686 3159 1864 3191 videamur
1884 3159 1924 3188 R.
1948 3174 1985 3180 -

239 3213 298 3245 23.
329 3219 368 3241 ac
393 3211 462 3242 Vit.
490 3212 589 3243 Mon.
616 3209 737 3241 Lamb.
764 3208 887 3241 Peter,
916 3211 946 3238 et
974 3207 1040 3239 Gu.
1064 3209 1122 3245 1.,
1150 3216 1218 3238 om.
1247 3207 1287 3237 R.
1333 3207 1390 3245 (Ut
1426 3215 1487 3237 nos
1505 3229 1513 3243 ‚
1557 3206 1665 3242 Eins.)
1706 3221 1745 3227 —
1788 3206 1844 3236 24.
1873 3204 1988 3235 oracio

242 3263 325 3295 (om.
353 3257 431 3295 esse)
459 3257 552 3289 Eins.
584 3274 620 3280 —
648 3256 744 3296 loqui
770 3255 850 3295 (om.
879 3252 958 3287 esse)
985 3254 1052 3285 Gu.
1076 3254 1109 3285 3.
1134 3269 1172 3276 -
1201 3253 1257 3283 29.
1285 3253 1482 3283 huiusmodi
1510 3253 1601 3284 Eius.
1629 3253 1726 3284 Mon.
1756 3252 1821 3284 Gu.
1841 3251 1872 3282 2.
1894 3251 1927 3281 3.
1946 3266 1986 3271 -

243 3306 300 3338 34.
329 3303 422 3336 trahi
448 3310 525 3335 cum
552 3304 647 3335 libris
674 3303 726 3333 R:
756 3301 851 3332 tradi
878 3309 954 3332 eum
982 3301 1070 3333 Ven.
1098 3308 1150 3340 pr.
1179 3300 1218 3331 Ε.
1249 3315 1287 3321 -
1317 3299 1372 3331 36.
1400 3299 1518 3331 habuit
1544 3299 1614 3331 Vit.
1643 3300 1737 3331 Eius.
1766 3299 1827 3329 Dr.
1857 3296 1923 3328 Gu.
1953 3296 1985 3327 1.

243 3353 277 3386 2.
303 3351 399 3386 Mon.
427 3349 482 3381 R:
510 3350 608 3383 habet
630 3349 710 3382 Vet.
739 3348 860 3388 steph.
891 3347 958 3380 Gu.
985 3346 1019 3380 3.
1047 3348 1087 3379 Ε.
