2117 3762
206 189 286 229 1298
734 179 1035 224 ORATORIAE
1065 177 1415 219 PARTITIONES

205 292 372 335 definiat
403 304 568 333 omnem
600 287 739 331 iudicii
770 284 1045 341 corruptelam
1078 285 1127 325 ab
1148 296 1250 332 re0,
1285 281 1478 324 defensor
1508 286 1645 323 autem
1675 296 1760 324 non
1789 296 1956 325 omnem

203 355 277 397 sed
308 355 593 396 tantummodo
623 350 873 392 accusatoris
905 345 1183 400 corruptelam
1214 346 1264 385 ab
1296 359 1395 394 reo,
1429 344 1480 386 sit
1501 357 1602 399 ergo
1622 345 1726 386 haec
1746 348 1955 388 contentio

202 417 335 472 prima
371 418 616 463 verborum,
669 415 711 453 in
753 426 855 467 qua,
905 407 1064 450 etiamsi
1102 409 1274 460 propius
1314 407 1483 450 accedat
1521 410 1573 449 ad
1612 408 1955 451 consuetudinem

202 485 464 534 mentemque
495 475 695 519 sermonis
727 473 956 515 defensoris
988 468 1196 517 definitio,
1229 476 1366 512 tamen
1395 476 1611 513 accusator
1630 470 1830 513 sententia
1852 471 1956 524 legis

173 543 368 592 snititur3
421 543 512 581 125.
555 543 677 591 negat
716 537 824 578 enim
864 532 1035 588 probari
1072 537 1269 587 oportere
1300 546 1398 582 eos,
1445 536 1514 589 qui
1545 533 1658 588 leges
1688 533 1954 587 scripserint,

202 610 333 645 ratum
364 601 515 644 habere
546 600 768 647 iudicium,
800 598 834 639 si
864 602 995 638 totum
1027 599 1270 650 corruptum
1302 594 1376 645 sit;
1419 595 1454 637 si
1482 611 1589 637 unus
1621 602 1836 638 accusator
1865 608 1958 636 cor-

200 671 346 719 ruptus
376 665 448 712 sit,
494 663 749 712 rescindere3
800 660 829 712 ’ἷ-
859 660 1003 700 nititur
1033 656 1264 712 aequitate:
1315 662 1362 698 ut
1390 657 1460 698 illa
1490 658 1606 714 quasi
1638 658 1857 700 scribenda
1885 657 1957 700 lex

200 730 257 770 sic
287 731 412 773 esset,
446 739 635 781 quaeque
666 730 803 765 tamen
836 720 1187 776 complecteretur
1216 720 1257 760 in
1287 718 1451 761 iudiciis
1481 722 1709 777 corruptis,
1744 734 1794 762 ea
1823 721 1955 762 verbo

198 805 279 832 uno
310 788 671 845 praevaricationis
692 784 1054 840 comprehendisse
1076 780 1247 833 dicitur3
1283 784 1375 824 126.
1407 781 1602 825 defensor
1621 790 1760 825 autem
1782 787 1956 824 testatur

149 873 184 898 10
199 850 536 895 consuetudinem
566 850 767 891 sermonis
798 848 1001 899 verbique
1033 843 1115 885 vim
1147 857 1201 885 ex
1229 845 1439 887 contrario
1471 846 1621 899 repetit
1644 848 1759 901 quasi
1782 859 1835 887 ex
1854 857 1955 887 vero

197 920 453 961 accusatore,
485 912 551 954 cui
571 911 824 953 contrarium
847 913 908 950 est
928 920 1079 948 nomen
1100 907 1475 962 praevaricatoris3
1509 921 1561 949 ex
1581 905 1954 964 consequentibus,

198 980 306 1032 quod
338 991 386 1018 ea
416 976 554 1017 littera
583 973 633 1015 de
665 976 904 1014 accusatore
936 970 1068 1011 soleat
1099 970 1188 1010 dari
1217 968 1370 1020 iudici;
1419 985 1471 1011 ex
1500 972 1669 1012 nomine
1699 971 1810 1027 ipso,
1844 972 1956 1027 quod

196 1038 395 1094 significat
425 1051 544 1086 eum,
578 1037 647 1091 qui
668 1037 710 1076 in
730 1032 948 1075 contrariis
979 1030 1112 1073 causis
1144 1034 1259 1086 quasi
1289 1035 1404 1075 varie
1436 1047 1526 1075 esse
1557 1033 1717 1087 positus
1746 1035 1952 1075 videatur.

195 1102 275 1144 Sed
315 1102 411 1143 huic
451 1107 588 1142 tamen
625 1098 703 1153 ipsi
743 1095 1066 1149 confugiendum
1109 1099 1172 1135 est
1210 1096 1262 1136 ad
1301 1095 1520 1150 aequitatis
1549 1095 1686 1144 locos,
1733 1097 1784 1137 ad
1814 1109 1953 1137 rerum

144 1183 179 1208 15
193 1165 465 1206 iudicatarum
496 1163 806 1208 auctoritatem,
853 1160 905 1200 ad
943 1156 1066 1198 finem
1106 1158 1287 1213 aliquem
1318 1157 1515 1212 periculi;
1568 1170 1871 1213 communeque
1901 1157 1955 1199 sit

192 1226 271 1268 hoc
301 1231 589 1283 praeceptum,
636 1229 703 1273 ut,
748 1236 841 1263 cum
878 1226 1055 1275 uterque
1087 1218 1296 1261 definierit
1325 1234 1450 1275 quam
1480 1219 1662 1262 maxime
1691 1219 1874 1276 potuerit
1902 1218 1956 1261 ad

194 1303 454 1331 communem
496 1301 659 1330 sensum
698 1284 866 1339 vimque
905 1284 1053 1331 verbi,
1106 1288 1193 1323 tum
1225 1281 1428 1324 similibus
1461 1282 1746 1338 exemplisque
1779 1296 1952 1331 eorum,

192 1352 262 1408 qui
300 1354 356 1393 ita
385 1351 511 1393 locuti
542 1355 656 1398 sunt,
698 1362 815 1390 suam
854 1345 1139 1388 definitionem
1185 1345 1514 1400 sententiamque
1556 1344 1786 1387 confirmet.
1860 1346 1955 1386 127.

190 1417 324 1470 Atque
355 1413 580 1455 accusatori
609 1412 651 1454 in
682 1412 762 1452 hoc
792 1422 942 1465 genere
973 1422 1192 1450 causarum
1221 1408 1338 1450 locus
1369 1408 1439 1450 ille
1471 1407 1729 1457 communis,
1781 1406 1954 1449 minime

140 1495 177 1521 20
192 1491 281 1518 esse
313 1474 639 1522 concedendum,
672 1478 718 1514 ut
747 1474 808 1521 is,
843 1470 912 1527 qui
946 1473 996 1512 de
1028 1484 1075 1512 re
1102 1469 1369 1521 confiteatur,
1402 1470 1520 1514 verbi
1541 1485 1586 1513 se
1609 1471 1953 1527 interpretatione

191 1538 406 1587 defendat;
451 1537 645 1580 defensor
675 1541 810 1578 autem
844 1540 885 1576 et
915 1547 982 1582 ea,
1030 1547 1153 1589 quam
1181 1535 1406 1590 proposui,
1453 1535 1660 1589 aequitate
1698 1535 1853 1575 nitatur
1882 1537 1951 1582 et,

191 1616 240 1644 ea
269 1616 361 1643 cum
393 1613 530 1642 secum
560 1599 705 1646 faciat,
736 1612 820 1640 non
850 1611 897 1638 re
930 1598 1001 1638 sed
1033 1595 1328 1651 depravatione
1359 1598 1479 1638 verbi
1510 1611 1554 1638 se
1575 1598 1715 1652 urgeri
1737 1600 1949 1651 queratur.

191 1667 284 1716 Quo
324 1665 368 1706 in
406 1677 558 1718 genere
595 1674 844 1718 percensere
882 1657 1037 1713 poterit
1075 1658 1300 1714 plerosque
1331 1658 1572 1701 inveniendi
1601 1659 1741 1711 locos3
1785 1672 1882 1700 nam
1912 1663 1954 1699 et

190 1728 390 1770 similibus
435 1731 573 1768 utetur
613 1731 654 1766 et
693 1724 910 1766 contrariis
954 1726 995 1763 et
1031 1723 1409 1776 consequentibus,
1461 1736 1712 1778 quamquam
1751 1727 1949 1777 uterque,

138 1798 325 1836 25133163
355 1803 471 1838 reus,
517 1788 596 1830 nisi
627 1789 751 1842 plane
784 1786 862 1828 erit
892 1783 1073 1826 absurda
1104 1798 1245 1833 63353,
1292 1783 1567 1840 frequentius.
1631 1787 1725 1826 128.
1766 1781 1953 1839 Amplifi-

189 1856 307 1897 candi
348 1859 482 1894 autem
523 1865 665 1899 causa,
712 1863 839 1905 quae,
886 1853 956 1889 aut
993 1860 1086 1889 cum
1119 1847 1402 1901 digredientur
1431 1862 1455 1890 a
1487 1861 1632 1897 causa,
1678 1846 1760 1889 dici
1790 1847 1950 1895 solent,

189 1924 259 1960 aut
279 1931 371 1959 cum
392 1917 671 1970 perorabunt,
703 1913 806 1955 haec
826 1913 893 1953 vel
914 1912 966 1952 ad
987 1911 1128 1952 odium
1149 1910 1216 1952 vel
1241 1912 1291 1952 ad
1322 1912 1651 1953 misericordiam
1682 1909 1750 1953 vel
1780 1908 1952 1952 omnino

189 1983 240 2022 ad
270 1979 428 2022 animos
458 1977 640 2018 iudicum
671 1974 900 2017 movendos
932 1988 986 2015 ex
1016 1973 1094 2022 iis,
1137 1987 1241 2028 quae
1273 1979 1368 2014 sunt
1397 1979 1491 2016 ante
1520 1975 1676 2028 posita,
1709 1976 1949 2021 sumentur,

189 2044 222 2084 si
242 2044 366 2084 modo
386 2053 526 2082 rerum
560 2037 800 2093 magnitudo
832 2035 1103 2078 hominumve
1130 2041 1201 2077 aut
1219 2035 1374 2078 invidia
1397 2041 1467 2078 aut
1498 2035 1676 2091 dignitas
1706 2033 1948 2090 postulabit.

138 2123 175 2148 ao
298 2104 509 2145 XXXVII.
545 2104 637 2143 129.
691 2102 736 2142 C.
772 2102 815 2141 F.
859 2101 1003 2142 Habeo
1036 2102 1135 2151 ista;
1184 2114 1292 2141 nunc
1323 2113 1389 2148 63,
1423 2113 1555 2155 quae,
1603 2113 1715 2146 cum,
1748 2097 1869 2154 quale
1899 2097 1953 2138 sit

190 2166 424 2222 quidpiam,
471 2167 745 2220 disceptatur,
795 2163 942 2219 quaeri
976 2177 1029 2204 ex
1058 2169 1234 2218 utraque
1265 2167 1384 2216 parte
1417 2164 1583 2211 deceat,
1630 2161 1757 2203 velim
1787 2158 1948 2202 audire.

190 2233 231 2272 C.
254 2231 299 2270 P.
334 2227 588 2270 Confitentur
618 2228 660 2269 in
691 2227 772 2269 isto
804 2240 981 2280 genere,
1016 2226 1087 2282 qui
1107 2231 1358 2279 arguuntur,
1390 2239 1433 2267 se
1464 2225 1507 2267 id
1535 2223 1684 2266 secisse
1713 2224 1871 2280 ipsum,
1903 2221 1949 2264 in

188 2305 270 2348 quo
314 2290 697 2348 reprehenduntur3
750 2289 840 2338 sed,
892 2290 1088 2344 quoniam
1130 2290 1222 2330 iure
1261 2301 1305 2329 se
1346 2286 1495 2330 fecisse
1536 2287 1700 2337 dicunt,
1746 2285 1850 2328 iuris
1888 2289 1952 2327 est

280 2431 314 2461 2.
342 2429 575 2468 corruptelam
598 2429 790 2469 profectam
817 2427 859 2459 ab
884 2435 943 2459 reo
970 2427 1018 2466 Y,
1047 2426 1158 2460 Oxon.
1187 2427 1287 2460 alter.
1316 2425 1396 2466 (Ed.
1417 2425 1522 2467 Ven.)
1542 2443 1583 2449 -
1610 2426 1646 2459 5.
1672 2430 1793 2460 utetur
1809 2421 1884 2458 RV.
1903 2440 1949 2447 —-

190 2478 398 2517 scripserunt
415 2476 488 2513 RV,
516 2478 564 2507 uti
593 2476 743 2508 edebant
769 2479 848 2506 3316
875 2474 958 2507 Ern.
987 2474 1046 2515 (Ut
1071 2483 1146 2514 nos,
1174 2472 1232 2515 B.)
1251 2491 1291 2496 —
1317 2475 1354 2507 7.
1381 2475 1569 2506 nititur--
1588 2472 1731 2515 dicitur]
1759 2473 1816 2505 Sic
1835 2472 1949 2505 Aldus

193 2529 227 2556 61
252 2526 356 2556 ceteri
382 2523 550 2555 Lambino
578 2528 722 2561 excepto
748 2531 862 2562 usque
890 2522 933 2554 ad
960 2521 1174 2554 Schmzium.
1201 2522 1316 2554 Locus
1344 2521 1445 2555 foede
1472 2525 1659 2561 corruptus
1685 2528 1752 2554 366
1776 2522 1852 2552 5136
1877 2528 1950 2552 316-

191 2571 332 2603 lioribus
360 2569 470 2601 Codd.
499 2569 747 2601 restituendus.
799 2570 993 2602 Varietates
1020 2573 1218 2601 nostrorum
1246 2569 1310 2600 1136
1337 2574 1440 2602 sunt:
1468 2570 1643 2609 aequitate
1665 2568 1820 2600 utilitate
1838 2566 1947 2604 YRV,

192 2617 302 2650 Oxon.
330 2617 415 2649 alter
441 2614 501 2656 (ita
526 2620 563 2648 ut
587 2625 640 2648 vv.
668 2620 706 2647 ut
731 2616 793 2647 illa
820 2621 983 2656 corrupta
1009 2618 1078 2648 sint
1103 2625 1143 2649 ex
1169 2626 1201 2649 v.
1228 2615 1408 2657 utilitate.)
1433 2633 1478 2637 —
1503 2615 1538 2650 8.
1563 2624 1695 2656 quoque
1721 2619 1794 2646 tum
1819 2613 1945 2654 compl.

190 2663 234 2694 R.
263 2664 335 2695 Iam
360 2663 480 2695 Lamb.
509 2664 632 2702 partim
660 2672 699 2695 ex
724 2663 937 2698 Ranconeti,
967 2665 1090 2703 partim
1111 2672 1151 2695 ex
1170 2665 1310 2702 propria
1329 2665 1420 2695 coni.
1444 2663 1657 2695 rescindere:
1683 2662 1813 2693 nititur
1829 2661 1950 2701 aequi-

192 2713 263 2741 tate
287 2714 317 2742 et
341 2711 519 2745 utilitate,-
556 2710 658 2749 quasi
691 2710 871 2741 scribenda
909 2711 964 2742 leae
996 2711 1045 2741 sic
1081 2714 1194 2741 esset:
1234 2709 1303 2748 Qvt
1327 2718 1466 2742 ινυιειΑ
1491 2716 1797 2742 ΑεενεΑΤοιτΕΜνΕ
1822 2716 1950 2740 connv-

192 2765 320 2788 PERl'l':
346 2763 566 2798 quaecunque
591 2760 707 2787 tamen
733 2758 1016 2796 complecteretur
1040 2765 1193 2788 tvmcus
1217 2765 1433 2796 coamens,
1470 2765 1511 2788 ea
1535 2755 1639 2787 verbo
1669 2764 1741 2787 urio
1761 2755 1948 2795 praevari-

195 2804 344 2834 cationis
382 2802 675 2842 comprehendisse
709 2802 806 2834 dicit.
859 2804 946 2836 Mihi
982 2803 1062 2835 olim
1097 2805 1131 2836 in
1166 2808 1319 2836 mentem
1352 2806 1472 2838 venit,
1516 2802 1609 2843 quod
1644 2807 1760 2836 tamen
1803 2803 1947 2834 minime

193 2853 349 2887 praesto:
392 2849 609 2881 rescindere:
651 2849 781 2880 nititur
806 2852 1003 2891 aequitate,
1029 2851 1205 2889 utilitate;
1239 2851 1342 2890 quasi
1365 2849 1549 2883 scribenda
1575 2850 1629 2881 lea:
1651 2852 1699 2881 sic
1724 2852 1835 2882 esset:
1878 2848 1948 2889 Ωνι

191 2904 336 2927 unicas
361 2903 606 2931 σοιυῐνΡΕιῑιΉ
635 2904 806 2935 quamque
822 2898 892 2927 vim
917 2896 1096 2938 (δύναμιν
1113 2920 1122 2932 ,
1151 2895 1455 2938 significationem)
1475 2896 1785 2935 complecterentur
1801 2893 1945 2936 (Latini)

191 2944 229 2973 in
253 2950 401 2973 ri'ntcns
427 2950 617 2974 coamens
632 2966 641 2978 ,
681 2951 756 2973 eam
780 2943 882 2975 verbo
908 2952 979 2974 uno
1004 2952 1348 2977 PRAEVAMCAHONJS
1373 2943 1668 2983 comprehendisse
1693 2941 1832 2985 (legem)
1859 2942 1947 2974 dicit

192 2987 411 3029 (accusator).
442 3005 496 3035 ⁹-
538 2988 571 3019 9.
611 2992 761 3020 testatur
799 2991 922 3022 ceteris
959 2998 1037 3022 cum
1064 2991 1158 3023 libris
1185 2991 1268 3022 RV:
1313 2991 1498 3023 testabitur
1523 2990 1550 3021 E
1579 2992 1672 3023 coni.
1718 3007 1757 3014 —
1796 2990 1854 3021 10.
1892 2997 1947 3021 re-

187 3035 276 3074 petit
302 3035 364 3066 Ed.
391 3035 479 3067 Ven.
507 3034 686 3067 Norimb.:
722 3039 850 3076 repetet
879 3036 990 3068 Oxon.
1019 3037 1127 3076 alter,
1154 3038 1301 3079 reperiet
1324 3038 1426 3069 RVE.
1467 3054 1504 3061 —
1544 3037 1602 3068 11.
1624 3036 1946 3077 praevaricationis

191 3081 278 3119 RV,
308 3086 345 3112 nt
370 3082 459 3112 Edd.
488 3087 624 3120 praeter
650 3081 770 3114 Lamb.
797 3088 876 3114 ante
904 3084 985 3114 Ern.
1014 3084 1070 3124 (Ut
1097 3093 1180 3123 nos,
1208 3085 1257 3123 B,
1284 3084 1424 3124 Lamb.)
1453 3099 1494 3106 —
1521 3084 1577 3116 12.
1606 3081 1711 3126 quod]
1737 3084 1821 3124 quia
1838 3082 1881 3115 V.
1899 3099 1944 3105 —·

191 3128 303 3160 soleat
328 3131 449 3160 ceteris
478 3136 553 3159 cum
580 3128 674 3160 libris
693 3128 775 3160 RV:
804 3131 888 3161 solet
908 3130 933 3161 E
953 3132 1044 3161 coni.
1065 3146 1106 3155 —
1133 3131 1191 3163 13.
1219 3140 1304 3163 vare
1328 3131 1466 3165 volebat
1484 3130 1682 3169 Gesnerus,
1711 3130 1806 3171 quod
1825 3136 1942 3162 tamen

190 3183 223 3207 v.
252 3176 458 3206 auctoritate
485 3179 590 3207 caret.
618 3192 662 3196 —
701 3175 759 3206 20.
787 3177 992 3218 confiteatur
1017 3178 1057 3208 de
1082 3186 1120 3209 re
1145 3177 1186 3210 V.
1213 3192 1257 3201 —-
1296 3179 1583 3219 interpretatione
1607 3187 1643 3210 se
1666 3177 1709 3210 V.
1742 3192 1777 3199 ·-
1817 3176 1875 3209 21.
1902 3176 1943 3208 de

190 3231 232 3253 ea
256 3220 339 3257 RV,
369 3221 415 3252 ad
440 3229 481 3251 ea
505 3221 546 3251 Y.
579 3236 613 3241 --
641 3221 699 3252 26.
729 3222 841 3254 dicere
865 3223 979 3254 volent
1000 3224 1044 3254 -Y.
1075 3242 1112 3247 —
1142 3224 1197 3256 31.
1227 3224 1357 3266 deceat]
1384 3226 1494 3257 soleat
1517 3225 1560 3256 V.
1590 3242 1625 3248 —
1665 3224 1723 3256 32.
1750 3224 1943 3266 confitean-

189 3271 249 3299 tur
274 3267 346 3300 RV,
375 3284 415 3290 —
443 3266 500 3299 33.
527 3268 821 3307 reprehenduntur
847 3271 969 3303 ceteris
997 3278 1075 3303 cum
1102 3270 1195 3304 libris
1221 3272 1306 3305 RV:
1335 3271 1632 3313 reprehendantur
1657 3272 1685 3304 E
1712 3272 1804 3304 coni.
