2117 3762
712 267 810 307 LIB.
842 264 892 306 ΙΙ.
953 265 996 307 C.
1028 265 1096 307 43.
1130 265 1198 307 44.
1233 266 1300 309 45.
1804 273 1885 314 257

131 374 300 416 incitare
347 385 469 426 quam
513 384 776 413 commovere
823 370 1099 423 languentem.
1163 373 1233 414 Sin
1270 370 1313 414 id
1352 376 1422 414 aut
1462 385 1545 415 non
1582 373 1661 415 erit
1699 380 1769 417 aut
1808 380 1886 420 erit

132 437 373 483 obscurius,
426 436 530 476 sicut
570 432 730 475 medico
775 431 987 487 diligenti,
1040 436 1279 491 priusquam
1319 440 1493 477 conetur
1529 449 1655 490 aegro
1687 437 1886 481 adhibere

131 499 402 545 medicinam,
444 511 528 538 non
558 495 690 537 solum
722 493 892 536 morbus
925 499 1035 546 eius,
1079 499 1144 540 eui
1174 497 1332 539 mederi
1362 498 1494 548 volet,
1533 500 1604 540 sed
1636 500 1757 542 etiam
1790 515 1887 543 con-

131 562 306 603 suetudo
339 559 512 601 valentis
549 564 590 599 et
618 562 762 598 natura
793 561 979 613 corporis
1009 562 1297 614 cognoscenda
1338 567 1423 610 est,
1474 561 1531 604 sie
1569 563 1763 617 equidem
1794 578 1885 605 cnm

131 623 353 678 aggredior
392 624 432 663 in
469 620 637 674 ancipiti
669 634 790 661 causa
830 627 870 662 et
909 622 1024 674 gravi
1060 621 1112 664 ad
1142 623 1304 665 animos
1334 623 1516 666 iudicum
1548 625 1916 679 pertractandos‚s

131 687 244 729 omni
276 691 414 727 mente
445 686 486 725 in
516 697 565 724 ea
594 684 844 736 cogitatione
875 698 1053 739 curaque
1084 698 1252 734 versor,
1283 691 1328 726 ut
1359 688 1530 736 odorer‚
1561 702 1684 743 quam
1711 688 1890 743 sagacis-

131 751 234 790 sime
273 747 446 804 possim,
492 745 590 802 quid
629 747 828 794 sentiant,
874 746 973 801 quid
1016 746 1277 796 existiment,
1329 748 1427 804 quid
1474 756 1737 806 exspectent,
1785 753 1887 807 quid

131 811 278 859 velint,
323 823 404 865 quo
450 807 598 850 deduci
630 810 819 850 oratione
849 808 1043 850 facillime
1074 822 1197 865 posse
1227 808 1458 853 videantur.
1524 815 1618 856 187.
1653 815 1695 857 Si
1727 828 1771 857 se
1792 814 1890 857 dant

131 880 197 923 et,
228 879 275 916 ut
303 879 396 914 ante
427 870 539 919 dixi,
584 884 657 912 sua
687 878 855 926 sponte,
897 885 979 927 quo
1011 872 1289 925 impellimus,
1330 874 1528 917 inclinant
1556 881 1678 933 atque
1708 890 1890 934 propen-

131 938 249 985 dent,
295 932 453 988 accipio
484 931 596 987 quod
626 935 748 975 datur
779 940 819 975 et
847 936 898 975 ad
928 933 989 980 id,
1029 935 1141 976 unde
1173 934 1321 991 aliquis
1351 934 1470 979 ssatus
1501 940 1755 990 ostenditur,
1795 940 1936 982 vela1o

131 1001 197 1043 do.
254 999 325 1040 Sin
355 1002 417 1038 est
444 997 605 1050 integer
635 999 881 1052 quietusque
902 998 1054 1045 iudex,
1086 996 1178 1052 plus
1198 1004 1259 1039 est
1281 1000 1434 1054 operis,
1496 1002 1599 1043 Sunt
1619 1004 1728 1045 enim
1750 1004 1889 1047 omnia

130 1060 304 1102 dicendo
337 1061 575 1108 excitanda,
624 1060 723 1101 nihil
755 1062 974 1102 adiuvante
1003 1063 1165 1100 natura.
1229 1061 1310 1101 Sed
1341 1066 1496 1104 tantam
1528 1064 1610 1105 vim
1640 1067 1767 1107 habet
1795 1065 1884 1114 illa,

129 1136 235 1180 quae
255 1128 369 1164 recte
391 1136 414 1164 a
434 1124 546 1164 bono
567 1129 690 1177 po'eta
721 1124 827 1164 dieta
859 1128 921 1164 est
950 1121 1243 1164 flexanima
1273 1129 1425 1180 atque
1457 1126 1677 1170 omnium
1706 1128 1889 1183 regina

127 1200 328 1234 rerum,
362 1187 515 1233 oratio,
546 1191 592 1227 ut
622 1200 706 1227 non
737 1184 859 1228 modo
892 1184 1159 1227 inclinantem
1190 1186 1386 1242 excipere
1407 1193 1477 1230 aut
1498 1194 1671 1232 stantem
1692 1190 1888 1233 inclinare

129 1251 202 1291 sed
248 1250 372 1290 etiam
411 1250 699 1290 adversantem
744 1254 784 1290 et
821 1252 1121 1302 repugnantem
1160 1253 1207 1290 ut
1244 1248 1472 1303 imperator
1509 1253 1643 1294 bonus
1683 1266 1730 1295 ac
1768 1251 1937 1295 sortis1⁵

128 1326 276 1367 capere
305 1313 451 1366 possit.
512 1312 636 1352 XLV.
672 1312 765 1352 188.
797 1312 911 1352 Haec
941 1316 1035 1353 sunt
1062 1310 1156 1360 illa,
1190 1325 1296 1366 quae
1317 1326 1384 1354 me
1404 1312 1551 1356 ludens
1572 1316 1741 1357 Crassus
1762 1317 1888 1358 modo

128 1373 359 1430 flagitabat,
414 1389 508 1416 cum
539 1387 561 1415 a
592 1387 658 1415 me
699 1373 893 1415 divinitus
932 1372 1102 1415 tractari
1140 1372 1276 1416 solere
1314 1374 1472 1417 diceret
1509 1381 1550 1418 et
1584 1377 1628 1418 in
1667 1390 1791 1420 causa
1818 1381 1885 1421 Μ’.

127 1437 279 1494 Aquilii
312 1439 482 1491 Caiique
513 1437 699 1478 Norbani
728 1435 1020 1490 nonnullisque
1051 1435 1143 1478 aliis
1174 1436 1292 1493 quasi
1322 1438 1537 1493 praeclare
1567 1444 1657 1481 acta
1683 1441 1887 1491 laudaret;

128 1514 234 1556 quae
272 1500 508 1543 mehercule
546 1513 646 1556 ego,
698 1502 864 1548 Crasse,
916 1513 1011 1542 cum
1040 1513 1064 1542 a
1093 1506 1134 1541 te
1165 1505 1395 1543 tractantur
1424 1502 1466 1545 in
1504 1503 1658 1551 causis,
1708 1504 1886 1546 horrere

128 1563 260 1606 soleo.
321 1566 447 1605 Tanta
492 1564 554 1605 vis
594 1562 742 1612 animi,
786 1569 921 1606 tantus
960 1563 1160 1619 impetus,
1207 1567 1344 1606 tantus
1383 1564 1505 1607 dolor
1548 1565 1704 1614 oculis,
1746 1567 1939 1616 vultu,20

127 1632 265 1682 gestu,
300 1627 427 1683 digito
460 1628 637 1682 denique
668 1626 748 1668 isto
778 1632 850 1669 tuo
882 1625 1104 1682 significari
1145 1624 1278 1676 solet;
1327 1631 1487 1669 tantum
1517 1633 1580 1670 est
1607 1627 1763 1671 flumen
1793 1642 1888 1685 gra-

128 1689 392 1732 vissimorum
417 1691 752 1745 optimorumque
774 1691 999 1731 verborum
1014 1720 1025 1738 ,
1058 1693 1142 1730 tam
1163 1688 1349 1743 integrae
1369 1692 1617 1739 sententiae,
1647 1696 1729 1734 tam
1750 1705 1885 1739 verae,

127 1758 209 1793 tam
238 1766 392 1800 novae,
441 1758 525 1794 tam
557 1754 642 1794 sine
671 1752 892 1807 pigmentis
923 1750 1103 1807 fucoque
1133 1752 1312 1805 puerili,
1356 1757 1403 1794 ut
1431 1753 1534 1796 mihi
1562 1768 1647 1796 non
1675 1756 1812 1798 solum
1841 1760 1887 1798 tu

125 1814 351 1856 incendere
380 1814 560 1856 iudicem
591 1816 664 1856 sed
695 1817 781 1870 ipse
812 1814 958 1856 ardere
988 1814 1183 1856 videaris.

241 1879 334 1920 189.
380 1880 522 1933 Neque
552 1876 642 1919 sieri
670 1883 831 1933 potest,
865 1882 911 1919 ut
940 1876 1076 1918 doleat
1105 1876 1162 1926 is,
1205 1878 1276 1932 qui
1307 1879 1442 1928 audit,
1482 1884 1528 1921 ut
1559 1880 1716 1930 oderit,
1748 1886 1795 1922 ut
1823 1881 1934 1922 in-25

125 1941 284 1990 videat,
316 1945 362 1981 ut
390 1939 658 1994 pertimescat
685 1939 862 1994 aliquid,
894 1944 940 1981 ut
970 1941 1021 1981 ad
1052 1941 1193 1980 fletum
1213 1940 1624 1998 misericordiamque
1646 1942 1884 1992 deducatur,

125 2003 206 2046 nisi
236 2016 379 2046 omnes
409 2002 439 2044 ii
468 2008 632 2051 motus,
666 2017 770 2057 quos
802 2007 943 2043 orator
973 2001 1172 2043 adhibere
1202 2003 1314 2044 volet
1343 2003 1492 2053 iudici,
1522 2006 1566 2046 in
1595 2007 1686 2061 ipso
1718 2011 1886 2048 oratore

125 2066 315 2123 impressi
346 2079 436 2108 esse
466 2070 590 2121 atque
618 2066 745 2106 inusti
773 2063 1037 2107 videbuntur.
1098 2065 1259 2114 Quodsi
1288 2064 1407 2108 fictus
1437 2066 1584 2122 aliquis
1616 2068 1738 2111 dolor
1759 2069 1887 2111 susci-

125 2129 301 2186 piendus
342 2132 451 2171 esset
481 2135 520 2171 et
549 2128 584 2170 si
612 2127 657 2170 in
687 2127 895 2170 eiusmodi
925 2141 1078 2182 genere
1110 2127 1309 2169 orationis
1339 2129 1444 2170 nihil
1479 2135 1587 2172 esset
1621 2132 1701 2172 nisi
1736 2130 1886 2173 falsum

126 2198 251 2249 atque
279 2192 512 2234 imitatione
543 2192 803 2240 simulatum,
849 2192 985 2233 maior
1014 2205 1080 2233 ars
1110 2192 1248 2247 aliqua
1276 2191 1452 2234 forsitan
1482 2198 1590 2235 esset
1618 2193 1880 2250 requirenda.
1898 2213 1933 2239 30

125 2256 244 2298 Nunc
273 2270 373 2310 ego,
405 2252 506 2310 quid
533 2253 632 2303 tibi,
666 2256 832 2303 Crasse,
864 2255 964 2310 quid
994 2253 1144 2296 ceteris
1174 2252 1357 2303 accidat,
1387 2257 1553 2298 nescio:
1587 2257 1639 2298 de
1660 2270 1725 2298 me
1747 2262 1886 2299 autem

126 2330 252 2360 causa
285 2317 395 2360 nulla
431 2321 517 2367 est,
570 2331 644 2358 cur
681 2318 791 2370 apud
829 2316 1022 2359 homines
1060 2315 1407 2371 prudentissimos
1448 2323 1574 2374 atque
1611 2319 1884 2361 amicissimos

126 2381 318 2423 mentiar.
377 2382 472 2422 Non
509 2378 746 2420 mehercule
783 2392 967 2435 unquam
1006 2380 1117 2434 apud
1152 2378 1310 2422 iudices
1341 2385 1411 2422 aut
1441 2381 1630 2424 dolorem
1661 2388 1732 2424 aut
1762 2384 1885 2424 mise-

127 2444 350 2486 ricordiam
390 2446 460 2484 aut
495 2441 695 2484 invidiam
732 2446 804 2483 aut
833 2442 975 2483 odium
1005 2440 1180 2485 dicendo
1211 2444 1394 2486 excitare
1424 2443 1562 2494 volui,
1593 2443 1693 2500 quin
1721 2444 1810 2502 ipse
1840 2446 1884 2486 in

127 2507 437 2548 commovendis
466 2503 673 2547 iudicibus
701 2505 753 2546 iis
782 2503 882 2559 ipsis
913 2503 1123 2554 sensibus,
1157 2506 1209 2547 ad
1240 2519 1344 2562 quos
1375 2506 1470 2549 illos
1491 2509 1698 2550 adducere
1719 2507 1880 2555 vellem,
1896 2524 1929 2551 ³⁵

126 2582 411 2624 permoverer.
474 2569 569 2610 190.
602 2569 747 2625 Neque
779 2568 890 2610 enim
920 2565 1041 2610 facile
1071 2572 1133 2609 est
1162 2567 1390 2621 perficere,
1421 2575 1468 2611 ut
1495 2571 1695 2612 irascatur
1723 2571 1782 2618 ei,
1815 2568 1882 2611 cui

128 2656 177 2664 a..-

219 2709 253 2741 1.
280 2709 487 2741 commoveri
510 2706 583 2740 AB.
613 2724 651 2731 —
695 2706 728 2740 3.
768 2707 822 2739 cui
845 2707 974 2740 mederi
996 2706 1087 2740 volet
1112 2716 1181 2740 om.
1207 2706 1282 2740 AB.
1311 2725 1349 2732 —
1393 2708 1429 2741 4.
1465 2707 1552 2750 cum]
1580 2710 1670 2750 quod
1695 2708 1738 2742 A.
1764 2723 1805 2733 —
1843 2709 1878 2741 5.

130 2755 318 2797 aggredior
352 2757 391 2788 in
416 2756 565 2795 ancipiti
596 2762 704 2786 causa
730 2757 761 2786 et
785 2755 889 2796 gravi
926 2754 985 2786 AB
1020 2758 1055 2788 et
1087 2756 1137 2787 sic
1173 2757 1263 2787 coni.
1293 2764 1333 2788 ex
1357 2755 1506 2788 aliorum
1535 2756 1646 2789 Codd.
1673 2755 1880 2796 corruptelis

131 2802 294 2834 Ellendt:
322 2804 510 2843 ayyredior
534 2803 719 2842 ancipitem
744 2810 887 2833 causam
913 2806 945 2833 et
969 2809 1111 2844 qravem
1135 2801 1209 2834 RE.
1240 2819 1278 2825 —
1317 2801 1351 2834 6.
1380 2805 1497 2834 omnia
1521 2802 1564 2834 A.
1594 2818 1634 2825 -
1673 2803 1811 2834 odorem
1835 2802 1879 2834 R.

129 2862 172 2870 —
197 2849 232 2881 8.
259 2851 433 2882 orationes
457 2850 498 2881 B.
528 2865 566 2873 ·—
608 2849 695 2880 dant
718 2849 772 2880 ita
796 2852 827 2881 et
850 2853 889 2880 ut
913 2848 955 2880 R.
987 2863 1023 2870 -
1066 2848 1100 2880 9.
1134 2846 1318 2889 inclinant]
1346 2850 1550 2881 incumbunt
1574 2857 1614 2881 ex
1639 2857 1708 2880 uno
1733 2849 1817 2889 Lag.
1843 2849 1879 2880 2.

129 2894 158 2926 T
178 2918 187 2934 ,
225 2902 314 2937 quae
340 2899 392 2928 est.
416 2898 582 2930 correctio
608 2895 825 2936 corruptelae
849 2897 1036 2927 incurrunt
1062 2894 1143 2936 Lag.
1174 2894 1230 2927 13.
1260 2895 1316 2927 36.
1356 2894 1414 2936 (Ut
1440 2904 1525 2934 nos,
1561 2894 1687 2931 ABR.)
1722 2911 1760 2917 —-
1796 2904 1883 2936 pro-

125 2942 284 2983 pendunt
308 2941 350 2974 Α.
378 2959 419 2966 -
446 2942 503 2974 13.
529 2942 721 2985 flexanima
746 2939 861 2983 alque]
889 2941 1048 2983 flexaque
1074 2946 1106 2973 et
1131 2943 1243 2974 animi
1269 2946 1403 2974 natura
1428 2942 1468 2973 B.
1496 2956 1539 2964 —-
1565 2941 1621 2972 14.
1649 2942 1804 2982 excipere
1821 2942 1881 2974 AB

130 2989 286 3030 aliique:
323 2988 450 3032 eriyere
474 2991 529 3027 R,
569 2990 742 3030 impellere
773 2989 950 3022 Crevierio
983 2992 1126 3021 auctore
1152 2988 1193 3020 Ε.
1222 3005 1264 3011 -
1307 2989 1363 3021 15.
1398 2989 1502 3029 fortis
1534 2996 1576 3019 ac
1601 2988 1710 3020 bonus
1733 2988 1810 3020 AR.
1837 3003 1882 3012 —-

130 3035 188 3068 16.
214 3038 297 3068 sunt
321 3035 410 3068 enim
433 3036 496 3068 illa
519 3036 563 3068 R.
594 3052 631 3060 —·
660 3037 715 3069 17.
744 3033 835 3076 cum]
861 3044 968 3075 quam
992 3035 1064 3066 AB.
1093 3051 1130 3057 -
1160 3039 1312 3068 tractare
1336 3035 1378 3066 A.
1409 3052 1446 3058 —
1474 3036 1511 3066 in
1536 3042 1680 3067 causam
1710 3033 1746 3067 C.
1764 3035 1883 3076 Aquili

132 3082 169 3115 C.
195 3083 352 3116 Norbani
375 3083 416 3115 A.
442 3098 486 3106 -
509 3083 566 3114 19.
593 3083 724 3116 hercule
757 3093 775 3117 e
803 3083 912 3115 Codd.
941 3082 1025 3121 aliq.
1054 3081 1094 3112 T.
1132 3081 1192 3119 (Ut
1217 3091 1303 3121 nos,
1330 3079 1449 3121 ABR.)
1478 3096 1515 3102 —
1559 3080 1617 3112 24.
1645 3079 1782 3122 ardere]
1810 3091 1880 3114 om.

130 3129 210 3169 AB,
235 3131 373 3162 incendi
398 3139 437 3162 ex
462 3137 514 3168 pr.
541 3130 622 3170 Lag.
648 3130 682 3161 2.
711 3130 761 3164 Τ,
801 3130 960 3162 incensus
985 3129 1067 3169 Lag.
1097 3127 1131 3159 4.
1160 3132 1194 3161 et
1219 3137 1308 3161 corr.
1336 3129 1370 3160 2.
1391 3151 1400 3166 ,
1442 3129 1524 3160 item
1559 3126 1788 3167 Stephanus,
1828 3130 1882 3160 in-

133 3185 252 3210 census
276 3185 346 3209 esse
370 3176 572 3208 Lambinus.
621 3175 665 3207 Ut.
701 3185 784 3215 nos,
828 3177 882 3216 R,
919 3175 979 3208 sed
1017 3176 1102 3206 haec
1127 3177 1242 3208 omnia
1267 3176 1360 3208 varia
1386 3179 1468 3206 sunt
1493 3174 1649 3207 eiusdem
1678 3175 1749 3208 rere
1777 3177 1880 3216 pretii

133 3231 172 3255 ac
197 3223 446 3264 probabilitatis
472 3223 592 3260 verbi,
621 3223 715 3262 quod
742 3223 893 3262 excidit,
925 3222 1183 3261 supplementa.
1212 3238 1252 3245 —
1291 3221 1348 3252 26.
1378 3220 1426 3251 acl
1449 3218 1581 3262 fletum]
1609 3222 1743 3264 affectet
1767 3224 1809 3254 A.
1840 3238 1878 3246 -

132 3270 190 3302 27.
217 3268 258 3310 ii]
286 3271 341 3302 illi
365 3280 382 3304 e
409 3270 519 3302 Codd.
547 3269 628 3310 aliq.
656 3268 697 3300 T.
733 3269 793 3307 (Ut
817 3278 902 3307 nos,
928 3266 1046 3307 ABR.)
1068 3283 1107 3290 —
1135 3267 1192 3299 33.
1219 3268 1313 3307 apud
1336 3267 1468 3298 iudices
1493 3276 1561 3301 om.
1582 3267 1624 3301 R.
1643 3285 1688 3291 —
1715 3272 1779 3301 auc
1800 3272 1882 3300 ante

132 3325 166 3349 v·
191 3317 345 3350 dolorem
370 3327 438 3350 om.
463 3317 535 3349 AB.
562 3332 607 3338 —
647 3314 703 3347 34.
730 3315 876 3347 dicendo
901 3317 1050 3348 excitare
1076 3313 1186 3347 Codd.
1214 3314 1259 3347 al.
1277 3338 1287 3355 ,
1315 3313 1371 3346 R:
1415 3315 1569 3348 excitare
1595 3315 1740 3350 dicendo
1765 3313 1881 3355 (ΑΒῩ)

134 3363 176 3396 Ε.
205 3380 242 3388 -
272 3363 330 3396 36.
357 3366 410 3403 εἰ,
445 3365 502 3399 cui
527 3362 637 3396 Codd.
665 3361 738 3395 ab:
766 3362 822 3395 cui
846 3360 930 3402 (om.
959 3362 1003 3403 ei)
1027 3360 1163 3394 ABRE.

209 3434 303 3464 cicero
322 3434 352 3466 r.
371 3435 392 3465 1.
1386 3431 1438 3472 17
