2117 3762
791 193 833 234 C.
863 193 931 232 30.
965 193 1032 233 31.
1063 193 1128 232 32.
1753 190 1832 231 &95

88 301 240 355 scripto
283 299 386 353 legis
431 304 500 340 aut
548 298 784 340 testamenti
823 303 892 338 aut
937 295 1158 339 verborum
1200 295 1328 349 ipsius
1371 293 1509 336 iudicii
1552 298 1621 335 aut
1662 293 1833 336 alicuius

88 362 362 418 stipulationis
400 369 469 402 aut
507 359 705 402 cautionis
736 366 1004 413 opponuntur
1034 356 1263 401 defensioni
1296 359 1514 400 contraria.
1584 358 1642 397 Ac
1672 370 1723 397 ne
1755 359 1833 397 boc

87 426 253 480 quidem
275 438 404 479 genus
435 425 476 465 in
507 437 576 465 eas
607 435 748 463 causas
780 423 974 469 incurrit,
1006 436 1110 478 quae
1134 422 1369 463 coniectura
1389 421 1663 464 continentur.
1714 418 1837 468 Quod

88 487 197 527 enim
230 485 382 528 sactum
414 492 610 541 negatur,
658 483 697 525 id
729 486 845 537 argui
876 499 959 526 non
991 491 1128 540 potest
1158 486 1328 540 scripto.
1395 486 1454 524 Ne
1484 483 1525 524 in
1556 481 1836 524 definitionem

88 548 256 603 quidem
297 549 414 591 venit
453 561 604 604 genere
646 548 787 602 scripti
828 548 970 602 ipsius.
1038 549 1138 588 Nam
1181 545 1342 589 etiamsi
1383 547 1556 587 verbum
1587 545 1753 599 aliquod
1786 543 1868 585 des

88 612 240 666 scripto
281 610 558 653 definiendum
599 616 682 659 est,
731 624 853 664 quam
894 609 976 651 vim
1017 609 1187 659 habeat,
1232 616 1300 658 ut,
1349 623 1440 650 cum
1484 622 1535 650 ex
1565 608 1836 656 testamentis,

90 673 186 730 quid
219 674 271 716 sit
303 688 454 728 penus,
485 679 556 714 aut
586 687 678 714 cum
709 686 760 713 ex
791 672 881 725 lege
902 674 1059 727 praedii
1082 672 1316 728 quaeritur,
1349 686 1455 726 quae
1478 671 1558 712 sint
1581 677 1669 713 ruta
1690 684 1837 719 caesa,

89 751 173 778 non
204 736 344 790 scripti
375 749 503 791 genus
536 738 606 776 sed
629 737 744 776 vorbi
776 735 1063 788 interpretatio
1085 733 1412 776 controversiam
1436 734 1552 789 parit.
1614 735 1705 775 108.
1738 733 1840 774 Cum

89 806 226 841 autem
264 805 334 841 aut
376 797 493 853 plura
532 797 814 851 significantur
853 799 1004 850 scripto
1046 803 1217 853 propter
1246 795 1364 839 verbi
1395 803 1466 837 aut
1495 799 1723 839 verborum
1755 810 1842 837 am-

88 860 353 916 biguitatem,
401 867 445 901 ut
487 860 609 902 liceat
648 860 709 909 ei,
752 860 821 915 qui
853 865 996 900 contra
1026 858 1158 908 dicat,
1204 874 1253 900 eo
1294 860 1459 900 trahere
1499 859 1891 913 significationemm

91 923 254 978 scripti,
299 936 382 977 quo
414 925 607 978 expediat
639 928 708 963 aut
738 921 860 971 velit3
904 927 993 968 aut,
1037 921 1070 963 si
1101 923 1296 976 ambigue
1325 922 1519 977 scriptum
1552 936 1635 962 non
1667 923 1744 970 sit,
1777 920 1841 962 vel

89 1001 112 1027 a
140 983 278 1027 verbis
309 985 561 1026 voluntatem
595 991 635 1026 et
665 985 909 1026 sententiam
942 985 1155 1039 scriptoris
1186 983 1392 1026 abducere
1424 983 1489 1025 vel
1519 983 1602 1025 alio
1628 998 1670 1024 se
1694 985 1839 1024 eadem

88 1047 139 1090 de
169 1061 214 1089 re
244 1048 447 1090 contrarie
480 1048 630 1102 scripto
663 1046 909 1094 defendere,
942 1053 1029 1088 tum
1060 1047 1303 1100 disceptatio
1337 1061 1390 1088 ex
1411 1046 1554 1101 scripti
1577 1046 1840 1087 contentione

89 1109 271 1158 exsistit,
303 1116 349 1150 ut
380 1110 420 1152 in
452 1109 654 1163 ambiguis
685 1111 957 1164 disceptetur,
991 1108 1093 1163 quid
1122 1110 1302 1150 maxime
1333 1107 1607 1163 significetur;
1638 1109 1681 1150 in
1702 1109 1842 1164 scripti

88 1172 400 1228 sententiaeque
431 1171 722 1221 contentione,
769 1179 907 1214 utrum
937 1174 1075 1227 potius
1106 1177 1301 1228 sequatur
1341 1171 1498 1223 iudex3
1542 1171 1585 1214 in
1625 1173 1892 1213 contrariis1⁵

89 1235 272 1291 scriptis,
304 1242 444 1278 utrum
476 1237 604 1288 magis
635 1234 688 1275 sit
718 1236 1090 1288 comprobandum.

204 1300 297 1340 109.
329 1297 580 1352 Disceptatio
611 1302 748 1338 autem
780 1311 873 1338 cum
904 1302 966 1339 est
995 1296 1238 1347 constituta,
1286 1296 1549 1353 propositum
1591 1311 1680 1340 esse
1720 1296 1844 1340 debet

91 1360 266 1409 oratori,
313 1373 395 1416 quo
425 1372 571 1401 omnes
601 1359 984 1413 argumentationes
1014 1361 1218 1416 repetitae
1250 1375 1302 1402 ex
1332 1359 1572 1403 inveniendi
1603 1362 1706 1403 loeis
1744 1375 1847 1403 con-

90 1424 294 1466 iiciantur.
356 1423 479 1472 Quod
523 1436 773 1478 quamquam
817 1422 915 1464 satis
958 1428 1020 1464 est
1049 1423 1110 1471 ei,
1157 1423 1228 1479 qui
1267 1424 1409 1473 videt,
1457 1422 1556 1478 quid
1593 1423 1636 1465 in
1676 1438 1843 1479 quoque

89 1486 182 1528 loco
212 1486 359 1533 lateat,
390 1483 544 1540 quique
576 1484 670 1527 illos
699 1484 816 1527 locos
848 1491 1052 1542 tamquam
1083 1487 1302 1528 thesauros
1323 1486 1484 1541 aliquos
1506 1492 1843 1541 argumentorum
1859 1496 1895 1522 20

90 1553 254 1590 notatos
284 1545 433 1596 habet,
476 1554 614 1589 tamen
646 1561 718 1598 ea,
766 1562 871 1604 quae
913 1555 1008 1590 sunt
1038 1554 1246 1591 certarum
1278 1562 1495 1590 causarum
1524 1549 1714 1604 propria,
1760 1557 1847 1591 tan-

90 1623 248 1666 gemus.
309 1610 485 1651 XXXII.
522 1612 615 1651 110.
658 1611 705 1652 In
736 1610 971 1653 coniectura
1002 1610 1152 1666 igitur,
1197 1625 1290 1653 cum
1323 1618 1386 1654 est
1414 1614 1457 1654 in
1486 1611 1701 1654 infitiando
1732 1625 1842 1661 reus,

91 1671 324 1715 accusatori
356 1675 459 1714 haec
494 1675 576 1715 duo
607 1673 739 1729 prima
765 1679 860 1715 sunt
887 1697 941 1704 —
972 1676 1043 1715 sed
1073 1680 1356 1716 accusatorem
1379 1688 1455 1730 pro
1487 1674 1602 1717 omni
1632 1680 1772 1716 actore
1804 1680 1848 1716 et

90 1739 269 1792 petitore
305 1737 494 1791 appello;
543 1741 714 1789 possunt
755 1737 866 1777 enim
905 1735 1030 1777 etiam
1071 1736 1159 1778 sine
1199 1737 1463 1779 accusatione
1503 1737 1546 1779 in
1577 1737 1710 1779 causis
1740 1740 1845 1779 haec

92 1801 239 1841 eadem
278 1797 656 1840 controversiarum
695 1811 846 1852 genera
885 1799 1043 1840 versari
1083 1823 1137 1830 —
1175 1799 1248 1841 sed
1288 1802 1392 1842 haec
1430 1800 1511 1842 duo
1551 1807 1645 1842 sunt
1687 1800 1726 1842 ei
1762 1802 1898 1856 pri-2⁵

91 1876 182 1911 ma,
215 1874 338 1903 causa
365 1866 404 1902 et
430 1866 615 1902 eventus.
680 1861 853 1902 Causam
875 1862 1044 1914 appello
1074 1863 1278 1904 rationem
1308 1862 1536 1913 efficiendi,
1572 1869 1765 1905 eventum
1787 1864 1847 1912 id,

93 1927 205 1980 quod
237 1930 298 1966 est
329 1921 536 1965 eflectum.
599 1925 732 1979 Atque
776 1924 866 1979 ipsa
904 1923 1073 1978 quidem
1113 1925 1281 1979 partitio
1323 1940 1542 1968 causarum
1584 1926 1726 1982 paullo
1757 1930 1850 1967 ante

92 1989 136 2028 in
165 1987 370 2029 suasionis
400 1985 501 2028 locis
532 1984 752 2028 distributa
783 1991 858 2027 est.
936 1988 1029 2027 111.
1079 1988 1196 2036 Quae
1227 1990 1335 2030 enim
1367 1990 1411 2030 in
1441 1990 1616 2031 consilio
1647 1988 1850 2042 capiendo

93 2050 220 2092 futuri
262 2048 462 2104 temporis
506 2048 891 2104 praecipiebantur,
941 2052 1214 2105 quamobrem
1254 2056 1325 2093 aut
1364 2051 1582 2094 utilitatem
1611 2051 1853 2094 viderentur

94 2110 285 2154 habitura
316 2117 385 2153 aut
416 2109 621 2152 efficiendi
652 2112 916 2161 facultatem,
949 2110 1113 2161 eadem,
1154 2113 1225 2170 qui
1256 2113 1306 2156 de
1336 2113 1444 2156 sacto
1477 2116 1848 2170 argumentabitur,
1867 2124 1902 2150 ³⁰

97 2173 294 2229 colligere
327 2175 525 2222 debebit,
573 2176 845 2228 quamobrem
878 2180 919 2216 et
949 2175 1062 2217 utilia
1092 2175 1173 2226 illi,
1207 2191 1331 2233 quem
1361 2183 1526 2233 arguet,
1571 2179 1698 2221 fuisse
1729 2183 1770 2219 et
1799 2179 1850 2218 ab

97 2252 147 2280 eo
189 2236 297 2279 effici
340 2237 525 2292 potuisse
557 2238 828 2278 demonstret.
890 2237 1079 2280 Utilitatis
1111 2241 1351 2282 coniectura
1381 2247 1603 2292 movetur,
1654 2242 1689 2283 si
1732 2240 1849 2288 illud,

99 2300 213 2358 quod
252 2301 461 2355 arguitur,
513 2304 585 2340 aut
621 2312 693 2354 spe
731 2297 937 2341 bonorum
976 2306 1045 2342 aut
1085 2304 1290 2345 malorum
1329 2310 1444 2347 metu
1484 2303 1632 2347 fecisse
1676 2303 1852 2352 dicitur;

99 2366 212 2421 quod
251 2363 298 2405 fit
334 2365 492 2412 acrius,
541 2376 624 2418 quo
664 2362 732 2404 illa
770 2364 813 2404 in
851 2368 1031 2419 utroque
1070 2379 1221 2419 genere
1258 2368 1418 2408 maiora
1456 2373 1683 2422 ponuntur.
1753 2366 1847 2406 112.

100 2429 347 2481 Spectantur
392 2427 517 2468 etiam
556 2427 608 2466 ad
651 2438 817 2466 causam
848 2425 943 2468 facti
973 2433 1108 2470 motus
1138 2429 1395 2478 animorum,
1446 2430 1482 2472 si
1511 2430 1573 2472 ira
1601 2442 1769 2476 recens,
1816 2425 1852 2468 si
1867 2435 1902 2463 ³⁵

101 2489 241 2532 odium
271 2494 412 2538 vetus,
461 2489 494 2530 si
531 2487 758 2530 ulciscendi
789 2488 992 2539 studium,
1039 2490 1073 2532 si
1103 2490 1276 2533 iniuriae
1308 2491 1450 2540 dolor,
1496 2494 1530 2534 si
1567 2493 1769 2540 honoris,
1816 2489 1851 2531 si

100 2554 279 2609 gloriae,
309 2553 344 2594 si
374 2551 562 2605 imperii,
594 2549 629 2591 si
658 2550 858 2606 pecuniae
888 2553 1113 2607 cupiditas,
1144 2555 1179 2595 si
1208 2554 1383 2608 periculi
1412 2555 1561 2605 timor,
1591 2556 1624 2597 si
1654 2569 1723 2597 aes
1754 2552 1855 2595 alie-

101 2630 223 2665 num,
257 2616 292 2657 si
321 2612 535 2669 angustiae
566 2612 627 2654 rei
657 2612 895 2663 familiaris,
930 2616 965 2656 si
994 2618 1153 2666 audax,
1194 2618 1229 2659 si
1258 2617 1380 2667 levis,
1411 2620 1445 2660 si
1475 2617 1678 2667 crudelis,
1714 2618 1748 2658 si
1779 2615 1855 2657 im-

101 2684 274 2732 potens,
323 2677 358 2720 si
401 2677 613 2726 incautus,
661 2676 695 2716 si
734 2676 956 2732 insipiens,
1008 2679 1043 2719 si
1082 2692 1247 2728 amam,
1294 2681 1329 2721 si
1369 2686 1576 2723 commota
1611 2684 1769 2728 mente,
1820 2678 1855 2719 si

102 2739 359 2788 vinolentus,
391 2739 426 2782 si
456 2753 551 2781 cum
583 2751 655 2793 spe
687 2737 919 2790 efficiendi,
952 2741 988 2782 si
1018 2754 1112 2783 cum
1143 2743 1339 2798 opinione
1372 2743 1532 2785 celandi
1563 2748 1656 2791 aut,
1687 2741 1721 2783 si
1741 2745 1856 2797 pate-
1869 2748 1905 2775 4⁰

104 2801 255 2844 sactum
296 2807 428 2853 esset,
473 2800 707 2858 depellendi
749 2803 931 2844 criminis
971 2803 1037 2845 vel
1067 2805 1366 2859 perrumpendi
1394 2805 1566 2861 periculi
1595 2804 1661 2846 vel
1691 2805 1732 2844 in
1764 2804 1855 2844 lon-

107 2867 305 2920 ginquum
349 2872 509 2921 tempus
557 2864 803 2916 differendi;
860 2870 930 2907 aut
971 2866 1006 2907 si
1047 2865 1191 2908 iudicii
1233 2881 1370 2921 poena
1413 2867 1546 2909 levior
1591 2881 1712 2922 quam
1757 2867 1855 2908 facti

105 2929 361 2984 praemium;
411 2933 481 2970 aut
520 2928 555 2970 si
598 2928 796 2970 facinoris
833 2929 1023 2984 voluptas
1061 2930 1194 2972 maior
1232 2944 1355 2987 quam
1398 2929 1673 2972 damnationis
1718 2930 1852 2971 dolor.

203 3106 238 3138 h.
278 3106 425 3147 com-qui
447 3104 521 3141 RV.
562 3121 600 3129 -
642 3105 677 3138 8.
703 3107 819 3147 pariet
844 3106 885 3139 V.
924 3121 967 3130 —
1006 3106 1040 3138 9.
1068 3109 1185 3139 autem
1208 3110 1272 3139 aut
1293 3107 1401 3147 plura
1427 3106 1493 3140 Gu.
1520 3107 1574 3140 R:
1613 3110 1729 3140 autem
1751 3106 1859 3147 plura

110 3150 193 3195 (om.
221 3151 295 3193 aut)
321 3153 359 3184 E.
389 3169 425 3176 —
454 3153 510 3184 11.
537 3161 579 3184 ac
601 3153 682 3184 velit
705 3153 778 3185 RV.
808 3170 846 3178 —
875 3152 931 3185 13.
958 3155 1080 3193 scripti
1105 3162 1148 3186 ea:
1172 3154 1215 3185 R.
1248 3171 1286 3177 —
1316 3154 1370 3185 15.
1397 3155 1505 3186 iudex
1528 3158 1691 3196 sequatur
1716 3155 1785 3186 RV.
1814 3169 1858 3175 —-

111 3200 169 3233 16.
198 3199 493 3240 comprobandum
518 3200 563 3230 sit
589 3199 661 3230 RV.
693 3217 729 3223 —
759 3199 815 3232 18.
843 3200 1058 3231 inveniendis
1083 3200 1126 3233 R.
1156 3217 1196 3223 —
1222 3200 1280 3232 23.
1305 3201 1422 3240 prima
1447 3202 1516 3234 duo
1542 3203 1611 3235 RV.
1640 3219 1682 3224 —
1719 3201 1775 3233 24.
1803 3209 1859 3232 ac-

113 3249 288 3279 cusatione
315 3246 395 3278 BV:
423 3250 622 3280 accusatore
647 3246 718 3279 RE.
746 3262 788 3270 -
829 3246 886 3279 32.
914 3248 944 3279 si
967 3247 1004 3279 id
1028 3247 1067 3280 V.
1098 3263 1136 3271 —·
1162 3246 1219 3280 39.
1248 3256 1366 3280 amens
1391 3248 1432 3282 V.
1462 3265 1500 3272 —
1537 3248 1597 3282 loo.
1622 3248 1789 3282 violentus
1812 3247 1856 3285 R,

114 3294 181 3327 Ed.
208 3294 296 3328 Ven.
323 3293 519 3326 schulzius.
