2117 3762
300 249 354 289 32
979 247 1046 286 AD
1080 245 1386 286 HERENNIUM

301 353 352 395 de
383 367 433 395 eo
464 351 743 407 argumentari
773 355 813 391 et
841 349 1008 404 planum
1039 349 1175 391 facere
1204 349 1355 391 factum
1386 362 1496 399 esse;
1528 360 1620 388 nam
1641 345 1683 388 id
1707 343 1890 400 [tantum]
1915 345 2060 400 augeri

301 421 479 471 oportet.
538 416 639 454 ltem
670 413 861 454 vitiosum
893 417 954 452 est
983 411 1023 452 id
1054 425 1227 465 augere,
1261 411 1372 467 quod
1402 410 1593 453 convenit
1614 408 1774 455 doceri,
1805 412 1885 451 hoc
1905 413 2055 451 modo:

301 485 346 519 ut
376 477 409 518 si
441 477 531 532 quis
562 490 683 531 quem
715 480 858 528 arguat
894 474 1103 515 hominem
1145 473 1346 515 occidisse
1383 481 1444 521 et,
1491 480 1710 528 antequam
1752 472 1848 512 satis
1888 471 2059 513 idoneas

300 540 677 593 argumentationes
715 536 914 579 attulerit.
961 542 1106 589 augeat
1143 542 1353 591 peccatum
1389 542 1429 577 et
1459 539 1566 577 dicat
1598 535 1698 576 nibil
1728 533 1937 588 indignius
1969 547 2058 574 esse

270 615 422 657 squam
454 601 661 642 hominem
694 598 897 639 occidere.
957 601 1049 640 Non
1079 598 1212 645 enim,
1250 603 1388 639 utrum
1418 598 1632 653 indignum
1662 597 1734 644 sit,
1767 610 1817 637 an
1848 609 1953 645 non,
1987 594 2059 637 sed

299 666 505 705 factumne
536 663 605 710 sit,
638 662 863 717 quaeritur.

383 724 625 780 Complexio
657 724 802 765 vitiosa
833 731 915 773 est,
968 739 1072 780 quae
1112 737 1214 770 non,
1265 727 1310 763 ut
1349 722 1544 778 quodque
1574 726 1753 778 primum
1788 723 1940 765 dictum
1972 726 2057 768 est,

298 788 475 844 primum
506 786 792 841 complectitur
823 794 862 828 et
892 802 996 843 quae
1028 801 1109 828 non
1140 785 1323 827 breviter
1353 785 1560 827 concludit
1588 794 1627 827 et
1658 801 1762 842 quae
1784 800 1866 828 non
1887 800 1940 827 ex
1961 798 2060 826 enu-

297 853 524 892 meratione
569 855 725 889 certum
772 855 811 890 et
852 856 1041 891 constans
1084 848 1237 904 aliquid
1277 846 1496 902 relinquit,
1549 854 1593 890 ut
1630 849 1906 903 intelligatur,
1960 845 2058 901 quid

247 927 282 951 ιο
297 912 554 968 propositum
587 911 628 952 in
659 913 1013 967 argumentatione
1045 912 1117 959 sit,
1169 909 1267 966 quid
1309 909 1456 950 deinde
1486 911 1668 961 ratione,
1714 912 1812 968 quid
1843 910 2060 954 confirma-

297 977 432 1024 tione,
467 975 564 1030 quid
596 981 678 1016 tota
709 976 1066 1029 argumentatione
1098 974 1436 1015 demonstratum.

406 1040 539 1078 XXX.
571 1040 638 1080 47.
672 1038 986 1085 Conclusiones,
1032 1050 1135 1092 quae
1177 1034 1284 1090 apud
1328 1036 1508 1075 Graecos
1541 1037 1736 1089 ἐπίλογοι
1766 1040 2057 1083 nominantur,

297 1099 527 1155 tripartitae
559 1106 666 1141 sunt.
728 1103 828 1141 Nam
861 1106 1047 1141 constant
1077 1113 1129 1139 ex
1161 1097 1493 1145 enumeratione,
1531 1098 1847 1152 amplificatione
1878 1105 1919 1140 et
1948 1113 2060 1140 com—

295 1163 575 1204 miseratione.
640 1162 700 1217 [In
744 1170 938 1219 quattuor
979 1162 1079 1204 locis
1118 1161 1176 1201 uti
1216 1173 1436 1215 possumus
1475 1159 1831 1202 conclusionibus:
1878 1164 1918 1202 in
1949 1161 2061 1216 prin-

245 1244 279 1268 15
296 1226 424 1280 cipio,
470 1224 695 1267 secundum
726 1226 1026 1272 narrationem,
1073 1223 1297 1265 secundum
1328 1221 1605 1262 firmissimam
1636 1224 2052 1275 argumentationem,

294 1289 335 1330 in
367 1286 661 1341 conclusione]
723 1288 991 1329 Enumeratio
1023 1293 1102 1334 est,
1134 1300 1210 1341 per
1236 1299 1357 1340 quam
1389 1284 1620 1339 colligimus
1654 1292 1694 1326 et
1723 1299 2056 1336 commonemus,

299 1350 449 1405 quibus
480 1350 529 1391 de
560 1354 685 1392 rebus
716 1350 843 1392 rerba
874 1350 1114 1396 fecerimus,
1154 1348 1362 1393 breviter,
1401 1353 1446 1387 ut
1475 1353 1724 1397 renovetur,
1768 1362 1851 1389 non
1880 1348 2061 1390 redinte-

295 1420 438 1468 gretur
468 1413 625 1463 orati03
674 1419 714 1454 et
744 1413 914 1461 ordine,
961 1411 1162 1468 quidquid
1194 1411 1272 1452 erit
1303 1410 1476 1457 dictum,
1519 1412 1761 1459 referimus,
1801 1417 1846 1452 ut
1875 1411 2058 1459 auditor,

295 1476 328 1517 si
359 1476 588 1517 memoriae
619 1475 893 1523 mandaverit,
940 1475 990 1516 ad
1020 1475 1082 1522 id,
1131 1473 1242 1529 quod
1281 1472 1369 1527 ipse
1411 1472 1667 1522 meminerit,
1716 1476 1955 1516 reducatur.
2013 1476 2059 1515 In

245 1555 280 1579 20
296 1553 374 1595 qua
415 1541 642 1580 curandum
683 1544 759 1586 est,
812 1553 862 1579 ne
905 1544 973 1579 aut
1014 1536 1064 1578 ab
1096 1535 1272 1577 exordio
1303 1540 1373 1576 aut
1402 1548 1425 1575 a
1457 1534 1692 1576 narratione
1723 1542 1936 1591 repetatur
1965 1550 2059 1578 ora-

295 1601 418 1643 tionis
449 1601 721 1642 enumeratio.
784 1602 904 1641 Facta
945 1602 1053 1640 enim
1094 1605 1134 1640 et
1175 1597 1310 1639 dedita
1349 1610 1475 1651 opera
1513 1604 1748 1652 comparata
1781 1599 1916 1640 oratio
1945 1598 2060 1640 vide-

293 1663 404 1705 bitur
433 1677 522 1704 esse
560 1662 655 1716 [aut]
689 1662 851 1703 artificii
881 1660 1136 1715 significandi
1172 1658 1268 1713 [aut]
1316 1658 1469 1712 ingenii
1499 1659 1737 1701 venditandi
1771 1658 1867 1714 [aut]
1902 1674 2060 1702 memo-

293 1727 382 1768 riae
427 1725 691 1767 ostentandae
735 1739 870 1765 causa.
935 1725 1203 1778 Quapropter
1240 1721 1400 1763 initium
1447 1722 1773 1764 enumerationis
1814 1723 2058 1764 sumendum

295 1795 355 1830 est
393 1803 415 1830 a
457 1788 672 1829 divisione.
744 1786 902 1828 Deinde
946 1786 1092 1827 ordine
1136 1784 1320 1826 breviter
1362 1788 1633 1839 exponendae
1678 1799 1745 1826 res
1788 1791 1900 1834 sunt,
1953 1799 2059 1839 quae

244 1866 278 1889 25
294 1856 490 1892 tractatae
522 1856 642 1891 erunt
671 1849 713 1890 in
744 1848 1057 1891 confirmatione
1088 1853 1128 1889 et
1158 1846 1453 1888 confutatione.
1515 1847 1788 1902 Amplificatio
1828 1854 1906 1895 est,
1953 1862 2058 1903 quae

292 1928 369 1971 per
398 1913 533 1954 locum
566 1926 827 1953 communem
859 1909 1134 1965 instigationis
1165 1909 1401 1950 auditorum
1433 1923 1553 1950 causa
1578 1910 1766 1951 sumitur.
1825 1909 1924 1951 Loci
1946 1923 2059 1951 com-

293 1990 437 2018 munes
468 1990 521 2017 ex
552 1974 694 2015 decem
727 1975 957 2029 praeceptis
995 1971 1331 2013 commodissime
1367 1977 1584 2012 sumuntur
1613 1971 1845 2025 adaugendi
1876 1971 2057 2013 criminis

295 2052 429 2079 causa.
487 2040 553 2080 48.
584 2036 744 2077 Primus
775 2036 889 2077 locus
921 2035 1096 2076 sumitur
1127 2036 1176 2074 ab
1215 2033 1480 2080 auctoritate,
1529 2048 1621 2075 cum
1654 2047 2054 2083 commemoramus,

293 2106 470 2156 quantae
501 2112 622 2140 curae
654 2112 701 2139 ea
730 2112 795 2139 res
827 2098 948 2139 fuerit
978 2097 1055 2138 diis
1087 2095 1389 2137 immortalibus
1420 2102 1490 2136 aut
1518 2096 1748 2138 maioribus
1777 2096 1949 2146 nostris,
1992 2110 2056 2137 re·

243 2177 279 2203 ³0
295 2166 435 2217 gibus,
480 2160 734 2209 civitatibus,
777 2159 1034 2208 nationibus,
1075 2157 1314 2201 hominibus
1345 2159 1681 2213 sapientissimis,
1722 2160 1896 2202 senatui.
1953 2162 2056 2201 Item

293 2225 496 2272 maxime,
544 2237 626 2279 quo
667 2223 790 2265 modo
822 2223 872 2264 de
903 2223 964 2264 his
995 2221 1119 2264 rebus
1149 2220 1309 2276 legibus
1340 2221 1540 2262 sancitum
1571 2222 1636 2266 sit.
1697 2222 1911 2264 Secundus
1940 2221 2055 2263 loeus

294 2293 377 2336 est,
410 2300 502 2328 cum
532 2286 864 2333 consideramus,
906 2285 1001 2326 illae
1032 2299 1117 2331 res,
1164 2283 1214 2324 de
1245 2281 1394 2338 quibus
1425 2283 1711 2333 criminamur,
1744 2284 1795 2326 ad
1826 2299 1931 2340 quos
1961 2298 2057 2338 per-

292 2349 470 2400 tineant;
517 2355 655 2391 utrum
694 2349 745 2390 ad
785 2362 950 2394 omnes,
997 2347 1110 2402 quod
1149 2346 1451 2388 atrocissimum
1490 2353 1573 2396 est,
1624 2361 1674 2388 an
1713 2351 1763 2389 ad
1795 2347 2053 2403 superiores,

293 2415 404 2468 quod
436 2426 564 2465 genus
595 2412 623 2453 ii
654 2416 769 2459 sunt,
815 2425 837 2452 a
867 2409 1017 2467 quibus
1057 2407 1311 2451 auctoritatis
1352 2409 1467 2450 locus
1499 2411 1728 2451 communis
1758 2413 1953 2460 sumitur;
2003 2423 2054 2450 an

242 2490 277 2515 35
293 2474 344 2516 ad
374 2488 513 2530 pares,
546 2474 625 2516 hoc
655 2480 740 2522 est,
773 2475 815 2514 in
846 2473 1000 2515 eisdem
1031 2472 1218 2529 partibus
1249 2471 1398 2519 animi,
1433 2475 1646 2527 corporis,
1689 2472 1949 2514 fortunarum
1979 2485 2056 2524 po-

292 2537 416 2588 sitos;
463 2551 514 2577 an
554 2536 605 2578 ad
644 2537 885 2584 inferiores,
934 2537 1004 2592 qui
1042 2536 1234 2577 omnibus
1274 2533 1337 2574 his
1368 2532 1492 2575 rebus
1522 2534 1833 2576 antecelluntur.
1892 2533 2053 2575 Tertius

291 2599 409 2641 locus
440 2605 525 2649 est,
568 2614 649 2655 quo
682 2606 992 2655 percontamur,
1036 2597 1135 2654 quid
1166 2597 1218 2638 sit
1247 2602 1515 2645 eventurum,
1548 2597 1582 2639 si
1612 2596 1803 2638 omnibus
1823 2595 1932 2637 idem
1955 2609 2053 2637 con-

293 2662 482 2711 cedatur,
515 2667 572 2711 et,
605 2677 653 2703 ea
674 2677 720 2704 re
750 2662 958 2716 neglecta,
992 2660 1270 2708 ostendimus,
1304 2659 1403 2716 quid
1433 2660 1714 2716 periculorum
1745 2666 1866 2714 atque
1895 2658 2053 2700 incom-

291 2726 514 2768 modorum
544 2732 834 2780 consequatur.
897 2727 1076 2774 Quartus
1106 2724 1220 2765 locus
1258 2729 1338 2769 est,
1384 2736 1467 2778 quo
1508 2722 1833 2769 demonstratur,
1883 2720 1918 2762 si
1957 2720 2053 2761 huic

292 2789 344 2830 sit
373 2789 613 2839 remissum,
644 2789 795 2830 multos
826 2788 1044 2829 alacriores
1075 2786 1127 2828 ad
1156 2784 1354 2827 maleficia
1382 2784 1569 2835 futuros,
1609 2799 1712 2842 quos
1742 2783 1876 2826 adhuc
1905 2796 2052 2838 exspe-

385 2961 419 2992 1.
446 2965 584 2992 tantum
608 2969 676 2993 om.
696 2960 856 2991 PABFR.
907 2959 976 2991 Nos
1003 2959 1218 2990 seclusimus.
1248 2975 1285 2980 —-
1314 2957 1349 2989 7.
1376 2957 1526 2998 quidque
1552 2955 1581 2987 A
1608 2959 1641 2987 et
1667 2964 1754 2987 corr.
1775 2955 1816 2986 P.
1847 2970 1884 2976 -
1912 2955 1947 2986 8.
1971 2954 2048 2994 pri-

290 3016 385 3038 mum
405 3013 543 3045 postest
562 3018 629 3039 om.
654 3007 770 3038 PFRT
800 3005 869 3047 (liic
888 3008 921 3037 in
943 3005 1098 3044 lacuna),
1127 3006 1166 3035 L.
1195 3022 1237 3026 —
1263 3005 1482 3036 concluditur
1507 3003 1667 3034 PABFT.
1698 3019 1737 3024 -
1766 3003 1823 3034 13.
1853 3002 2049 3042 tripertitae

291 3054 370 3092 ΡΤ,
400 3055 440 3084 Ε.
491 3055 562 3088 (Sic
582 3054 746 3097 ubique.)
766 3070 804 3075 —
834 3053 981 3085 14—16.
1012 3053 1124 3084 Verba
1144 3052 1277 3082 seclusa
1304 3061 1370 3082 om.
1392 3051 1441 3087 T,
1469 3060 1521 3090 pr.
1543 3050 1644 3082 Leid.
1666 3051 1693 3081 1.
1716 3049 1814 3080 Voss.
1833 3048 1881 3079 11.
1933 3048 2047 3080 Ceteri

293 3105 400 3132 nostri
428 3106 575 3132 servant.
607 3119 645 3124 —
689 3102 743 3132 18.
771 3105 809 3132 ut
843 3100 1010 3140 quidqu-id
1044 3099 1113 3130 PT.
1148 3115 1191 3120 —
1229 3097 1411 3136 referimus
1438 3099 1481 3134 F,
1509 3098 1556 3133 L,
1592 3097 1697 3128 Sch.:
1740 3095 1931 3134 referamus
1964 3094 2045 3130 TE,

291 3149 474 3187 ‘referemus
497 3148 628 3179 PABR.
658 3166 697 3170 —
735 3148 793 3179 19.
818 3148 859 3178 Ιη
886 3157 952 3187 qua
980 3146 1059 3183 BT,
1089 3145 1135 3175 L:
1164 3145 1249 3175 Item
1274 3145 1436 3175 PAFRE.
1466 3161 1503 3166 —
1532 3144 1588 3174 -21,
1616 3145 1697 3184 ficta
1722 3142 1883 3175 PBFRT.
1913 3158 1950 3164 -
1987 3141 2045 3171 22.

293 3194 373 3225 Tria
393 3194 479 3225 haec
504 3198 584 3230 aut,
614 3204 700 3234 quae
727 3195 952 3228 seclusimus,
983 3201 1050 3223 non
1080 3196 1281 3229 comparent
1308 3194 1342 3222 in
1369 3192 1447 3228 ΡΑ,
1474 3199 1538 3222 nec
1566 3193 1598 3221 in
1626 3191 1674 3228 Β,
1704 3191 1763 3231 qui
1790 3189 1896 3219 habet
1921 3191 1952 3217 et
1974 3196 2047 3218 me-

291 3243 445 3277 moriae,
484 3250 598 3280 neque
639 3243 671 3272 in
704 3241 815 3277 FRT,
856 3243 915 3280 qui
950 3240 1080 3271 habent
1113 3239 1306 3277 inqeniique
1331 3255 1345 3260 -
1370 3255 1383 3261 -
1420 3243 1451 3270 ec
1477 3239 1675 3269 memoriae.
1711 3252 1753 3257 -
1794 3235 1851 3266 22.
1878 3242 1930 3266 res
1965 3237 2046 3265 sunt

292 3287 460 3319 I‘ABFT:
497 3292 575 3318 sunt
609 3296 662 3318 res
692 3288 765 3318 RE.
807 3305 843 3309 —
882 3289 939 3318 25.
969 3292 1015 3317 est
1044 3294 1094 3316 res
1119 3293 1204 3325 quac
1229 3284 1330 3315 ΑΓΒ.
1364 3301 1409 3307 —-
1451 3285 1509 3316 27.
1538 3289 1714 3317 sumentur
1739 3281 1808 3315 PT.
1846 3297 1885 3304 —
1923 3280 1984 3312 34·-
2011 3280 2046 3312 1ιὶ

293 3334 484 3367 ΡΑΒΓΙὶΤ.
514 3352 550 3358 -
580 3335 636 3367 38.
666 3335 878 3367 ostendemus
905 3333 1096 3365 PABFRT.
