2117 3762
683 279 781 320 LIB.
812 278 884 319 111.
943 279 987 321 C.
1023 280 1088 322 15.
1123 280 1190 321 16.
1226 279 1293 322 17.
1783 281 1864 322 305

111 387 230 432 sunt,
277 382 369 439 qui,
410 397 503 425 cum
534 382 612 439 ipsi
641 383 831 424 doctrina
862 389 901 425 et
931 385 1107 439 ingeniis
1139 383 1418 431 abundarent,
1459 395 1483 425 a
1511 397 1557 424 re
1587 388 1723 426 autem
1754 387 1865 428 civili

111 453 152 488 et
180 459 204 487 a
233 445 410 501 negotiis
440 445 565 488 animi
596 448 774 502 quodam
805 445 959 488 iudicio
990 450 1284 495 abhorrerent,
1325 448 1432 488 hanc
1460 445 1624 487 dicendi
1666 447 1867 488 exercita-

110 508 265 550 h'onem
299 511 555 563 exagitarent
583 515 706 562 atque
739 515 1065 553 contemnerent.
1125 514 1192 553 60.
1230 512 1418 559 Quorum
1449 509 1644 564 princeps
1676 511 1866 551 Socrates

114 569 219 625 [fuit]
255 571 309 617 is,
363 573 433 626 qui
468 569 652 613 omnium
686 572 941 614 eruditorum
976 574 1213 615 testimonio
1243 571 1452 627 totiusque
1481 571 1635 612 iudicio
1669 573 1865 613 Graeciae

111 648 204 674 cum
236 632 454 689 prudentia
484 639 525 674 et
554 633 741 673 acumine
774 639 814 674 et
841 642 1055 677 venustate
1077 641 1118 676 et
1138 634 1386 681 subtilitate,
1422 639 1506 674 tum
1537 647 1638 676 vero
1669 634 1896 690 eloquen-s

111 697 189 744 tia,
221 697 442 744 varietate,
477 694 622 749 copia,
655 709 778 750 quam
809 712 851 737 se
884 712 1045 753 cunque
1077 698 1119 739 in
1152 703 1308 753 partem
1339 697 1542 744 dedisset,
1574 698 1758 739 omnium
1790 696 1868 738 suit

110 757 230 799 saeile
262 759 478 812 princeps,
527 759 596 806 iis,
644 759 714 811 qui
745 758 870 807 haee,
919 775 1023 814 qnae
1053 774 1162 801 nunc
1193 773 1269 800 nos
1308 759 1568 814 quaerimus,
1617 766 1864 810 tractarent,

110 827 299 874 agerent,
340 823 556 867 docerent,
601 835 691 861 cuin
725 823 893 863 nomine
925 822 1233 877 appellarentur
1262 834 1372 868 uno,
1416 821 1530 875 quod
1560 823 1694 863 omnis
1724 836 1867 864 rerum

110 884 360 937 optimarum
391 881 572 935 cognitio
606 890 727 937 atque
760 885 799 923 in
833 885 881 924 iis
908 883 1149 926 exercitatio
1180 883 1538 938 philosophia
1567 886 1866 933 nominaretur,

112 946 189 984 hoc
227 957 446 985 commune
488 958 639 985 nomen
682 945 836 998 eripuit
874 946 1165 1000 sapienterque
1202 945 1407 987 sentiendi
1449 951 1490 987 et
1520 953 1662 988 ornate
1702 947 1916 990 dicendi1o

110 1007 322 1048 scientiam
353 1020 398 1048 re
429 1007 698 1048 cohaerentes
730 1007 1079 1062 disputationibus
1111 1008 1198 1050 suis
1228 1007 1456 1063 separavit;
1504 1008 1618 1050 cuius
1656 1011 1869 1064 ingenium

110 1068 331 1124 variosque
362 1084 576 1111 sermones
608 1070 903 1111 immortalitati
935 1073 1098 1127 scriptis
1129 1072 1213 1112 suis
1252 1073 1366 1113 Plato
1406 1070 1596 1120 tradidit,
1648 1087 1741 1114 cum
1778 1074 1869 1127 ipse

109 1131 287 1172 litteram
327 1133 517 1173 Socrates
554 1135 707 1174 nullam
747 1135 1001 1189 reliquisset.
1063 1135 1130 1174 61.
1177 1134 1282 1174 Hinc
1325 1132 1545 1175 discidium
1584 1133 1685 1176 illud
1715 1135 1871 1177 exstitit

109 1193 226 1247 quasi
256 1193 420 1248 linguae
451 1201 573 1249 atque
606 1198 768 1244 cordis,
801 1198 1027 1237 absurdum
1059 1209 1158 1237 sane
1180 1202 1220 1237 et
1240 1197 1385 1236 inutile
1408 1201 1448 1237 et
1468 1197 1869 1249 reprehendendum,

108 1262 153 1297 ut
183 1254 251 1296 alii
284 1271 359 1297 nos
390 1270 561 1312 sapere,
604 1257 673 1298 alii
706 1259 844 1299 dicere
876 1259 1118 1310 docerent.x
1153 1260 1278 1306 Nam,
1322 1272 1417 1299 cum
1448 1264 1588 1299 essent
1616 1260 1759 1312 plures
1789 1262 1918 1302 orti13

108 1317 197 1359 sere
227 1333 249 1360 a
281 1321 472 1369 Socrate,
517 1323 629 1375 quod
671 1335 721 1361 ex
765 1320 874 1361 illius
914 1321 1038 1361 variis
1079 1325 1120 1361 et
1156 1320 1331 1362 diversis
1369 1321 1482 1362 etin
1513 1335 1679 1362 omnem
1709 1328 1870 1376 partem

109 1379 270 1422 diffusis
301 1383 647 1438 disputationibus
673 1383 776 1424 alius
797 1383 909 1424 aliud
930 1383 1282 1438 apprehenderat,
1315 1384 1621 1436 proseminatae
1640 1391 1735 1426 sunt
1755 1389 1871 1440 quasi

107 1441 286 1486 familiae
326 1445 615 1487 dissentientes
655 1449 761 1487 inter
803 1460 846 1487 se
891 1452 932 1487 et
969 1444 1143 1486 multum
1183 1445 1412 1487 disiunctae
1450 1451 1492 1487 et
1520 1447 1731 1500 dispares,
1777 1463 1870 1490 cum

109 1510 246 1547 tamen
276 1520 420 1549 omnes
451 1522 494 1550 se
535 1507 776 1563 philosophi
816 1509 1048 1550 Socraticos
1088 1513 1130 1548 et
1166 1506 1246 1549 dici
1286 1507 1440 1549 vellent
1488 1514 1530 1549 et
1569 1523 1660 1550 esse
1698 1508 1872 1552 arbitra-

108 1575 269 1611 rentur.
331 1573 461 1612 xvn.
496 1573 561 1612 62.
591 1573 650 1611 Ac
680 1571 816 1626 primo
846 1573 897 1612 ab
930 1570 1019 1625 ipso
1051 1570 1224 1610 Platone
1255 1570 1500 1612 Aristoteles
1531 1576 1572 1612 et
1590 1573 1922 1624 Xenocrates32o

109 1645 289 1687 quorum
320 1633 423 1674 alter
452 1633 845 1687 Peripateticorum,
877 1633 982 1675 alter
1011 1633 1257 1675 Academiae
1286 1645 1443 1674 nomen
1473 1634 1674 1682 obtinuit,
1720 1636 1871 1676 deinde

109 1696 161 1735 ab
193 1696 563 1752 Antisthene„qui
593 1697 831 1751 patientiam
863 1702 903 1737 et
933 1695 1128 1737 duritiam
1158 1694 1202 1736 in
1233 1696 1445 1737 Socratico
1476 1709 1669 1738 sermone
1689 1699 1872 1738 maxime

109 1756 341 1807 adamarat‚
377 1760 517 1814 Cynici
546 1760 749 1814 primum,
783 1759 932 1800 deinde
966 1759 1118 1805 Stoici,
1155 1763 1240 1799 tum
1272 1759 1324 1798 ab
1354 1757 1589 1813 Aristippo,
1621 1773 1745 1813 quem
1775 1761 1871 1801 illae

109 1819 241 1875 magis
271 1821 527 1876 voluptariae
559 1820 856 1876 disputationes
888 1822 1164 1869 delectarant‚
1200 1819 1425 1875 Cyrenaica
1448 1820 1711 1876 philosophia
1731 1835 1872 1863 mana-

107 1881 190 1931 vit,
243 1897 365 1938 quam
405 1883 474 1924 ille
517 1889 557 1924 et
599 1885 688 1925 eius
724 1883 882 1938 posteri
918 1884 1162 1939 simpliciter
1200 1881 1497 1931 defenderunt,
1544 1884 1612 1932 hi,
1661 1885 1732 1940 qui
1763 1897 1920 1926 nunc25

107 1945 320 1999 voluptate
366 1948 506 1987 omnia
541 1948 791 1995 metiuntur,
843 1945 941 1988 dum
979 1944 1255 1987 verecundius
1291 1946 1334 1985 id
1376 1949 1523 2000 agunt,
1570 1959 1647 1986 nec
1685 1947 1872 2001 dignitati

108 2007 385 2058 satisfaciunt,
435 2022 560 2064 quam
603 2023 688 2049 non
733 2014 1031 2064 aspernantur,
1081 2023 1160 2050 nec
1204 2008 1460 2062 voluptatem
1504 2015 1695 2060 tuentur,
1748 2025 1872 2066 quam

108 2069 337 2125 amplexari
375 2070 534 2113 volunt.
594 2073 778 2112 Fuerunt
820 2071 945 2112 etiam
989 2072 1070 2112 alia
1099 2084 1252 2125 genera
1293 2073 1662 2127 philosophorum,
1713 2073 1785 2130 qui
1828 2087 1873 2114 se

109 2147 256 2176 omnes
285 2133 373 2176 fere
405 2135 639 2175 Socraticos
671 2149 762 2176 esse
794 2134 1011 2181 dicebant,
1039 2134 1348 2182 Eretricorum,
1394 2134 1691 2185 Herilliorum,
1732 2138 1874 2190 Mega-

107 2197 319 2246 ricorum,
352 2199 715 2252 Pyrrhoneorum3
762 2199 834 2238 sed
865 2210 914 2238 ea
943 2199 1094 2237 horum
1124 2197 1165 2237 vi
1198 2201 1239 2237 ct
1269 2195 1617 2252 disputationibus
1649 2203 1743 2240 sunt
1771 2199 1921 2242 iam-30

110 2259 182 2301 diu
212 2258 340 2300 fracta
370 2265 412 2301 et
440 2261 659 2302 exstincta.
721 2262 789 2302 63.
823 2262 884 2301 Ex
913 2258 994 2299 illis
1025 2263 1190 2308 autem,
1223 2272 1328 2314 quae
1350 2264 1585 2308 remanent,
1619 2273 1666 2302 ea
1686 2259 1872 2315 philoso-

108 2321 230 2378 phia,
263 2335 368 2376 quae
399 2323 581 2377 suscepit
609 2321 884 2375 patrocinium
904 2321 1149 2377 voluptatis,
1182 2323 1257 2364 etsi
1278 2322 1344 2363 cui
1365 2336 1464 2364 vera
1484 2324 1697 2372 videatur,
1728 2323 1872 2377 procul

110 2387 228 2427 abest
271 2391 409 2426 tamen
452 2386 503 2426 ab
545 2397 596 2426 eo
634 2385 750 2433 viro,
796 2398 920 2439 quem
960 2385 1198 2440 quaerimus
1239 2389 1279 2426 et
1319 2399 1443 2440 quem
1473 2393 1687 2428 auctorem
1717 2385 1870 2441 publici

110 2446 273 2490 consilii
304 2453 345 2489 et
372 2448 583 2501 regendae
615 2447 791 2488 civitatis
823 2448 971 2487 ducem
993 2451 1033 2487 et
1054 2446 1281 2488 sententiae
1311 2454 1435 2502 atque
1467 2448 1727 2504 eloquentiae
1759 2449 1871 2503 prin-

111 2511 245 2566 cipem
274 2509 319 2551 in
348 2515 518 2558 senatu,
551 2510 593 2549 in
622 2509 804 2564 populo,
841 2508 883 2549 in
913 2509 1047 2549 causis
1077 2510 1255 2563 publicis
1287 2524 1377 2552 esse
1406 2512 1613 2552 volumus.
1674 2514 1758 2552 Nec
1787 2509 1869 2550 ulla
1882 2527 1916 2554 ³5

109 2577 250 2616 tamen
289 2573 327 2614 ei
364 2570 657 2627 philosophiae
695 2569 766 2612 fiet
794 2570 945 2611 iniuria
974 2584 999 2611 a
1027 2570 1164 2612 nobis.
1225 2573 1319 2613 Non
1350 2572 1461 2613 enim
1492 2573 1719 2628 repelletur
1748 2573 1865 2620 inde,

111 2650 194 2691 quo
226 2634 396 2690 aggredi
426 2633 588 2690 cupiet3
639 2635 710 2675 sed
741 2634 785 2674 in
813 2634 990 2675 hortulis
1021 2632 1207 2688 quiescet
1237 2636 1347 2684 suis,
1385 2637 1458 2677 ubi
1488 2635 1598 2684 vult,
1642 2636 1714 2676 ubi
1744 2635 1868 2674 etiam

111 2697 313 2740 recubans
343 2697 521 2740 molliter
549 2703 590 2739 et
619 2695 792 2738 delicate
822 2709 898 2737 nos
929 2701 1075 2737 avocat
1104 2710 1127 2737 a
1157 2696 1339 2747 Rostris,
1391 2711 1416 2739 a
1443 2699 1625 2745 iudiciis,
1674 2711 1696 2738 a
1726 2697 1864 2744 curia,

111 2759 287 2802 fortasse
331 2763 562 2816 sapienter,
613 2758 690 2800 hac
734 2759 978 2812 praesertim
1020 2773 1066 2799 re
1103 2758 1284 2811 publica.
1352 2761 1421 2801 64.
1470 2761 1623 2801 Verum
1667 2772 1744 2812 ego
1782 2771 1868 2799 non

113 2835 268 2877 quaero
296 2836 430 2872 nunc,
478 2835 583 2878 quae
621 2821 674 2862 sit
703 2820 965 2876 philosophia
993 2822 1228 2871 verissima,
1270 2823 1342 2863 sed
1373 2835 1478 2877 quae
1510 2822 1664 2862 oratori
1695 2819 1915 2866 coniun-40

114 2890 179 2925 cta
200 2887 392 2926 maxime.
455 2885 594 2934 Quare
623 2884 725 2926 istos
756 2882 844 2924 sine
875 2883 958 2924 ulla
989 2884 1237 2925 contumelia
1268 2883 1548 2933 dimittamus;
1581 2888 1674 2924 sunt
1696 2884 1805 2923 enim
1825 2888 1867 2924 et

111 2948 214 2989 boni
243 2947 320 2989 viri
351 2952 416 2997 et,
448 2947 644 3002 quoniam
674 2945 754 2988 sihi
786 2945 842 2987 ita
871 2944 1087 2995 videntur,
1120 2946 1254 2997 beati;
1287 2952 1526 2999 tantumque
1548 2957 1620 2986 eos
1642 2943 1866 2986 admonea-

206 3088 240 3120 2.
267 3091 298 3119 et
324 3095 392 3119 om.
419 3086 462 3118 R.
489 3101 532 3108 —
556 3085 590 3118 ά.
619 3083 715 3128 [[αἰι]
733 3109 741 3125 ,
776 3086 829 3125 is,
855 3086 914 3126 qui
940 3085 1097 3117 Ellendt:
1135 3084 1205 3125 suit
1228 3086 1280 3117 his
1306 3085 1364 3127 qui
1388 3085 1436 3122 B,
1464 3083 1553 3124 suit:
1586 3084 1617 3115 is
1643 3084 1702 3125 qut
1725 3084 1801 3117 RE.
1822 3101 1861 3108 —

112 3134 149 3168 7.
174 3134 210 3167 Is
234 3135 300 3171 iis,
328 3134 388 3174 qui
412 3133 438 3165 E
465 3135 556 3164 conl.
583 3148 625 3155 —
650 3142 742 3164 nunc
765 3141 828 3164 nos
855 3132 965 3164 Codd.
994 3133 1061 3164 aL:
1089 3141 1153 3163 nos
1177 3141 1269 3163 nunc
1296 3132 1401 3162 BRE.
1433 3146 1470 3153 —-
1511 3131 1567 3162 11.
1594 3139 1630 3162 re
1656 3139 1724 3163 om.
1751 3131 1792 3163 B.
1819 3147 1865 3153 —

113 3182 171 3213 21.
190 3181 472 3214 Academicorum
489 3179 532 3210 R.
552 3195 592 3202 -
619 3178 676 3210 23.
704 3183 777 3210 tum
791 3179 848 3218 ab]
868 3189 944 3210 cum
962 3179 1001 3210 B.
1028 3195 1067 3200 —
1097 3178 1153 3210 25.
1182 3179 1408 3220 defenderant
1434 3177 1474 3208 B.
1492 3191 1532 3199 -
1558 3176 1593 3208 hi
1611 3177 1638 3207 Β
1656 3178 1786 3219 aliique
1803 3186 1812 3208 ε
1837 3179 1865 3209 is·

114 3226 186 3260 RE.
212 3245 257 3250 --
282 3227 339 3259 26.
367 3228 515 3265 dumque
540 3225 582 3256 11.
611 3242 652 3248 -
695 3225 753 3256 27.
779 3235 840 3257 nec
864 3226 1078 3266 voluptatem
1103 3233 1171 3256 om.
1199 3225 1238 3256 B.
1270 3240 1304 3246 -
1345 3224 1402 3255 29.
1431 3222 1591 3255 dicebant
1627 3223 1703 3255 libri
1742 3224 1864 3264 (etlam

113 3274 234 3315 B),R=
260 3274 414 3306 dicerene
439 3273 631 3304 Ernestius.
660 3287 701 3293 —
735 3272 925 3304 Erillorum
949 3273 991 3304 B.
1026 3287 1067 3294 ——
1105 3270 1162 3302 32.
1188 3270 1327 3302 videtur
1353 3272 1394 3302 R.
1421 3286 1463 3293 -
1504 3269 1562 3302 34.
1588 3271 1760 3310 reyendae
1785 3271 1862 3302 libri

117 3321 236 3362 (ettam
261 3319 378 3363 B),R:
419 3319 589 3361 yerendae
614 3318 768 3351 Ernestii
794 3327 935 3359 operae.
975 3331 1010 3341 -—
1055 3316 1113 3352 39.
1146 3326 1186 3351 ac
1205 3318 1417 3358 praesertim
1442 3325 1466 3349 α
1489 3324 1526 3348 re
1547 3324 1585 3358 p.
1612 3317 1663 3358 B,
1698 3327 1739 3351 ac
1760 3325 1863 3358 prae-

114 3369 236 3402 sertim
259 3370 367 3400 etiam
391 3375 414 3400 a
438 3374 474 3401 re
494 3375 533 3408 p.
559 3365 602 3397 R.

192 3439 285 3468 cicero
304 3438 334 3469 r.
353 3438 375 3469 1.
1364 3434 1420 3475 20
