2117 3762
819 293 862 334 C.
898 296 962 339 50.
995 296 1061 337 51.
1096 296 1163 336 52.
1782 300 1861 341 373

112 401 227 442 bium
259 398 403 442 suisset
432 399 540 456 apud
571 404 709 454 patres
747 405 935 446 nostros,
988 399 1165 454 eligendi
1207 401 1271 440 cui
1313 398 1477 455 patroni
1515 398 1685 442 daretur
1727 405 1861 457 optio,

113 461 211 516 quin
243 470 313 504 aut
341 463 561 504 Antonium
602 468 764 515 optaret
803 469 871 503 aut
911 465 1130 504 Crassum?
1181 464 1362 504 Aderant
1403 461 1517 503 multi
1558 462 1649 504 alii:
1702 469 1860 515 tamen,

111 531 249 567 utrum
281 528 331 567 de
364 527 424 567 his
456 525 591 578 potius
622 525 851 565 dubitasset
883 526 1051 581 aliquis,
1085 527 1182 581 quin
1204 527 1378 566 alterum
1413 538 1549 569 nemo.
1608 526 1736 574 Quid,
1767 527 1866 568 ado-

111 587 361 630 lescentibus
391 586 528 635 nobis,
559 600 651 628 cum
683 593 789 628 esset
821 589 936 630 Cotta
972 595 1012 630 et
1035 589 1301 635 Hortensius,
1333 601 1430 628 num
1461 588 1576 642 quis,
1610 588 1675 634 eui
1697 589 1864 642 quidem

112 649 289 703 eligendi
332 656 511 705 potestas
555 654 683 697 esset,
737 664 982 705 quemquam
1035 650 1096 691 his
1145 648 1450 702 anteponebat‘?
1509 651 1576 691 Lt.
1621 652 1712 691 190.
1758 654 1894 692 Tums

110 715 281 761 Brutus,
314 714 422 763 Quid
454 719 517 759 tu,
548 711 704 767 inquit,
739 715 903 768 quaeris
933 715 1062 755 alios?
1093 714 1143 753 dc
1175 718 1213 753 te
1246 714 1334 767 ipso
1358 727 1517 760 nonne,
1550 711 1647 768 quid
1670 719 1864 768 optarent

110 777 198 824 rei,
243 777 341 832 quid
371 777 458 829 ipse
489 776 736 816 Hortensius
767 774 993 824 iudicaret,
1041 774 1314 817 videbamus?
1365 776 1458 828 qui,
1507 788 1599 815 cum
1637 775 1864 830 partiretur

109 843 247 880 tecum
279 851 418 880 causas
439 860 493 868 —
523 851 647 892 saepe
679 839 786 878 enim
818 838 1078 885 interfui—,
1111 835 1333 891 perorandi
1355 836 1515 885 locum,
1548 838 1619 878 ubi
1641 837 1864 893 plurimum

108 900 236 958 pollet
265 901 423 948 oratio,
467 913 631 954 semper
661 900 733 941 tibi
767 900 1042 954 relinquebat.
1102 899 1295 941 Faciebat
1332 898 1400 939 ille
1437 899 1624 953 quidem,
1674 901 1863 956 inquam:

110 970 151 1005 et
180 962 283 1003 mihi
311 960 624 1009 benevolentia,
673 964 819 1010 credo,
863 965 1008 1003 ductus
1039 960 1246 1003 tribuebat
1277 961 1431 1002 omnia.
1495 960 1576 1002 Sed
1607 975 1708 1016 ego,
1758 976 1863 1018 quae
1878 977 1914 1002 10

109 1027 160 1066 de
198 1038 265 1065 me
304 1023 446 1078 populi
485 1025 536 1064 sit
576 1024 740 1078 opinio,
790 1025 954 1065 nescio:
1007 1025 1058 1064 de
1090 1024 1261 1078 reliquis
1293 1024 1374 1063 hoc
1415 1022 1602 1072 affirmo,
1651 1024 1721 1079 qui
1751 1025 1862 1079 vulgi

108 1086 305 1141 opinione
335 1085 591 1127 disertissimi
622 1085 750 1127 habiti
784 1088 885 1135 sint,
933 1089 1104 1128 eosdem
1144 1085 1462 1139 intelligentium
1503 1100 1670 1141 quoque
1707 1088 1862 1129 iudicio

105 1150 233 1192 fuisse
263 1147 589 1203 probatissimos.
652 1151 743 1190 191.
787 1151 872 1190 Nec
911 1151 1019 1190 enim
1059 1154 1198 1204 posset
1227 1148 1335 1189 idem
1366 1150 1669 1191 Demosthenes
1701 1151 1862 1198 dicere,

109 1213 221 1267 quod
261 1214 415 1254 dixisse
454 1213 768 1260 Antimachum,
815 1211 970 1253 clarum
1007 1218 1193 1267 poetam,
1235 1210 1399 1259 serunt,
1441 1210 1513 1266 qui
1549 1226 1668 1261 cum,
1711 1226 1865 1254 convo-

107 1273 208 1316 catis
245 1273 522 1323 auditoribus,
571 1274 728 1328 legeret
767 1274 826 1315 eis
867 1288 1060 1329 magnum
1104 1273 1229 1322 illud,
1276 1272 1388 1329 quod
1433 1274 1625 1320 novistis,
1670 1274 1912 1317 volumenu.

107 1351 226 1379 suum
258 1342 299 1377 et
328 1351 423 1378 eum
454 1339 658 1391 legentem
689 1351 833 1379 omnes
863 1343 1028 1393 praeter
1065 1338 1279 1378 Platonem
1310 1335 1596 1391 reliquissent,
1635 1339 1859 1390 «Legam,»

106 1399 263 1454 inquit,
300 1399 451 1441 «nihilo
475 1402 630 1442 minus:
664 1400 778 1441 Plato
803 1399 913 1441 enim
940 1401 1040 1440 milii
1061 1413 1166 1440 unus
1186 1400 1318 1440 instar
1339 1404 1399 1440 est
1429 1399 1654 1441 omnium.»
1715 1402 1862 1441 Merito

106 1462 176 1504 ille
207 1468 248 1503 ct
277 1467 400 1503 recte.
458 1464 612 1504 Poema
641 1463 750 1504 enim
780 1464 1044 1504 reconditum
1076 1474 1306 1515 paucorum
1328 1459 1694 1516 approbationem,
1729 1464 1864 1504 oratio

106 1526 320 1581 popularis
360 1538 568 1567 assensum
610 1526 722 1580 vulgi
753 1528 877 1567 debet
907 1538 1092 1567 movere.
1154 1526 1205 1565 At
1235 1525 1268 1565 si
1299 1527 1479 1565 eundem
1511 1526 1621 1566 hunc
1650 1526 1862 1566 Platonem

107 1601 235 1629 unum
281 1585 511 1629 auditorem
552 1587 725 1630 haberet
767 1590 1087 1635 Demosthenes,
1141 1599 1234 1628 cuin
1277 1592 1386 1628 esset
1426 1586 1596 1628 relictus
1635 1601 1659 1628 a
1697 1588 1914 1635 ceteris‚2o

106 1652 280 1692 verbum
311 1651 448 1691 facere
478 1664 560 1692 non
591 1657 743 1706 posset.
805 1653 896 1694 192.
942 1650 1070 1700 Quid,
1110 1655 1176 1698 tn,
1216 1652 1367 1698 Brute,
1415 1662 1634 1704 possesne,
1683 1650 1717 1690 si
1748 1655 1787 1691 te
1819 1656 1865 1690 ut

109 1714 330 1755 Curionem
361 1716 568 1767 quondam
600 1715 740 1755 contio
769 1715 1030 1768 reliquisset?
1060 1715 1149 1767 Ego
1180 1725 1306 1760 vero,
1339 1713 1472 1767 inquit
1501 1711 1593 1760 ille,
1627 1716 1672 1753 ut
1700 1726 1766 1753 me
1790 1711 1862 1753 tibi

107 1774 309 1822 indicem,
344 1776 385 1815 in
416 1776 474 1816 eis
506 1775 628 1816 ctiam
660 1775 816 1824 causis,
863 1777 906 1817 in
937 1775 1089 1830 quibus
1122 1776 1255 1816 omnis
1285 1788 1353 1815 res
1384 1775 1505 1815 nobis
1536 1786 1627 1814 cum
1658 1773 1862 1816 iudicibus

108 1843 189 1884 est,
239 1849 321 1878 non
359 1849 451 1877 cum
490 1837 670 1892 populo,
718 1844 878 1886 tamen,
927 1840 959 1879 si
997 1851 1018 1878 a
1050 1850 1203 1879 corona
1237 1835 1407 1877 relictus
1446 1835 1544 1883 sim,
1593 1848 1675 1877 non
1713 1850 1863 1890 queam

107 1898 261 1940 dicere.
322 1899 380 1939 Ita
411 1913 476 1946 se,
516 1899 703 1955 inquam,
749 1913 816 1941 res
845 1901 995 1941 habet:
1042 1904 1109 1947 ut,
1152 1899 1185 1940 si
1215 1899 1340 1939 tibiae
1370 1898 1535 1939 inflatae
1566 1912 1650 1939 non
1680 1898 1862 1940 referant
1877 1914 1912 1942 25

107 1974 277 2009 sonum,
309 1960 558 2002 abiiciendas
592 1975 661 2002 eas
691 1963 769 2002 sibi
801 1960 953 2002 tibicen
984 1967 1124 2017 putet,
1158 1961 1216 2002 sic
1245 1960 1401 2002 oratori
1432 1961 1575 2017 populi
1606 1975 1727 2003 aures
1760 1968 1862 2003 tam-

107 2038 230 2079 quam
269 2023 394 2066 tibiae
434 2029 551 2074 sunt;
598 2037 671 2065 eac
708 2025 740 2065 si
771 2023 954 2065 inflatum
985 2039 1069 2065 non
1100 2023 1303 2079 recipiunt
1333 2030 1402 2065 aut
1433 2024 1468 2066 si
1499 2026 1665 2067 auditor
1695 2026 1863 2066 omnino

106 2094 315 2143 tamquam
346 2101 478 2142 equus
508 2101 591 2127 non
621 2086 743 2135 facit,
795 2086 979 2140 agitandi
1016 2086 1108 2128 finis
1138 2085 1350 2128 faciendus
1383 2091 1458 2128 est.
1519 2089 1604 2129 L11.
1638 2089 1729 2129 193.
1774 2089 1865 2128 Hoc

107 2155 243 2191 tamen
273 2151 472 2198 interest,
505 2152 616 2205 quod
647 2149 794 2202 vulgus
824 2151 1029 2190 interdum
1061 2162 1145 2190 non
1175 2148 1433 2204 probandum
1465 2155 1676 2192 oratorem
1698 2151 1862 2206 probat,

107 2214 180 2254 sed
210 2214 360 2267 probat
390 2212 478 2253 sine
508 2214 844 2267 comparatione:
899 2226 992 2254 cum
1023 2226 1047 2253 a
1076 2210 1279 2253 mediocri
1309 2218 1379 2253 aut
1409 2214 1530 2253 etiam
1563 2226 1584 2254 a
1615 2212 1723 2254 malo
1755 2213 1866 2254 dele·
1880 2225 1915 2251 ³0

109 2280 265 2323 ctatur,
299 2287 350 2315 eo
382 2279 444 2315 est
474 2280 712 2322 contentus,
744 2287 834 2315 esse
866 2274 1012 2315 melius
1042 2287 1126 2315 non
1156 2277 1300 2325 sentit;
1346 2274 1471 2324 illud,
1506 2273 1618 2331 quod
1650 2280 1734 2324 est,
1767 2289 1867 2331 qua-

107 2337 310 2392 lecunque
332 2342 415 2383 est,
448 2338 610 2392 probat.
670 2339 800 2378 Tenet
830 2338 939 2377 enim
971 2350 1093 2378 aures
1123 2336 1190 2378 vel
1221 2337 1446 2378 mediocris
1477 2343 1638 2386 orator,
1671 2338 1721 2380 sit
1741 2337 1864 2379 modo

108 2398 265 2455 aliquid
296 2401 337 2440 in
369 2412 444 2439 eo:
496 2412 570 2440 nec
611 2414 676 2440 res
715 2399 798 2440 ulla
834 2399 926 2453 plus
959 2399 1069 2452 apud
1100 2399 1260 2440 animos
1290 2399 1505 2441 hominum
1536 2414 1658 2456 quam
1691 2400 1795 2441 ordo
1826 2406 1867 2441 et

109 2467 279 2503 ornatus
311 2463 508 2503 orationis
540 2463 664 2502 valet.
729 2464 822 2503 194.
857 2462 995 2510 Quare
1027 2460 1118 2515 quis
1149 2474 1200 2501 cx
1230 2461 1408 2517 populo,
1442 2476 1535 2504 cum
1557 2464 1604 2512 Q.
1626 2462 1864 2503 Scaevolam

107 2538 187 2580 pro
218 2528 270 2567 M.
295 2524 482 2580 Coponio
514 2524 717 2565 dicentem
749 2526 911 2565 audiret
939 2525 981 2564 in
1013 2536 1060 2564 ca
1091 2536 1239 2572 causa,
1282 2526 1333 2565 de
1364 2538 1443 2580 qua
1472 2531 1567 2566 ante
1597 2526 1707 2573 dixi,
1748 2524 1863 2580 quid·
1879 2535 1913 2562 σε

108 2601 232 2643 quam
261 2587 430 2642 politius
460 2593 529 2628 aut
560 2587 784 2642 elegantius
815 2592 884 2627 aut
915 2587 1083 2627 omnino
1111 2585 1258 2627 melius
1279 2591 1349 2628 aut
1369 2593 1630 2643 exspectaret
1652 2591 1720 2627 aut
1740 2599 1863 2640 posse

204 2722 238 2753 2.
266 2719 436 2761 Aderant]
477 2722 520 2752 At
548 2726 649 2753 erant
676 2722 758 2753 Ern.
795 2723 1033 2761 suspicionem
1067 2722 1202 2760 recepit
1238 2720 1319 2753 Scb.
1350 2738 1386 2744 —
1429 2721 1463 2752 4.
1493 2718 1587 2760 esset]
1615 2723 1723 2752 essent
1749 2722 1863 2751 «coni.

110 2768 214 2806 Em..
242 2777 344 2808 quain
375 2769 436 2800 Ed.
459 2777 509 2807 pr.
539 2769 675 2807 probari
705 2769 860 2800 dicunt.»
889 2769 1076 2800 Eumor-
1129 2767 1244 2799 nabet
1262 2777 1306 2808 >re
1335 2776 1413 2800 vera
1441 2771 1547 2799 essent
1574 2767 1616 2797 R.
1645 2783 1685 2788 —
1714 2766 1767 2798 14.
1796 2767 1865 2798 cla-

109 2824 189 2846 rum
214 2815 289 2846 libri
317 2819 351 2846 et
375 2816 424 2846 R:
463 2816 618 2848 Clarium
644 2824 720 2846 cum
748 2816 959 2847 Ascensiana
986 2813 1140 2847 secunda
1167 2814 1287 2846 Lamb.
1312 2814 1350 2846 E.
1381 2830 1418 2836 —
1457 2815 1512 2846 17.
1543 2814 1706 2844 omnium.
1734 2812 1865 2845 Merito

109 2861 167 2892 ille
192 2866 223 2893 et
255 2867 346 2893 recte
379 2862 554 2894 Romana:
602 2864 754 2893 omnium
789 2871 841 2893 me
876 2863 975 2893 illum
1007 2866 1038 2892 ec
1070 2865 1157 2892 recte
1195 2861 1292 2899 libri,
1333 2862 1484 2892 omnium
1516 2860 1663 2891 milium.
1710 2860 1756 2892 Ec
1779 2864 1866 2892 recte

112 2907 264 2940 Corrado
291 2912 432 2940 auctore
458 2909 603 2940 barbare
638 2909 757 2940 Lamb.
787 2908 827 2940 E.
856 2907 1058 2948 (multorum
1089 2907 1237 2938 milium.
1289 2908 1524 2944 Camerarius,
1561 2911 1693 2937 centum
1716 2906 1863 2937 milium.

113 2955 157 2987 Et
181 2957 272 2986 recte
299 2955 377 2985 olim
405 2964 465 2995 ego
493 2965 532 2988 ex
561 2956 650 2994 Epp.
679 2956 720 2987 ad
749 2957 854 2986 Attio.
883 2955 924 2992 2,
952 2954 993 2985 5:
1039 2952 1123 2985 Cato
1154 2954 1210 2986 ille
1245 2959 1381 2987 noster,
1425 2954 1484 2993 qni
1508 2952 1590 2983 mihi
1615 2961 1703 2983 unus
1729 2956 1777 2984 est
1799 2962 1865 2992 pro

111 3004 244 3033 centum
268 3001 440 3035 milibus„
485 3004 649 3033 omnium.
700 3003 871 3034 Nimirum
898 3004 983 3031 recte
1009 3000 1188 3032 Ochsnero
1214 3006 1354 3032 auctore
1381 2999 1528 3039 Meyer.)
1555 3015 1590 3021 —
1633 2999 1691 3030 19.
1717 2999 1864 3041 movere]

111 3048 241 3079 moveri
267 3047 371 3081 libri:
413 3050 566 3080 «mereri
593 3049 656 3080 Ed.
687 3058 737 3088 pr.
766 3047 822 3087 (R)
855 3048 1016 3079 habere
1049 3047 1260 3079 dicitur.»
1300 3047 1489 3077 lirtnxnr.
1542 3044 1712 3085 singulari
1741 3048 1775 3078 in
1801 3055 1865 3078 nos

113 3094 304 3126 diffidentia
332 3093 388 3125 hic
414 3099 520 3134 atque
546 3095 627 3127 alibi
655 3098 767 3127 utitur
793 3095 939 3127 Criticus
967 3093 1180 3127 Germanus,
1210 3097 1269 3133 qui
1298 3098 1410 3124 tamen
1437 3102 1454 3124 a
1473 3095 1678 3132 semetipso
1705 3092 1863 3125 collatam

112 3149 187 3174 esse
213 3141 405 3173 Romanam
432 3149 570 3175 narrare
597 3142 734 3174 videtur
761 3145 794 3174 in
822 3141 932 3174 Praei.
962 3148 994 3179 p.
1017 3139 1060 3172 X.
1090 3140 1180 3179 Ego,
1209 3142 1267 3180 qui
1296 3139 1388 3170 domi
1415 3147 1511 3171 meae
1538 3146 1612 3170 eam
1633 3147 1725 3171 nunc
1750 3141 1863 3179 ipsum

111 3188 247 3226 babeo,
291 3196 351 3226 pro
389 3192 481 3218 certo
520 3190 637 3220 testari
676 3198 815 3227 possum
850 3190 883 3219 in
919 3196 957 3219 ea
992 3195 1064 3218 esse
1089 3187 1232 3227 mereri,
1275 3187 1366 3226 quod
1395 3188 1511 3217 nescio
1538 3193 1601 3216 cur
1626 3185 1680 3218 ille
1707 3190 1861 3226 recepit;

112 3240 229 3267 nostra
257 3234 361 3266 lectio
388 3233 535 3265 debetur
561 3235 728 3266 Coi-rado.
781 3235 847 3267 On.
879 3251 916 3256 —
961 3233 1017 3264 21.
1042 3241 1219 3271 possesne,
1247 3233 1278 3263 si
1302 3234 1445 3264 Ascens.
1475 3241 1525 3272 pr.
1555 3233 1771 3271 praecipiens
1797 3233 1863 3264 Gu-

113 3281 230 3314 lielmii
258 3282 369 3313 coni.:
394 3288 510 3319 posses
535 3282 603 3311 nisi
627 3281 735 3312 Palat.
765 3281 882 3313 Cuiac.
910 3284 943 3312 et
961 3280 1094 3319 aliquot
1113 3278 1298 3315 Ellendtil,
1323 3287 1462 3318 posses,
1490 3279 1521 3310 si
1547 3286 1626 3310 cum
1646 3282 1767 3311 ceteris
1788 3279 1861 3310 RE.

116 3345 154 3351 —
182 3326 239 3359 30.
268 3337 290 3358 a
314 3331 393 3359 ante
419 3327 511 3358 malo
537 3336 606 3358 om.
633 3327 675 3358 Ι).
704 3327 766 3367 Lg.
794 3327 944 3366 (praeter
969 3326 1024 3357 20.
1051 3323 1122 3363 58.)
1150 3324 1215 3357 Gu.
1247 3325 1278 3355 1.
1311 3325 1344 3356 2.
1372 3325 1496 3358 Dresd.
1523 3324 1565 3356 R.
1603 3343 1639 3350 -
1681 3326 1863 3358 delectetur

115 3374 182 3407 Gu.
211 3376 245 3406 1.
273 3374 306 3405 2.
336 3373 461 3406 Dresd.
489 3373 605 3407 Peter.
632 3390 673 3396 —
701 3373 759 3405 36.
785 3375 862 3416 fieri
881 3381 982 3414 posse
1007 3372 1049 3405 D.
1079 3370 1146 3403 Gu.
1175 3373 1207 3404 1.
1235 3371 1284 3412 R,
1310 3372 1451 3415 Meyer,
1480 3376 1519 3405 ut
1542 3370 1580 3414 §-
1606 3372 1684 3405 197.
