2117 3762
281 270 359 310 160
946 269 1014 308 DE
1052 269 1106 308 IN
1114 269 1378 311 VENTIONE

278 380 422 416 contra
463 372 656 416 contendi
696 376 842 426 neget3
892 376 1032 412 utrum
1072 386 1228 426 negare
1269 388 1393 415 ausus
1426 372 1497 420 sit,
1543 385 1586 414 se
1619 373 1758 414 dicere
1789 375 2034 417 desiturum.

280 439 372 478 126.
407 438 449 478 Si
480 442 671 477 neutrum
702 439 826 487 neget
857 439 898 474 et
929 438 1072 474 contra
1096 439 1234 476 tamen
1255 438 1384 477 dicat:
1418 435 1521 476 nihil
1544 449 1656 484 esse,
1690 438 1801 490 quod
1823 438 2036 479 hominem

277 499 629 555 impudentiorem
668 495 884 551 quisquam
924 509 967 535 se
997 496 1182 535 visurum
1213 499 1448 539 arbitretur.
1511 499 1557 538 In
1589 497 1666 539 hoc
1696 498 1752 538 ita
1783 500 2036 542 commorari

279 564 523 611 conveniet,
571 558 685 615 quasi
716 557 819 598 nihil
849 563 1067 611 praeterea
1098 559 1318 602 dicendum
1349 561 1401 602 sit
1432 566 1471 602 et
1501 560 1617 617 quasi
1649 566 1791 601 contra
1824 563 1905 602 dici
1934 564 2038 604 nihil

247 626 426 679 5possit‚
459 637 580 678 saepe
602 624 665 668 id,
696 622 808 676 quod
839 622 1036 675 scriptum
1059 626 1146 669 est,
1180 624 1416 673 recitando,
1451 637 1575 679 saepe
1597 636 1691 663 cum
1712 624 1864 679 scripto
1887 623 2039 666 factum

277 687 499 727 adversarii
545 682 806 737 confligendo
850 688 973 738 atque
1013 683 1220 725 interdum
1260 687 1409 727 acriter
1438 689 1489 728 ad
1520 688 1701 727 iudicem
1731 687 1866 741 ipsum
1896 701 2039 728 rever-

276 750 414 790 tendo.
475 748 568 796 Quo
597 747 639 786 in
670 747 764 786 loco
795 746 922 786 iudici
953 744 1321 786 demonstrandum
1353 753 1435 796 est,
1484 751 1581 803 quid
1621 749 1779 790 iuratus
1820 748 1892 797 sit,
1939 750 2039 804 quid

276 812 392 865 sequi
424 808 596 850 debeat:
645 809 805 848 duabus
837 810 888 848 de
920 809 1054 849 causis
1084 807 1264 848 iudicem
1296 807 1484 851 dubitare
1516 817 1739 866 oportere,
1773 810 1807 852 si
1837 816 1908 852 aut
1937 812 2040 852 scri-

276 878 391 927 ptum
435 872 487 911 sit
529 872 707 911 obscure
746 875 817 911 aut
851 876 977 925 neget
1017 870 1173 925 aliquid
1219 869 1507 922 adversarius3
1559 875 1703 915 XLIV.
1740 875 1832 915 127.
1874 887 1968 913 cum
1999 878 2040 914 et

225 946 261 970 10
275 935 472 988 scriptum
502 937 643 987 aperte
674 933 726 973 sit
757 939 797 974 et
828 932 1089 974 adversarius
1120 934 1258 974 omnia
1298 932 1563 983 confiteatur,
1608 941 1695 977 tum
1734 935 1917 978 iudicem
1955 936 2039 990 legi

274 1010 441 1052 parere,
487 1008 571 1036 non
612 995 879 1050 interpretari
923 995 1057 1050 legem
1097 1001 1304 1050 oportere.
1363 997 1454 1037 Hoc
1492 996 1587 1038 loco
1627 997 1901 1047 confirmato,
1949 1003 2037 1039 tum

273 1060 430 1100 diluere
462 1071 529 1105 ea,
564 1071 669 1114 quae
698 1063 840 1098 contra
877 1056 958 1098 dici
995 1063 1211 1112 poterunt,
1245 1057 1469 1113 oportebit.
1528 1061 1678 1101 Contra
1698 1066 1836 1101 autem
1858 1061 2034 1109 dicetur,

273 1123 306 1163 si
337 1127 407 1162 aut
435 1134 605 1176 prorsus
636 1119 747 1161 aliud
778 1121 956 1162 sensisse
988 1122 1168 1176 scriptor
1198 1126 1240 1162 et
1270 1122 1484 1174 scripsisse
1516 1120 1628 1163 aliud
1659 1124 2036 1164 demonstrabitur:

271 1191 316 1226 ut
344 1186 387 1225 in
416 1184 487 1225 illa
517 1185 568 1224 de
599 1189 869 1231 testamento,
903 1197 1025 1238 quam
1046 1184 1281 1238 posuimus,
1314 1183 1614 1232 controversia,
1646 1190 1715 1226 aut
1735 1199 1858 1228 causa
1881 1200 2039 1227 assum-

221 1254 257 1279 1⁵
272 1247 386 1302 ptiva
416 1245 637 1292 inferetur,
671 1247 945 1301 quamobrem
976 1247 1129 1300 scripto
1159 1260 1243 1287 non
1273 1246 1458 1300 potuerit
1487 1252 1557 1287 aut
1586 1260 1669 1288 non
1700 1249 1934 1303 oportuerit
1964 1250 2040 1291 ob-

270 1310 511 1363 temperari.
575 1310 669 1349 128.
704 1309 746 1349 Si
776 1307 887 1349 aliud
919 1308 1097 1349 sensisse
1128 1310 1328 1364 scriptor,
1375 1307 1484 1350 aliud
1516 1309 1733 1364 scripsisse
1765 1310 1946 1360 dicetur,
1977 1312 2034 1360 is,

271 1371 341 1429 qui
385 1373 538 1427 scripto
584 1375 750 1419 utetur,
797 1373 898 1411 haec
943 1371 1072 1412 dicet:
1126 1385 1210 1412 non
1255 1377 1454 1425 oportere
1493 1373 1543 1413 de
1585 1373 1673 1413 eius
1709 1372 1920 1415 voluntate
1961 1388 2037 1416 nos

269 1436 573 1489 argumentari,
606 1434 698 1488 qui,
731 1447 782 1474 ne
814 1434 855 1473 id
882 1432 1017 1474 facere
1039 1447 1278 1487 possemus,
1309 1433 1508 1475 indicium
1528 1435 1649 1475 nobis
1688 1448 1787 1477 suae
1823 1435 2038 1492 reliquerit

268 1497 512 1548 voluntatis3
545 1496 674 1537 multa
692 1495 958 1537 incommoda
978 1497 1197 1552 consequi,
1229 1498 1263 1537 si
1294 1498 1550 1545 instituatur,
1582 1503 1626 1538 ut
1655 1496 1706 1538 ab
1742 1498 1894 1555 scripto
1924 1512 2039 1541 rece-

221 1573 256 1598 20
271 1563 403 1603 datur.
460 1562 564 1600 Nam
607 1564 647 1600 et
684 1572 778 1607 eos,
827 1561 897 1614 qui
936 1559 1090 1614 aliquid
1130 1560 1331 1608 scribant,
1368 1573 1450 1601 non
1481 1560 1790 1603 existimaturos
1820 1562 1890 1612 id,
1925 1564 2037 1617 quod

271 1623 536 1680 scripserint,
569 1627 706 1663 ratum
735 1620 942 1671 futurum3
976 1628 1016 1662 et
1040 1635 1136 1669 eos,
1169 1621 1240 1677 qui
1261 1621 1469 1671 iudicent,
1503 1628 1685 1672 certum,
1721 1627 1833 1678 quod
1854 1637 2034 1680 sequan-

269 1693 358 1735 tur,
392 1686 492 1727 nihil
521 1686 762 1733 habituros,
796 1683 831 1725 si
862 1683 993 1725 semel
1014 1686 1073 1725 ⁴ab
1103 1684 1258 1740 scripto
1278 1687 1482 1727 recedere
1504 1688 1812 1728 consueverint.
1875 1686 2038 1736 Quodsi

270 1750 462 1791 voluntas
503 1747 718 1803 scriptoris
757 1750 1042 1788 conservanda
1082 1749 1158 1796 sit,
1210 1761 1277 1797 se,
1324 1762 1407 1789 non
1437 1749 1721 1799 adversarios,
1770 1763 1792 1791 a
1822 1751 2035 1791 voluntate

271 1811 360 1853 eius
390 1817 512 1853 stare.
574 1813 678 1851 Nam
708 1811 840 1851 multo
870 1811 1042 1865 propius
1072 1809 1268 1852 accedere
1306 1813 1359 1852 ad
1389 1811 1603 1866 scriptoris
1633 1812 1885 1855 voluntatem
1916 1827 2035 1861 eum,

221 1885 256 1912 25
271 1875 340 1930 qui
386 1889 438 1916 ex
476 1873 606 1928 ipsius
646 1887 736 1914 eam
775 1872 921 1914 litteris
962 1874 1280 1929 interpretetur,
1333 1889 1455 1930 quam
1493 1874 1634 1924 illum,
1684 1876 1754 1929 qui
1792 1877 2038 1917 sententiam

271 1936 486 1990 scriptoris
517 1951 600 1978 non
632 1950 683 1977 ex
712 1935 840 1989 ipsius
872 1937 1027 1991 scripto
1058 1943 1239 1992 spectet,
1293 1939 1404 1993 quod
1434 1936 1504 1977 ille
1535 1950 1634 1978 suae
1662 1937 1886 1978 voluntatis
1917 1937 2035 1994 quasi

268 2001 490 2053 imaginem
522 2000 756 2054 reliquerit,
789 2001 862 2039 sed
886 2000 1124 2040 domesticis
1146 1998 1453 2054 suspicionibus
1475 2004 1768 2054 perscrutetur.
1833 2002 1928 2041 129.
1963 1999 2035 2041 Sin

269 2077 434 2103 causam
465 2061 610 2103 afferet
638 2060 698 2110 is,
733 2061 803 2115 qui
835 2075 857 2102 a
887 2061 1088 2103 sententia
1120 2063 1266 2111 stabit,
1299 2062 1478 2115 primum
1510 2060 1589 2102 erit
1618 2067 1763 2103 contra
1793 2061 2032 2103 dicendum:

268 2139 391 2180 quam
421 2126 646 2166 absurdum
677 2137 761 2165 non
791 2137 945 2178 negare
977 2130 1122 2166 contra
1151 2126 1288 2179 legem
1318 2124 1490 2173 fecisse,
1543 2126 1638 2173 sed,
1693 2138 1820 2180 quare
1862 2124 2031 2173 fecerit,

217 2199 255 2226 ao
270 2201 434 2229 causam
464 2186 646 2243 aliquam
675 2187 886 2236 invenire3
921 2188 1094 2235 deinde,
1128 2201 1328 2229 conversa
1359 2201 1450 2228 esse
1473 2187 1631 2237 omnia;
1663 2193 1755 2228 ante
1777 2187 1920 2228 solitos
1943 2201 2033 2229 esse

267 2256 526 2292 accusatores
555 2248 763 2291 iudicibus
791 2251 1048 2304 persuadere
1078 2248 1243 2291 affinem
1275 2263 1364 2291 esse
1394 2248 1568 2290 alicuius
1599 2250 1746 2303 culpae
1786 2263 1904 2299 eum,
1956 2249 2028 2305 qui

267 2318 549 2363 accusaretur;
581 2326 745 2353 causam
775 2313 985 2368 proferre,
1019 2327 1126 2369 quae
1157 2327 1251 2353 eum
1282 2314 1333 2353 ad
1355 2314 1611 2366 peccandum
1634 2312 1888 2367 impulisset3
1919 2326 2032 2353 nunc

266 2375 404 2430 ipsum
432 2389 551 2416 reum
581 2389 746 2417 causam
775 2374 947 2424 inferre,
998 2390 1127 2431 quare
1157 2374 1394 2431 deliquerit.
1459 2377 1552 2416 130.
1585 2374 1746 2416 Deinde
1777 2377 1882 2416 hanc
1911 2376 2033 2415 indu*

269 2452 365 2480 cere
394 2438 680 2492 partitionem,
734 2440 849 2480 cuius
890 2440 932 2479 in
971 2441 1152 2494 singulas
1182 2444 1319 2494 partes
1350 2439 1502 2480 multae
1532 2439 1780 2479 convenient
1811 2450 2032 2492 argumen-

218 2512 254 2539 ³⁵
268 2503 466 2544 tationes:
516 2501 715 2557 primum,
761 2501 873 2543 nulla
909 2502 950 2543 in
989 2504 1082 2557 lege
1124 2503 1252 2543 ullam
1291 2513 1455 2541 causam
1496 2505 1641 2541 contra
1671 2501 1869 2556 scriptum
1899 2499 2031 2554 accipi

268 2565 510 2615 convenire3
552 2563 722 2613 deinde,
771 2567 803 2606 si
832 2567 875 2606 in
907 2566 1054 2606 ceteris
1084 2563 1245 2618 legibus
1277 2562 1518 2612 conveniat,
1566 2564 1673 2603 hanc
1703 2576 1794 2603 esse
1825 2560 2030 2603 eiusmodi

265 2627 425 2682 legem,
457 2632 503 2669 ut
530 2626 574 2668 in
605 2641 654 2668 ea
682 2641 767 2668 non
799 2633 1008 2682 oporteat;
1061 2633 1296 2683 postremO,
1339 2626 1373 2666 si
1402 2626 1445 2665 in
1474 2624 1550 2666 hac
1581 2638 1746 2681 quoque
1777 2624 1870 2678 lege
1902 2637 2030 2679 opor-

266 2696 372 2740 teat,
416 2693 523 2731 hanc
562 2688 730 2745 quidem
769 2704 935 2731 causam
966 2691 1097 2743 accipi
1127 2688 1295 2730 minime
1327 2693 1541 2743 oportere.
1603 2689 1727 2730 XLV.
1761 2687 1900 2728 Prima
1929 2700 2027 2741 pars

266 2754 330 2794 his
370 2751 460 2794 fere
503 2751 605 2793 locis
642 2752 978 2793 confirmabitur:
1027 2752 1218 2807 scriptori
1259 2764 1394 2806 neque
1432 2751 1645 2805 ingenium
1680 2763 1816 2804 neque
1856 2762 2028 2804 operam

218 2825 253 2850 1³0
268 2829 403 2870 neque
433 2814 560 2857 ullam
588 2815 826 2856 facultatem
856 2813 1058 2863 defuisse,
1093 2828 1175 2870 quo
1206 2814 1341 2854 minus
1372 2818 1512 2868 aperte
1531 2816 1673 2867 posset
1691 2811 1951 2867 perscribere
1971 2809 2026 2859 id,

269 2876 383 2933 quod
413 2878 632 2932 cogitaret;
680 2891 765 2918 non
795 2876 920 2919 fuisse
951 2876 990 2918 ei
1020 2891 1144 2932 grave
1174 2890 1250 2917 nec
1282 2874 1450 2916 difficile
1481 2888 1571 2916 eam
1602 2888 1767 2916 causam
1798 2873 2023 2929 excipere,

269 2954 393 2995 quam
423 2940 650 2982 adversarii
679 2939 915 2994 proferant,
947 2940 980 2980 si
1002 2941 1228 2995 quidquam
1249 2937 1538 2993 excipiendum
1560 2943 1768 2993 putasset;
1802 2949 2026 2979 consuesse

270 3016 362 3052 eos,
396 3004 467 3059 qui
494 3003 608 3058 leges
638 3001 843 3052 scribant,
879 3002 1195 3058 exceptionibus
1215 3002 1290 3042 uti.
1354 3002 1447 3041 131.
1480 3000 1640 3042 Deinde
1660 3005 1826 3055 oportet
1844 3000 2022 3041 recitare

362 3123 396 3153 2.
424 3122 517 3162 quod
542 3122 641 3162 Ert.,
681 3127 720 3154 ut
747 3124 837 3155 coni.
864 3123 914 3155 L:
954 3131 1021 3164 quo
1058 3123 1085 3154 E
1126 3129 1203 3153 cum
1228 3118 1349 3152 PART
1387 3121 1583 3159 ceterisque
1618 3119 1714 3151 libris
1739 3121 1842 3152 notis.
1882 3136 1920 3143 -
1964 3117 2021 3150 12.

266 3171 433 3208 poterunt
456 3168 604 3202 PART:
639 3174 805 3211 poterant
830 3170 869 3202 E.
900 3187 937 3193 -
967 3169 1023 3201 14.
1051 3173 1115 3200 aut
1140 3169 1170 3200 si
1195 3176 1304 3199 causa
1330 3166 1372 3198 V.
1419 3181 1454 3187 -
1501 3167 1558 3198 17.
1599 3167 1684 3198 haec
1719 3166 1835 3204 ΡΑΤ,
1869 3166 1918 3197 L:
1961 3165 2026 3197 hoo

269 3214 344 3247 RE.
372 3232 414 3237 —-
441 3215 496 3246 18.
523 3225 606 3248 suae
629 3217 809 3259 reliquerit
834 3218 920 3248 AT:
948 3217 1124 3257 reliquerit
1148 3223 1232 3245 suae
1256 3214 1359 3245 PRE.
1390 3230 1427 3236 —
1456 3213 1513 3245 19.
1540 3213 1583 3245 ab
1608 3214 1689 3245 AT:
1716 3213 1778 3244 abs
1801 3213 1849 3251 P,
1875 3222 1898 3244 α
1923 3212 1964 3245 Ε.
1982 3227 2022 3236 -

269 3261 328 3292 22.
356 3261 399 3292 ab
424 3260 530 3293 PAT:
570 3273 592 3294 α
616 3264 688 3295 RE.
734 3281 772 3287 --
813 3264 869 3296 30.
914 3272 980 3295 esse
1007 3264 1123 3294 omnia
1147 3261 1289 3293 PART:
1337 3261 1452 3292 omnia
1477 3269 1545 3292 esse
1569 3260 1609 3292 E.
1636 3277 1681 3282 --
1716 3259 1773 3290 33.
1811 3260 1940 3299 inferre
1963 3259 1994 3290 R
2011 3281 2021 3298 ,

271 3307 389 3339 Sehol.
418 3307 517 3339 Voss.
546 3309 572 3340 Ι.
600 3310 698 3342 Leid.
726 3312 809 3342 HL:
839 3309 963 3351 afferre
987 3310 1120 3342 PATE.
1150 3324 1191 3331 -
1218 3308 1274 3340 36.
1302 3306 1473 3340 eiusmodi
1497 3307 1547 3345 P,
1575 3306 1692 3339 Schol.
1720 3306 1817 3338 Voss.
1846 3306 1892 3337 Π.
1920 3302 2036 3338 Leid.‘

270 3354 336 3386 111.
365 3353 459 3395 Eri„
485 3354 535 3386 L:
562 3356 754 3390 huiusmodi
778 3359 881 3390 ATE.
912 3374 953 3381 —
978 3358 1037 3390 40.
1063 3361 1183 3398 aperte
1206 3358 1320 3396 posset
1344 3353 1489 3394 PART,
1515 3353 1564 3386 L:
1590 3356 1707 3395 posset
1731 3356 1848 3393 aperte
1872 3353 1912 3385 E.
