2117 3762
533 288 602 328 AD
633 287 687 330 M.
716 285 929 326 BRUTUM
962 284 1005 327 C.
1040 285 1104 326 18.
1141 285 1205 326 19.
1236 284 1306 325 20.
1719 284 1799 325 415

40 400 84 436 et
111 392 313 448 gravitate
343 394 538 449 princeps
569 391 687 433 Plato
706 415 777 440 —,
811 396 946 432 tamen
977 393 1125 432 horum
1156 390 1289 432 oratio
1320 400 1456 443 neque
1485 400 1636 429 nervos
1666 401 1802 443 neque

41 456 208 500 aculeos
240 456 448 498 oratorios
478 469 525 497 ae
554 453 740 496 forenses
771 452 909 494 habet.
972 456 1040 495 63.
1086 456 1335 508 Loquuntur
1365 464 1458 492 cum
1489 449 1645 499 doctis,
1698 465 1801 505 quo-

41 533 132 562 rum
164 521 310 561 sedare
340 520 498 560 animos
529 516 686 558 malunt
710 530 831 570 quarn
854 516 1046 565 incitare;
1075 517 1133 557 sie
1155 517 1205 557 de
1230 513 1354 556 rebus
1374 512 1542 568 placatis
1565 526 1612 554 ac
1633 514 1802 554 minime

40 581 286 624 turbulentis
316 580 493 623 docendi
523 592 670 627 causa,
704 593 787 620 non
818 580 1006 634 capiendi
1037 579 1288 633 loquuntur,
1322 582 1370 618 ut
1399 578 1440 618 in
1469 589 1521 618 eo
1542 575 1656 631 ipso,
1690 578 1801 631 quod

42 645 359 686 delectationem
391 642 569 697 aliquam
601 640 776 681 dicendo
808 647 1092 695 aucupentur,
1124 640 1215 695 plus
1238 640 1446 680 nonnullis
1478 652 1601 694 quam
1632 651 1833 679 necesses

41 708 94 748 sit
121 706 259 748 facere
291 705 520 747 videantur.
581 706 690 757 Ergo
721 703 772 744 ab
795 707 871 745 hoc
896 718 1050 758 genere
1080 717 1163 745 non
1188 701 1354 743 difficile
1377 707 1440 743 est
1468 702 1576 742 hanc
1607 700 1805 756 eloquen-

41 771 162 818 tiam,
206 769 258 811 de
283 782 363 824 qua
389 781 499 808 nune
524 766 682 820 agitur,
723 781 954 808 secernere.
1016 767 1083 810 6'4.
1123 765 1258 807 Mollis
1287 770 1347 806 est
1375 766 1484 805 enim
1510 766 1644 806 oratio
1674 763 1806 820 pbilo-

41 834 269 888 sophorum
298 836 340 872 et
365 828 617 878 umbratilis,
661 844 737 871 nec
768 830 982 871 sententiis
1009 842 1085 870 nec
1110 827 1248 869 verbis
1280 831 1480 869 instructa
1510 826 1803 882 popularibus,

43 909 122 936 nec
152 895 287 937 vincta
316 893 524 941 numeris,
565 891 636 933 sed
667 892 801 934 soluta
831 891 1025 940 liberius3
1069 891 1169 932 nihil
1202 892 1351 931 iratum
1382 889 1531 939 habet,
1571 889 1675 931 nihil
1703 890 1807 931 invi-

41 958 160 1004 dum,
205 954 306 997 nihil
343 960 492 1004 atrox,
539 954 643 996 nihil
677 953 935 1002 miserabile,
983 954 1084 995 nihil
1114 958 1317 1002 astutum;
1365 958 1500 1001 casta,
1547 953 1855 1000 verecunda,10

40 1019 159 1074 virgo
186 1018 426 1073 incorrupta
452 1019 776 1073 quodammodo.
836 1019 979 1072 Itaque
1005 1030 1145 1058 sermo
1171 1016 1309 1070 potius
1333 1028 1454 1069 quam
1480 1016 1611 1056 oratio
1640 1014 1806 1057 dicitur.

41 1082 302 1136 Quamquam
333 1080 443 1122 enim
477 1082 611 1121 omnis
642 1079 794 1121 locutio
824 1081 958 1121 oratio
997 1084 1080 1128 est,
1127 1083 1266 1119 tamen
1294 1078 1415 1118 unius
1447 1079 1623 1120 oratoris
1651 1077 1807 1120 locutio

40 1145 120 1186 hoe
147 1145 320 1198 proprio
352 1142 519 1197 dignata
548 1142 715 1184 nomine
747 1147 826 1183 est.

153 1207 221 1247 65.
271 1206 585 1261 Sophistarum‚
629 1203 678 1246 de
708 1203 859 1259 quibus
889 1217 1014 1259 supra
1045 1201 1154 1251 dixi,
1183 1204 1314 1257 magis
1346 1203 1634 1257 distinguenda
1665 1203 1808 1246 simili-

41 1269 143 1311 tudo
176 1271 363 1315 videtur,
409 1269 480 1323 qui
506 1281 651 1308 omnes
682 1268 852 1309 eosdem
880 1268 1026 1307 volunt
1059 1264 1203 1314 ssores,
1250 1278 1356 1319 quos
1391 1265 1560 1307 adhibet
1590 1273 1733 1308 orator
1767 1266 1856 1308 in¹⁵

42 1332 198 1379 causis,
229 1332 438 1387 persequi.
501 1332 583 1372 Sed
615 1329 694 1372 hoc
717 1329 938 1378 diss'erunt,
973 1328 1112 1385 quod,
1147 1341 1241 1370 cum
1271 1329 1324 1368 sit
1354 1327 1404 1370 iis
1436 1330 1696 1384 propositum
1724 1342 1810 1370 non

41 1393 289 1449 perturbare
334 1393 495 1435 animos
540 1391 614 1434 sed
647 1393 811 1448 placare
840 1394 1004 1445 potius,
1047 1405 1124 1432 nec
1152 1396 1235 1431 tam
1265 1390 1520 1444 persuadere
1548 1405 1672 1446 quam
1699 1391 1812 1433 dele-

42 1463 179 1506 ctare,
213 1463 255 1499 et
280 1456 464 1512 apertius
491 1454 533 1497 id
564 1454 720 1496 saciunt
747 1468 872 1509 quam
899 1467 975 1496 nos
1001 1459 1041 1495 et
1067 1455 1278 1500 crebrius,
1310 1455 1532 1495 concinnas
1562 1453 1693 1508 magis
1718 1467 1812 1495 sen-

43 1521 194 1562 tentias
225 1521 449 1576 exquirunt
478 1531 601 1573 quam
632 1516 895 1573 probabiles,
927 1531 951 1558 a
971 1530 1018 1558 re
1049 1530 1175 1569 saepe
1205 1515 1442 1564 discedunt,
1473 1516 1664 1558 intexunt
1692 1518 1811 1559 fabu-

43 1581 125 1630 las,
157 1584 287 1624 verba
317 1581 439 1623 altius
469 1579 745 1628 transferunt,
778 1593 910 1634 eaque
940 1579 998 1620 ita
1029 1579 1254 1634 disponunt
1282 1584 1328 1620 ut
1356 1580 1540 1632 pictores
1570 1581 1809 1621 varietatem
1825 1595 1860 1620 πο

44 1643 258 1694 colorum,
290 1646 405 1699 paria
435 1643 607 1697 paribus
638 1644 846 1690 referunt,
878 1644 1054 1684 adversa
1075 1642 1317 1689 contrariis,
1351 1641 1676 1696 saepissimeque
1698 1642 1811 1684 simi-

43 1702 140 1747 liter
169 1713 355 1749 extrema
385 1707 604 1748 definiunt.
665 1707 759 1748 XX.
789 1707 858 1746 66.
906 1705 1014 1746 Huic
1050 1703 1195 1759 generi
1224 1704 1398 1745 historia
1429 1702 1603 1747 finitima
1635 1711 1718 1754 est,
1768 1706 1811 1745 in

45 1783 127 1824 qua
156 1774 197 1810 et
226 1775 417 1812 narratur
447 1774 594 1810 ornate
624 1774 666 1810 et
695 1768 812 1822 regio
853 1780 977 1822 saepe
1017 1772 1089 1808 aut
1128 1780 1266 1820 pugna
1305 1765 1581 1817 describitur;
1627 1768 1812 1820 interpo-

44 1837 198 1874 nuntur
229 1834 351 1874 etiam
383 1831 598 1874 contiones
618 1836 658 1872 et
678 1831 956 1877 hortationes,
990 1829 1063 1871 sed
1084 1830 1127 1870 in
1148 1830 1213 1870 his
1234 1834 1366 1870 tracta
1388 1828 1593 1884 quaedam
1616 1836 1657 1871 et
1677 1828 1810 1871 fluens

45 1894 282 1950 expetitur,
314 1909 400 1936 non
429 1895 534 1936 haec
564 1899 756 1935 contorta
787 1897 828 1934 et
857 1892 963 1934 acris
995 1891 1144 1934 oratio,
1824 1905 1860 1932 2⁵

157 1955 221 1998 Ab
249 1957 315 1999 his
343 1970 428 1999 non
459 1955 590 1998 multo
621 1969 738 1997 secus
768 1968 893 2011 quam
920 1967 943 1996 a
965 1955 1098 2009 poetis
1119 1955 1224 1995 haec
1245 1953 1509 2009 eloquentia,
1542 1969 1666 2010 quam
1686 1969 1811 2011 quae-

44 2017 201 2068 rimus,
233 2020 466 2061 sevocanda
496 2024 574 2060 est.
635 2020 740 2059 Nam
770 2019 895 2058 etiam
926 2022 1078 2070 poetae
1105 2017 1393 2071 quaestionem
1416 2017 1661 2067 attulerunt,
1693 2020 1814 2074 quid-

45 2095 142 2124 nam
187 2089 296 2124 esset
330 2082 460 2130 illud,
511 2094 594 2137 quo
637 2081 719 2133 ipsi
759 2078 975 2121 differrent
1011 2078 1064 2120 ab
1103 2078 1355 2121 oratoribus.
1413 2081 1595 2122 Numero
1632 2081 1814 2123 maxime

46 2145 296 2187 videbantur
326 2152 449 2186 antea
478 2149 520 2185 et
549 2156 694 2185 versu:
727 2157 836 2183 nunc
866 2141 976 2197 apud
1005 2146 1195 2183 oratores
1224 2141 1306 2183 iam
1337 2143 1426 2195 ipse
1456 2157 1651 2185 numerus
1681 2145 1815 2185 incre-

46 2207 154 2250 huit.
216 2210 282 2250 67.
314 2205 528 2263 Quidquid
559 2211 622 2248 est
651 2205 784 2254 enim,
816 2203 929 2261 quod
949 2206 1026 2245 sub
1049 2203 1213 2246 aurium
1232 2217 1467 2245 mensuram
1489 2204 1671 2261 aliquam
1693 2206 1864 2253 eadit,³o

49 2269 213 2312 etiamsi
233 2271 353 2311 abest
372 2284 396 2311 a
417 2283 542 2311 versu
571 2291 626 2299 —
659 2281 753 2309 nam
785 2268 828 2308 id
859 2266 1028 2321 quidem
1057 2267 1258 2309 orationis
1280 2271 1341 2307 est
1361 2267 1505 2308 vitium
1524 2291 1594 2317 —,
1616 2282 1815 2310 numerus

47 2338 247 2382 vocatur,
280 2332 352 2388 qui
383 2333 539 2373 Graece
569 2330 734 2384 ῥυθμὸς
764 2330 929 2371 dieitur.
991 2331 1135 2385 Itaque
1164 2328 1287 2371 video
1317 2330 1452 2371 visum
1484 2343 1575 2372 esse
1605 2331 1814 2372 nonnullis

49 2394 233 2436 Platonis
262 2400 304 2436 et
332 2393 564 2436 Democriti
593 2392 871 2440 locutionem,
903 2391 980 2434 etsi
1009 2393 1118 2434 absit
1146 2406 1170 2433 a
1199 2405 1348 2441 versu,
1380 2397 1541 2442 tamen,
1573 2391 1687 2447 quod
1716 2391 1816 2433 inci-

50 2458 176 2499 tatius
214 2455 372 2499 feratur
400 2462 442 2498 et
471 2455 709 2497 clarissimis
748 2456 975 2496 verborum
1014 2453 1242 2496 luminibus
1278 2459 1441 2504 utatur,
1493 2454 1629 2510 potius
1665 2460 1814 2508 poema

50 2518 281 2576 putandum
313 2533 437 2574 quam
467 2519 721 2560 comicorum
752 2522 993 2572 poetarum3
1040 2518 1149 2571 apud
1181 2530 1311 2571 quos,
1357 2516 1436 2558 nisi
1477 2519 1590 2572 quod
1619 2516 1814 2558 versiculi
1828 2532 1864 2559 as

52 2587 173 2631 sunt,
223 2581 326 2624 nihil
367 2586 430 2622 est
471 2581 585 2622 aliud
624 2578 856 2635 quotidiani
886 2577 1084 2619 dissimile
1115 2580 1336 2620 sermonis.
1398 2582 1483 2621 Nec
1514 2585 1651 2620 tamen
1681 2580 1722 2619 id
1753 2582 1814 2620 est

52 2650 203 2701 poetae
231 2644 485 2693 maximum,
527 2643 604 2685 etsi
637 2647 700 2684 est
728 2655 779 2684 eo
811 2640 1082 2689 laudabilior,
1121 2644 1234 2697 quod
1262 2643 1436 2684 virtutes
1468 2642 1644 2684 oratoris
1674 2655 1816 2697 perse-

149 2813 185 2847 3.
210 2815 259 2847 sic
285 2812 340 2856 de]
367 2815 398 2846 si
423 2813 463 2846 de
488 2813 548 2846 Dr.
567 2837 576 2853 ,
604 2811 692 2846 Ven.
722 2821 788 2854 pr„
822 2811 952 2853 Peter,
993 2812 1058 2855 fide
1084 2811 1183 2844 Eins.
1211 2815 1246 2843 et
1267 2804 1365 2844 Mon.
1413 2811 1503 2845 Olim
1529 2811 1686 2844 volebam
1711 2815 1743 2843 et
1766 2811 1817 2843 sic

58 2859 124 2900 de,
160 2861 318 2894 Moserus
351 2862 468 2903 sicque
491 2861 543 2893 de.
604 2860 762 2894 Praestat
800 2859 944 2893 tortasse
978 2867 1177 2900 expungere
1217 2858 1367 2892 atterum
1400 2868 1433 2892 v.
1461 2860 1652 2899 loquuntur
1678 2861 1755 2897 post
1779 2866 1813 2891 v.

57 2908 231 2948 capiendi.
259 2907 326 2941 On.
358 2924 394 2931 —
423 2908 458 2940 9.
485 2909 610 2940 iuncta
634 2908 664 2939 R
690 2911 725 2938 et
752 2907 840 2939 Edd.
867 2911 948 2938 ante
973 2905 1014 2938 1..
1065 2906 1108 2937 Ut
1134 2913 1221 2944 nos,
1245 2905 1314 2939 Vit.
1345 2904 1412 2937 Gu.
1440 2906 1474 2937 1.
1500 2905 1534 2936 2.
1563 2905 1617 2943 (ln
1642 2904 1717 2937 alits
1744 2904 1816 2943 ple-

59 2958 179 2995 risque
208 2954 372 2995 distingui
399 2963 468 2987 non
495 2958 642 2995 possunt
666 2954 752 2986 haec
777 2953 913 2988 verba.)
938 2969 982 2974 —
1018 2953 1074 2984 10.
1101 2952 1302 2984 miserabile
1327 2961 1415 2984 corr.
1446 2952 1566 2990 Eins.,
1608 2952 1813 2984 Manutius:
1838 2991 1841 2995 γ

58 3001 221 3034 mirabile
246 3001 272 3032 Ε
289 3025 299 3040 ,
325 3006 364 3032 ut.
390 3000 456 3034 Gu.
485 3003 517 3032 1.
545 3001 580 3033 2.
608 3002 637 3033 R
663 3005 696 3032 et
721 3009 771 3040 pr.
800 3001 896 3032 Eins.
926 3016 963 3022 —
1005 2999 1092 3030 nihil
1116 3003 1196 3032 ante
1222 3002 1376 3030 astutum
1403 3007 1471 3030 om.
1498 2999 1540 3029 R.
1570 3015 1606 3021 —
1650 2996 1708 3030 13.
1732 3006 1816 3037 pro-

54 3050 136 3090 prie
162 3049 246 3080 Ern.
274 3049 366 3079 coni.
397 3064 435 3071 —
479 3047 628 3088 dignata
652 3047 786 3079 Nonius
813 3055 847 3086 p.
876 3045 957 3078 281.
984 3044 1058 3077 M.:
1097 3046 1241 3085 siqnata
1269 3054 1346 3077 curn
1374 3045 1468 3076 libris
1495 3045 1574 3076 RE.
1604 3060 1648 3066 —
1688 3043 1744 3076 16.
1771 3045 1817 3076 iis

61 3095 158 3127 Eins.
186 3094 273 3126 Dr.:
300 3095 352 3126 his
377 3101 455 3126 curn
482 3097 607 3127 ceteris
634 3094 708 3125 RE.
738 3110 776 3117 -
804 3094 862 3125 20.
890 3093 996 3124 altius
1020 3092 1165 3124 Beierus
1191 3101 1230 3125 ex
1258 3091 1296 3132 §.
1324 3092 1407 3123 82.:
1435 3093 1590 3131 apertius
1615 3099 1693 3123 cum
1719 3091 1816 3122 libris

61 3143 149 3179 RE,
193 3140 286 3181 quod
322 3144 434 3173 ortum
470 3145 522 3172 est
555 3149 594 3173 cx
628 3142 809 3180 superiore
842 3140 1001 3179 apertius
1037 3146 1102 3170 nec
1128 3138 1266 3170 tolerari
1294 3142 1419 3177 potest.
1448 3138 1645 3173 (Schutzius
1679 3137 1818 3171 volebat

62 3186 268 3227 audacius.)
297 3203 333 3210 —
376 3187 434 3217 21.
461 3188 661 3226 saepissime
686 3187 757 3218 Vit.
786 3201 826 3209 —
868 3187 926 3217 22.
952 3188 1000 3217 est
1026 3193 1094 3216 om.
1122 3184 1162 3218 R.
1190 3202 1227 3208 —
1271 3184 1328 3215 23.
1357 3189 1481 3215 ornate
1504 3189 1680 3216 narratur
1704 3184 1748 3216 R.
1776 3198 1818 3208 —

61 3236 121 3268 29.
147 3234 319 3266 increbuit
344 3233 441 3264 Eins.
469 3232 536 3264 Gu.
566 3235 621 3266 1.:
647 3233 838 3265 increbruit
863 3240 943 3264 cum
968 3231 1042 3263 aliis
1061 3230 1119 3262 RE
1135 3253 1144 3268 ,
1172 3231 1385 3263 concrebruic
1403 3230 1517 3262 Rufini
1538 3230 1622 3263 Cod.
1644 3231 1816 3270 Einsied.,

64 3281 267 3314 concrebuit
301 3280 450 3312 Rufinus
476 3279 626 3319 Capper.
671 3294 707 3301 —
752 3279 810 3311 30.
845 3280 938 3310 enim
971 3280 1018 3310 est
1053 3275 1136 3310 Rus.
1171 3277 1302 3316 capp„
1343 3277 1403 3309 sed
1430 3280 1478 3309 est
1502 3279 1591 3309 enim
1615 3278 1700 3309 Rus.
1729 3278 1815 3311 Cod.

64 3329 161 3362 Eins.
187 3342 226 3352 -
250 3327 308 3359 31.
334 3327 462 3357 vitium
485 3327 641 3357 oratoris
666 3329 715 3357 est
739 3325 821 3358 Rut'.
850 3325 936 3357 Cod.
964 3325 1061 3356 Eins.
1078 3347 1087 3362 ‚
1114 3324 1238 3356 vitium
1264 3325 1432 3355 orationis
1457 3326 1505 3356 est
1530 3323 1613 3356 Rut'.
1640 3325 1749 3366 Capp.
1774 3338 1816 3350 —

66 3374 124 3408 32.
151 3375 281 3407 dicitur
305 3367 457 3421 ῥυὲμός
481 3372 565 3405 Rut'.
592 3371 702 3413 Capp.
720 3396 730 3414 ,
756 3380 827 3406 non
853 3372 950 3405 Eins.
979 3386 1016 3395 -
1044 3369 1102 3404 35.
1129 3371 1219 3412 quod
1240 3371 1383 3412 quidam
1406 3371 1566 3404 versiculi
1587 3372 1630 3404 R.
