2117 3762
265 238 348 281 208
965 239 1034 279 DE
1067 238 1314 281 ORATORE

264 347 375 401 quod
404 345 618 386 honestius
648 347 782 399 potest
812 356 901 383 esse
931 341 1167 397 perfugium
1191 359 1313 400 quam
1334 343 1433 387 iuris
1461 345 1782 397 interpretatio?
1814 346 2020 402 Equidem

262 408 362 449 mihi
392 409 472 449 hoc
502 407 729 449 subsidium
760 406 840 445 iam
871 404 966 446 inde
997 403 1047 445 ab
1079 405 1358 449 adolescentia
1387 406 1645 462 comparavi,
1687 422 1771 448 non
1802 409 1935 451 solum
1966 412 2018 451 ad

262 485 478 513 causarum
508 484 627 512 usum
657 469 863 510 forensem
883 500 892 514 ‚
932 469 1003 509 sed
1036 469 1158 509 etiam
1189 472 1239 510 ad
1270 473 1396 513 decus
1426 476 1548 526 atque
1581 477 1872 512 ornamentum
1903 486 2020 515 sene-

263 534 408 581 ctutis,
457 537 529 581 ut,
578 546 670 572 cum
700 544 766 571 me
816 531 927 571 vires
975 528 1099 586 (quod
1140 529 1227 573 fere
1266 534 1346 575 iam
1383 539 1547 587 tempus
1586 532 1790 586 adventat)
1842 533 2018 576 deficere

232 597 521 653 scoepissent,
554 598 631 636 ista
660 592 710 634 ab
742 592 965 634 solitudine
996 592 1166 634 domum
1196 608 1331 635 meam
1361 595 1630 646 vindicarem.
1690 596 1799 644 Quid
1828 600 1889 637 est
1910 596 2018 637 enim

260 661 509 715 praeclarius
541 672 664 713 quam
693 656 925 698 honoribus
956 661 997 697 et
1025 657 1087 697 rei
1118 655 1308 711 publicae
1330 660 1571 699 muneribus
1592 656 1854 713 perfunctum
1876 671 2018 700 senem

260 736 383 777 posse
428 736 502 763 suo
544 722 634 760 iure
680 719 818 760 dicere
863 719 1000 767 idem,
1053 719 1166 774 quod
1210 721 1320 772 apud
1363 721 1542 762 Ennium
1588 721 1697 762 dicat
1740 720 1809 762 ille
1850 721 2018 775 Pythius

258 784 429 838 Apollo,
476 797 520 824 se
551 795 640 824 esse
672 795 790 828 eum,
837 782 937 822 unde
973 781 1074 830 sibi,
1122 781 1157 822 si
1187 795 1271 822 non
1294 784 1434 835 populi
1463 791 1498 825 et
1527 798 1658 838 reyes,
1709 790 1751 826 at
1779 797 1924 826 omnes
1955 784 2018 826 sui

259 847 368 890 cives
397 847 605 888 consilium
634 850 839 898 expetant,

208 956 244 981 ιο
480 940 656 980 Suarum
685 952 822 979 rerum
851 938 1016 985 incerti;
1047 951 1145 992 quos
1173 951 1241 992 eqo
1271 952 1340 991 ope
1368 951 1455 979 mea

480 1004 552 1043 Ea:
581 1002 745 1042 incertis
774 1007 900 1042 certos
929 1007 1193 1054 compotesque
1222 1001 1364 1041 consili

480 1065 668 1112 Dimum,
699 1069 742 1104 ut
771 1077 818 1105 ne
848 1076 910 1104 res
939 1069 1079 1104 temere
1109 1069 1275 1104 tractent
1305 1065 1497 1105 turbidas.

257 1163 353 1203 200.
384 1161 458 1202 Est
488 1157 599 1200 enim
629 1158 718 1198 sine
749 1157 877 1198 dubio
909 1158 1055 1198 domus
1086 1157 1189 1198 iuris
1220 1158 1399 1200 consulti
1431 1158 1553 1200 totius
1583 1157 1794 1201 oraculum
1825 1158 2015 1201 civitatis.

257 1225 390 1266 Testis
420 1228 483 1265 est
511 1220 682 1263 huiusce
714 1219 764 1268 Q.
789 1218 913 1261 Mucii
944 1219 1067 1260 ianua
1098 1224 1139 1260 et
1168 1220 1446 1269 vestibulum,
1491 1219 1603 1276 quod
1632 1221 1675 1262 in
1707 1221 1795 1263 eius
1824 1221 2017 1264 infirmis-

206 1307 241 1332 15
257 1290 359 1331 sima
388 1286 624 1329 valetudine
655 1281 886 1337 affectaque
917 1283 998 1323 iam
1030 1286 1165 1322 aetate
1195 1285 1373 1325 maxima
1404 1283 1590 1340 quotidie
1609 1284 1846 1340 frequentia
1866 1287 2017 1328 civium

256 1366 302 1394 ac
333 1362 591 1394 summorum
620 1346 835 1387 hominum
867 1345 1092 1398 splendore
1123 1344 1371 1388 celebratur.

366 1413 513 1455 XLVI.
565 1411 661 1451 201.
714 1410 801 1449 Iam
855 1407 923 1449 illa
965 1422 1050 1449 non
1089 1407 1253 1462 longam
1290 1410 1524 1451 orationem
1563 1408 1820 1459 desiderant,
1874 1424 2017 1465 quam-

256 1480 401 1520 obrem
446 1472 677 1516 existimem
720 1470 887 1526 publica
932 1485 1100 1525 quoque
1140 1472 1254 1521 iura,
1307 1486 1412 1527 quae
1471 1477 1566 1514 sunt
1618 1474 1787 1527 propria
1839 1472 2015 1515 civitatis

256 1546 380 1595 atque
420 1535 608 1592 imperii,
656 1539 743 1575 tum
782 1538 1051 1574 monumenta
1090 1546 1227 1574 rerum
1268 1541 1477 1589 gestarum
1510 1540 1551 1576 et
1579 1535 1794 1576 vetustatis
1826 1535 2017 1591 exempla

206 1621 242 1647 20
257 1602 414 1644 oratori
443 1604 539 1641 nota
571 1611 662 1639 esse
694 1595 860 1637 debere.
922 1597 1025 1636 Nam
1065 1601 1111 1636 ut
1150 1595 1194 1637 in
1232 1612 1372 1639 rerum
1412 1599 1670 1651 privatarum
1715 1597 1849 1640 causis
1893 1602 2016 1653 atque

254 1662 417 1707 iudiciis
450 1658 731 1717 depromenda
762 1672 884 1714 saepe
917 1660 1050 1699 oratio
1083 1664 1144 1700 est
1176 1675 1227 1701 ex
1256 1660 1347 1701 iure
1382 1660 1494 1702 civili
1535 1665 1575 1701 et
1613 1661 1790 1709 idcirco,
1836 1665 1883 1702 ut
1921 1666 2016 1702 ante

255 1726 456 1774 diximus,
490 1724 648 1765 oratori
676 1721 776 1763 iuris
807 1722 938 1762 civilis
970 1721 1142 1763 scientia
1170 1724 1409 1765 necessaria
1438 1727 1522 1772 est,
1556 1724 1614 1764 sic
1644 1724 1686 1764 in
1716 1724 1848 1764 causis
1879 1724 2018 1777 publi-

254 1792 312 1832 cis
341 1788 614 1835 iudiciorum‚
648 1786 912 1833 contionum,
961 1790 1128 1827 senatus
1160 1788 1292 1827 omnis
1322 1787 1425 1827 haec
1457 1791 1498 1827 et
1527 1786 1782 1842 antiquitatis
1813 1785 2018 1828 memoria

255 1859 297 1894 et
334 1849 491 1906 publici
532 1849 635 1889 iuris
676 1848 899 1889 auctoritas
941 1852 982 1888 et
1025 1850 1231 1902 regendae
1275 1848 1335 1889 rei
1379 1848 1570 1904 publicae
1612 1850 1716 1890 ratio
1759 1863 1806 1890 ac
1845 1848 2017 1890 scientia

204 1934 240 1960 25
255 1922 463 1970 tamquam
501 1913 640 1967 aliqua
681 1910 872 1952 materies
912 1909 961 1951 iis
1001 1909 1261 1959 oratoribus,
1315 1912 1384 1965 qui
1424 1917 1639 1953 versantur
1675 1913 1717 1952 in
1746 1926 1791 1952 re
1821 1911 2013 1966 publica,

255 1979 442 2020 subiecta
483 1988 573 2016 esse
614 1973 753 2015 debet.
815 1974 909 2015 202.
955 1973 1049 2013 Non
1090 1973 1199 2013 enim
1237 1973 1492 2014 causidicum
1533 1974 1675 2014 nescio
1715 1986 1837 2029 quem
1877 1987 2015 2029 neque

253 2039 601 2096 proclamatorem
633 2040 702 2076 aut
730 2035 922 2091 rabulam
951 2035 1032 2074 hoc
1062 2047 1253 2075 sermone
1283 2040 1426 2076 nostro
1460 2036 1764 2091 conquirimuS,
1816 2036 1890 2076 sed
1920 2048 2016 2077 eum

253 2104 413 2150 virum,
447 2100 517 2156 qui
547 2099 728 2154 primum
758 2098 811 2138 sit
840 2097 929 2137 eius
952 2096 1050 2136 artis
1071 2097 1261 2146 antistes,
1295 2099 1409 2138 cuius
1432 2112 1525 2139 cum
1544 2098 1632 2153 ipsa
1654 2103 1802 2139 natura
1822 2111 2015 2152 magnam

254 2166 412 2207 homini
441 2162 679 2204 facultatem
710 2162 848 2208 daret,
880 2164 1018 2200 tamen
1048 2157 1076 2210 -Χ-
1096 2172 1186 2200 esse
1219 2158 1319 2201 deus
1339 2166 1529 2215 putatur,
1563 2166 1609 2202 ut
1640 2165 1680 2201 et
1708 2161 1868 2215 ipsum,
1902 2161 2015 2215 quod

204 2246 240 2272 ³0
256 2232 343 2269 erat
371 2225 552 2268 hominis
582 2224 822 2278 proprium,
855 2235 940 2262 non
970 2226 1130 2276 partum
1160 2235 1237 2277 per
1267 2236 1367 2271 nos,
1401 2224 1474 2268 sed
1506 2222 1703 2264 divinitus
1735 2221 1786 2263 ad
1806 2236 1883 2263 nos
1905 2222 2015 2264 dela-

253 2296 339 2332 tum
369 2288 599 2337 videretur3
647 2285 822 2334 deinde,
856 2284 928 2340 qui
957 2285 1089 2337 possit
1117 2297 1202 2325 non
1231 2289 1315 2325 tam
1346 2283 1527 2326 caduceo
1559 2299 1684 2341 quam
1717 2285 1887 2327 nomine
1921 2299 2014 2326 ora-

253 2353 356 2395 toris
386 2356 557 2394 ornatus
586 2348 805 2391 incolumis
835 2347 899 2388 vel
930 2348 1038 2388 inter
1067 2346 1247 2388 hostium
1279 2347 1359 2388 tela
1388 2348 1568 2397 versari3
1620 2352 1732 2397 tum,
1775 2347 1845 2403 qui
1876 2349 2013 2389 scelus

251 2415 523 2470 fraudemque
562 2412 749 2454 nocentis
790 2412 922 2465 possit
962 2409 1137 2451 dicendo
1172 2409 1378 2452 subiicere
1409 2411 1506 2452 odio
1537 2409 1690 2452 civium
1721 2409 2011 2465 supplicioque

253 2478 562 2531 constringere3
615 2475 809 2529 idemque
849 2472 1005 2528 ingenii
1046 2471 1253 2527 praesidio
1283 2472 1564 2515 innocentiam
1594 2472 1846 2514 iudiciorum
1875 2485 2013 2528 poena

205 2540 454 2591 asliberare3
485 2541 679 2593 idemque
708 2536 970 2591 languentem
999 2536 1291 2590 labentemque
1322 2538 1523 2589 populum
1556 2541 1627 2577 aut
1656 2534 1708 2576 ad
1738 2537 1864 2576 decus
1899 2534 2011 2576 exci-

252 2611 342 2646 tare
381 2608 451 2645 aut
488 2604 539 2644 ab
580 2614 723 2642 errore
754 2601 958 2641 deducere
991 2603 1062 2639 aut
1091 2599 1347 2640 inflammare
1377 2599 1420 2640 in
1449 2599 1666 2652 improbos
1697 2604 1767 2639 aut
1794 2596 2010 2640 incitatum

252 2669 296 2709 in
323 2669 458 2709 honos
487 2663 698 2718 mitigare;
750 2664 820 2719 qui
851 2663 1052 2717 denique,
1102 2674 1391 2717 quemcunque
1422 2661 1464 2703 in
1494 2660 1641 2702 animis
1670 2661 1888 2702 hominum
1918 2673 2009 2701 mo-

251 2735 2011 2751 μή

343 2783 377 2813 2.
403 2780 484 2813 inde
508 2778 551 2811 ab
577 2779 604 2809 B
631 2778 781 2818 aliique,
808 2777 862 2808 R:
890 2776 933 2808 ab
960 2776 1000 2807 E.
1029 2792 1072 2797 -
1106 2775 1138 2807 3.
1167 2774 1335 2815 forensem
1360 2776 1386 2807 B
1413 2776 1567 2816 aliique,
1595 2775 1651 2807 R:
1679 2774 1869 2815 forensium
1895 2774 1936 2806 E.
1966 2790 2004 2798 —

253 2829 288 2860 5.
314 2829 383 2860 ista
408 2828 450 2859 ab
476 2825 586 2859 Codd.
614 2825 686 2858 al.:
714 2825 777 2855 iste
803 2824 844 2855 ab
870 2823 921 2860 Β,
949 2832 971 2854 a
996 2824 1049 2861 R,
1078 2822 1120 2853 ab
1148 2822 1185 2854 E.
1217 2839 1254 2845 —
1283 2823 1317 2854 9.
1346 2827 1528 2863 expectant
1552 2823 1593 2854 B.
1621 2837 1664 2844 -
1701 2823 1756 2854 10.
1784 2821 2009 2853 Summarum

254 2884 372 2906 ‘rerum
396 2875 457 2915 Lg.
486 2881 625 2911 omnes,
666 2871 816 2904 Suarum
842 2879 1055 2901 summarum
1081 2869 1149 2901 Gu.
1178 2869 1213 2900 2.
1242 2873 1277 2901 et
1301 2870 1344 2901 R.
1382 2869 1441 2909 (Ut
1467 2878 1549 2908 nos,
1594 2869 1653 2902 B.)
1681 2886 1718 2892 —
1765 2877 1827 2908 ope
1850 2876 1928 2899 mea
1953 2869 2010 2900 Ex

254 2923 392 2953 incertis
418 2922 619 2953 Hermanno
645 2922 787 2951 auctore
814 2917 1030 2950 Henricbsen
1058 2920 1092 2948 et
1119 2915 1280 2948 Ellendt:
1309 2925 1386 2948 mea
1411 2924 1471 2955 ope
1497 2925 1538 2948 ea:
1555 2916 1700 2947 Incertis
1719 2916 1759 2948 E.
1779 2932 1822 2938 —-
1848 2914 1904 2947 17.
1933 2915 2010 2946 Iam

254 2968 319 2998 illa
343 2969 370 2999 B
397 2968 553 3008 aliique:
581 2966 657 2998 Iam
681 2973 762 2997 vero
786 2964 850 2996 illa
875 2964 946 2995 RE.
971 2978 998 2984 -
1034 2963 1090 2994 22.
1115 2964 1163 2995 sic
1188 2963 1242 2994 hic
1267 2964 1304 2994 in
1321 2963 1361 2993 B.
1382 2979 1424 2985 ·—
1451 2962 1508 2994 24.
1536 2960 1589 3002 ac]
1619 2965 1649 2993 et
1667 2962 1711 2994 R.
1736 2980 1771 2985 —
1799 2961 1857 2993 25.
1885 2961 2009 3000 aliqua

256 3014 339 3046 BR:
381 3015 454 3046 alia
481 3014 631 3046 Ernestii
661 3020 800 3051 operae.
837 3026 881 3033 —
919 3010 976 3042 26.
1017 3009 1110 3042 debet
1142 3018 1218 3041 cum
1244 3009 1412 3041 Lambino
1438 3009 1491 3040 T:
1539 3009 1660 3041 debent
1685 3009 1712 3040 B
1745 3012 1779 3042 et
1813 3009 1890 3040 libri
1934 3007 2006 3039 sere

257 3069 400 3098 omnes,
427 3062 499 3092 RE.
528 3078 561 3084 —
609 3059 669 3091 27.
695 3059 919 3090 clamatorem
945 3057 1085 3089 Ellendt
1110 3058 1200 3088 coni.
1229 3056 1283 3097 (ln
1310 3056 1412 3087 simili
1438 3056 1514 3088 loco
1549 3056 1702 3088 Oratoris
1728 3053 1765 3096 ἕ.
1791 3054 1849 3087 47.
1877 3056 1928 3085 est
1951 3054 2007 3086 de-

257 3107 481 3139 clamatorem
504 3124 518 3130 -
545 3123 556 3129 -
582 3104 773 3145 rabulam.)
803 3121 840 3127 —
868 3104 924 3135 28.
949 3105 1085 3143 primus
1111 3103 1152 3134 R.
1184 3119 1218 3125 —-
1253 3103 1309 3134 29.
1338 3111 1406 3134 esse
1430 3100 1527 3142 deus]
1554 3103 1723 3134 invenisse
1747 3102 1829 3133 deus
1852 3099 2004 3141 Madvig.

257 3154 387 3185 dedisse
411 3154 491 3186 deus
516 3153 629 3184 Klotz.
678 3153 809 3186 Verum
849 3151 1062 3190 probabilius
1098 3154 1150 3181 est
1185 3154 1325 3188 propter
1358 3149 1550 3181 litterarum
1576 3148 1838 3182 similitudinem
1863 3150 1942 3179 ante
1969 3157 2002 3180 v.

252 3204 404 3241 putatur
430 3200 595 3232 excidisse
621 3208 696 3232 voc.
721 3202 823 3240 pater
848 3200 1041 3236 (inventor,
1067 3195 1291 3236 Mercurius).
1320 3196 1387 3228 On.
1433 3196 1552 3228 Malim
1578 3197 1697 3235 daret,
1719 3202 1850 3235 parens
1875 3197 2003 3224 tamen.

258 3247 364 3279 ΒΑιΤ.
386 3263 422 3268 -
447 3251 596 3286 putatur
614 3255 691 3278 cum
710 3246 804 3277 libris
822 3245 874 3277 R:
899 3245 1091 3285 putabatur
1109 3244 1297 3275 Ernestius.
1321 3260 1365 3264 —-
1389 3246 1426 3273 ut
1443 3244 1606 3282 idipsum
1625 3243 1840 3282 Heusingero
1863 3244 2005 3273 auctore

257 3293 450 3325 Senutzius.
481 3309 516 3315 —
545 3292 600 3323 30.
628 3291 715 3333 erat]
745 3296 795 3323 est
818 3293 861 3323 R.
884 3308 920 3313 —
949 3299 1020 3322 non
1044 3290 1172 3331 factum
1189 3290 1233 3320 R.
1257 3306 1291 3312 -
1317 3289 1494 3330 perlatum
1523 3290 1565 3321 R.
1587 3307 1625 3313 —
1653 3290 1709 3322 35.
1737 3288 1902 3320 labentem
1929 3287 2005 3318 lan-

257 3345 482 3384 ,quentemque
510 3339 553 3372 R.
578 3337 834 3381 (labantemque
858 3338 1045 3373 Lambinus
1073 3342 1107 3372 et
1132 3337 1338 3376 Schutzius,
1366 3336 1465 3378 prob.
1493 3334 1629 3380 Bakio.)
1654 3350 1698 3359 -·-
1722 3334 1778 3368 37.
1805 3335 1842 3368 in
1866 3343 1934 3367 om.
1958 3333 1999 3370 B.
