2117 3762
733 272 830 312 LIB.
863 272 896 311 Ι.
959 272 1002 313 C.
1035 272 1102 315 43.
1136 270 1202 312 Ῑιῖι.
1236 272 1304 313 45.
1810 276 1890 317 207

139 382 385 434 praepotens
430 383 470 419 et
512 378 695 432 gloriosa
738 376 1001 431 philosophia
1041 378 1243 426 delectat,
1293 376 1439 431 (dicam
1480 376 1676 420 audacius
1692 379 1719 434 ,)
1764 381 1889 423 hosce

139 443 264 482 habet
293 442 428 482 fontes
460 442 643 482 omnium
682 437 1003 493 disputationum
1045 454 1236 488 suarum,
1283 442 1351 495 qui
1394 440 1484 482 iure
1524 442 1633 482 civili
1665 449 1704 483 et
1735 443 1893 497 legibus

138 505 416 546 continentur.
481 506 574 545 194.
607 505 668 543 Ex
700 501 762 542 his
795 503 903 542 euim
935 508 974 542 et
1006 502 1245 555 dignitatem
1278 503 1453 544 maxime
1485 506 1760 557 expetendam
1782 505 1895 547 vide-

137 579 253 614 mus,
306 582 398 608 cum
430 581 585 614 verus,
633 566 764 606 iustus
795 571 916 619 atque
961 564 1158 605 honestus
1210 565 1328 606 labor
1374 565 1630 614 honoribus,
1681 567 1891 622 praemiis,

137 630 358 681 splendore
390 628 631 676 decoratum
663 627 760 667 vitia
793 633 928 667 autem
961 628 1175 667 hominum
1207 633 1329 682 atque
1361 627 1526 670 fraudes
1557 627 1742 677 damnis,
1777 631 1924 683 igno-³

137 691 299 739 miniis,
348 691 515 738 vinclis,
561 689 829 737 verberibus,
863 689 1037 736 exsiliis,
1070 695 1203 730 morte
1236 689 1481 739 multantur;
1516 696 1556 732 et
1586 690 1783 733 docemur
1811 706 1895 733 non

138 753 306 795 infinitis
337 753 771 806 concertationumque
803 752 935 804 plenis
966 751 1317 805 disputationibus
1349 755 1419 794 sed
1442 755 1685 795 auctoritate
1707 761 1891 810 nutuque

138 815 275 870 logum
321 818 496 858 domitas
542 817 693 856 habere
740 814 956 863 libidines,
1005 819 1201 855 coercere
1246 828 1389 855 omnes
1436 816 1701 868 cupiditates,
1756 824 1896 858 nostra

139 881 268 927 tueri,
302 881 352 920 ab
383 878 529 919 alicnis
560 884 741 924 mentes,
791 877 959 924 oculos,
1010 890 1156 918 manus
1186 878 1411 918 abstinere.
1472 880 1615 919 XLIV.
1667 881 1759 921 195.
1799 882 1897 921 Fre-

137 947 250 982 mant
279 953 423 981 omnes
454 939 567 988 licet,
610 941 742 980 diram
774 941 885 993 quod
917 939 1078 980 sentio:
1132 940 1406 981 bibliothecas
1438 942 1677 982 mehercule
1708 942 1895 984 omnium
1911 954 1945 978 ¹⁰

138 1005 482 1059 philosophorum
512 1017 618 1044 unus
649 1004 747 1043 mihi
774 1004 938 1043 videtur
967 1003 1061 1042 XII.
1095 1000 1328 1044 tabularum
1360 1001 1545 1051 libellus,
1577 1003 1611 1045 si
1636 1005 1726 1059 quis
1757 1004 1895 1060 legum

137 1064 272 1106 sontes
318 1071 359 1106 et
403 1067 537 1120 capita
576 1065 746 1113 viderit,
800 1071 841 1105 et
884 1064 1142 1106 auctoritatis
1181 1067 1366 1119 pondere
1411 1071 1452 1107 et
1491 1065 1676 1108 utilitatis
1706 1068 1894 1109 ubertate

137 1141 352 1181 superare.
417 1130 508 1169 196.
542 1132 624 1175 Ac,
669 1128 703 1169 si
734 1140 831 1173 nos,
874 1126 916 1167 id
947 1125 1058 1180 quod
1088 1128 1268 1168 maxime
1299 1129 1444 1176 debet,
1490 1135 1628 1170 nostra
1660 1129 1794 1182 patria
1825 1132 1897 1172 de-

135 1190 276 1238 lectat,
310 1190 426 1232 cuius
455 1191 517 1231 rei
549 1196 659 1231 tanta
690 1195 753 1231 est
781 1189 843 1230 vis
875 1203 922 1229 ac
953 1195 1063 1230 tanta
1093 1195 1256 1238 natura,
1288 1197 1333 1232 ut
1353 1192 1531 1232 Ithacam
1555 1191 1665 1233 illam
1693 1193 1734 1233 in
1757 1206 1897 1248 asper-

135 1252 254 1294 rimis
292 1255 446 1294 saxulis
482 1259 689 1309 tamquam
729 1251 917 1294 nidulum
947 1250 1113 1292 affixam
1146 1253 1474 1306 sapientissimus
1504 1255 1568 1295 vir
1597 1256 1895 1298 immortalitati
1914 1269 1944 1294 ις

137 1320 428 1371 anteponeret:
481 1329 562 1371 quo
605 1328 746 1356 amore
785 1316 950 1355 tandem
988 1315 1230 1355 inflammati
1261 1330 1352 1357 esse
1385 1318 1581 1358 debemus
1612 1317 1654 1358 in
1687 1317 1890 1359 eiusmodi

135 1380 328 1434 patriam,
361 1391 466 1434 quae
495 1392 577 1419 una
609 1379 650 1418 in
682 1375 875 1418 omnibus
904 1378 1028 1418 terris
1059 1380 1207 1419 domus
1238 1383 1299 1419 est
1319 1378 1509 1427 virtutis,
1544 1380 1732 1434 imperii,
1763 1379 1898 1435 digni-

136 1441 262 1482 tatis?
293 1443 408 1483 cuius
435 1440 616 1496 primum
646 1441 768 1482 nobis
797 1454 936 1489 mens,
987 1453 1098 1488 mos,
1140 1441 1357 1496 disciplina
1385 1447 1483 1482 nota
1515 1455 1606 1484 esse
1638 1444 1785 1493 debet;
1830 1442 1897 1485 vel

137 1503 235 1560 quia
265 1510 326 1545 est
357 1505 519 1557 patria,
552 1517 702 1559 parens
733 1505 918 1544 omnium
948 1505 1160 1550 nostram,
1192 1503 1258 1544 vel
1280 1505 1377 1558 quia
1407 1509 1518 1545 tanta
1547 1505 1749 1560 sapientia
1769 1505 1895 1547 fuisse

136 1565 180 1607 in
209 1567 301 1607 iure
333 1565 620 1608 constituendo
654 1567 835 1621 putanda
856 1571 938 1614 est,
971 1571 1123 1621 quanta
1153 1564 1231 1606 fuit
1260 1567 1300 1607 in
1321 1566 1384 1608 his
1411 1567 1533 1608 tantis
1553 1568 1702 1622 opibus
1731 1570 1894 1625 imperii
1910 1582 1946 1607 20

138 1630 444 1682 comparandis.
524 1631 618 1670 197.
659 1630 898 1684 Percipietis
929 1630 1051 1669 etiam
1082 1628 1193 1669 illam
1224 1641 1277 1670 ex
1308 1629 1541 1684 cognitione
1570 1630 1671 1673 iuris
1700 1631 1895 1674 laetitiam

138 1696 179 1732 et
218 1691 497 1747 voluptatem,
545 1693 678 1747 quod,
726 1696 921 1746 quantum
961 1692 1242 1746 praestiterint
1284 1693 1414 1733 nostri
1459 1692 1635 1734 maiores
1679 1693 1896 1749 prudentia

138 1754 286 1795 ceteris
316 1753 528 1808 gentibus,
579 1759 667 1796 tum
697 1752 891 1794 facillime
921 1753 1179 1807 intelligetis,
1230 1753 1264 1795 si
1305 1768 1397 1796 cum
1438 1754 1605 1797 illorum
1635 1758 1824 1812 Lycurgo
1857 1761 1898 1797 et

136 1818 326 1858 Dracone
372 1823 413 1858 et
458 1816 610 1858 Solone
658 1823 820 1858 nostras
866 1818 980 1869 leges
1027 1814 1218 1857 conferre
1258 1817 1490 1859 volueritis.
1551 1819 1797 1861 Incredibile
1836 1825 1898 1861 est

137 1880 276 1928 enim,
327 1893 450 1935 quam
490 1881 541 1920 sit
580 1892 703 1919 omne
743 1878 807 1919 ius
849 1878 970 1919 civile
1011 1884 1177 1932 praeter
1214 1880 1293 1920 hoc
1331 1885 1517 1922 nostrum
1561 1880 1818 1922 inconditum
1849 1895 1896 1923 ac
1911 1892 1945 1918 2⁵

136 1955 269 1998 paene
299 1941 544 1991 ridiculum;
592 1940 642 1982 de
674 1954 757 1996 quo
788 1941 915 1982 multa
946 1942 1064 1982 soleo
1094 1942 1136 1982 in
1166 1944 1429 1984 sermonibus
1460 1943 1710 1998 quotidianis
1741 1943 1894 1992 dicere,

137 2017 232 2046 cum
260 2005 480 2046 hominum
499 2008 739 2045 nostrorum
760 2004 1024 2059 prudentiam
1056 2005 1205 2045 ceteris
1237 2004 1428 2046 omnibus
1460 2011 1502 2047 et
1530 2007 1707 2048 maxime
1731 2006 1898 2048 Graecis

138 2072 362 2122 antepono.
419 2066 495 2107 His
527 2081 604 2121 ego
634 2069 686 2107 de
716 2067 848 2107 causis
880 2065 1091 2115 dixeram,
1133 2067 1354 2117 Scaevola,
1386 2067 1462 2117 iis,
1502 2069 1573 2124 qui
1603 2067 1776 2124 perfecti
1807 2082 1899 2110 ora-

139 2134 251 2171 tores
283 2143 373 2171 esse
402 2130 581 2178 vellent,
614 2128 716 2170 iuris
747 2129 879 2170 civilis
910 2127 1193 2182 cognitionem
1224 2142 1314 2171 esse
1345 2130 1638 2173 necessariam.

248 2194 374 2235 XLV.
425 2192 520 2233 198.
571 2193 658 2232 Iam
699 2204 800 2233 vero
838 2193 930 2245 ipsa
967 2204 1044 2246 per
1081 2205 1173 2234 sese
1212 2198 1410 2248 quantum
1449 2193 1596 2235 afferat
1634 2193 1711 2244 iis,
1759 2194 1830 2250 qui
1860 2194 1899 2236 ei
1913 2206 1947 2232 ³0

138 2261 355 2310 praesunt,
398 2253 593 2303 honoris,
637 2253 816 2308 gratiae,
860 2253 1097 2308 dignitatis,
1143 2254 1236 2310 quis
1265 2257 1458 2310 ignorat?
1507 2258 1676 2312 Itaque,
1717 2262 1763 2299 ut
1791 2256 1900 2313 apud

142 2319 323 2358 Graecos
366 2315 497 2358 infimi
541 2316 730 2359 homines
774 2315 1015 2358 mercedula
1059 2319 1224 2360 adducti
1268 2318 1479 2361 ministros
1521 2333 1565 2360 se
1610 2322 1813 2375 praebent
1855 2321 1899 2361 in

140 2379 303 2422 iudiciis
353 2379 613 2428 oratoribus,
658 2380 708 2428 ii,
755 2380 826 2434 qui
864 2379 975 2434 apud
1012 2379 1106 2422 illos
1147 2389 1442 2438 πραγματικοὶ
1479 2388 1705 2425 vocantur:
1756 2383 1814 2424 sic
1857 2383 1900 2424 in

140 2449 285 2485 nostra
321 2443 485 2485 civitate
523 2447 665 2485 contra
708 2442 984 2498 amplissimus
1029 2444 1203 2500 quisque
1242 2450 1282 2486 et
1323 2445 1573 2488 clarissimus
1604 2447 1689 2494 vir,
1738 2450 1784 2486 ut
1812 2444 1896 2493 ille,

142 2507 213 2562 qui
242 2511 414 2562 propter
443 2508 548 2548 hanc
578 2504 680 2547 iuris
711 2506 844 2547 civilis
874 2504 1088 2548 scientiam
1114 2506 1174 2548 sic
1193 2506 1421 2563 appellatus
1442 2521 1466 2550 a
1485 2522 1648 2551 summo
1667 2513 1790 2564 po'e'ta
1810 2512 1894 2549 est:
1913 2517 1946 2543 ⁵⁵

363 2601 536 2655 Eqreyie
565 2600 750 2641 cordatus
778 2599 916 2647 homo,
948 2605 1059 2641 catus
1087 2598 1212 2641 Aeliu'
1243 2601 1416 2651 Sextus,

143 2693 344 2749 multique
373 2699 617 2748 praeterea,
667 2694 763 2750 qui,
810 2707 903 2736 cum
933 2694 1102 2748 ingenio
1134 2692 1212 2735 sibi
1243 2694 1272 2748 -Χ-
1303 2699 1472 2737 auctore
1504 2694 1743 2751 dignitatem
1773 2708 1898 2751 pepe-

144 2759 318 2804 rissent,
350 2756 634 2812 perfecerunt,
665 2762 711 2798 ut
739 2756 782 2798 in
813 2756 1105 2812 respondendo
1135 2757 1227 2798 iure
1257 2758 1498 2800 auctoritate
1519 2760 1611 2811 plus
1633 2761 1754 2800 etiam
1777 2771 1898 2813 quam

146 2821 237 2876 ipso
273 2820 441 2874 ingenio
484 2820 683 2862 valerent.
762 2821 856 2861 199.
904 2819 1115 2862 Senectuti
1159 2833 1259 2862 vero
1301 2820 1573 2862 celebrandae
1613 2826 1654 2861 et
1691 2819 1900 2862 ornandae

239 2941 273 2972 1.
296 2944 506 2980 praepotens
529 2941 598 2973 ista
616 2940 656 2972 B.
686 2958 723 2964 —
759 2940 792 2971 2.
821 2939 922 2972 habet
947 2939 1026 2972 librl
1054 2944 1088 2972 et
1113 2940 1160 2972 R:
1201 2940 1335 2973 habebit
1361 2941 1551 2974 Ernestius.
1574 2957 1610 2964 —
1638 2941 1676 2972 in
1700 2941 1776 2974 iure
1793 2941 1835 2973 R.
1858 2958 1896 2964 —

146 2986 180 3018 4.
207 2995 283 3019 cum
307 2995 409 3018 verus
433 2990 464 3019 et
487 2988 597 3019 iustus
621 2987 647 3018 B
673 2988 824 3028 aliique,
852 2986 902 3025 T,
931 2990 1003 3018 tum
1027 2994 1109 3018 vero
1135 2991 1167 3020 et
1191 2989 1300 3020 iustus
1326 2988 1369 3019 R.
1396 3004 1440 3010 —
1481 2992 1583 3028 atque
1605 2987 1766 3019 honestus
1790 2988 1901 3021 seclu-

147 3036 192 3066 sit
218 3033 366 3066 Ellendt.
409 3048 449 3055 —
491 3034 677 3066 honoribus
701 3038 732 3067 et
753 3034 920 3074 praemiis
945 3033 1055 3066 Codd.
1084 3033 1127 3066 al.
1146 3056 1155 3072 ‚
1192 3034 1233 3065 T.
1262 3033 1319 3072 (Ut
1343 3043 1424 3070 n0S.
1452 3032 1539 3073 BR.)
1573 3049 1614 3055 -——
1657 3034 1691 3066 5.
1719 3034 1900 3075 splendore

149 3081 291 3114 seclusit
317 3079 465 3112 Ellendt.
498 3097 535 3103 —
578 3080 612 3112 6.
646 3081 769 3113 vinclis
794 3080 904 3113 Codd.
938 3079 1006 3112 al.:
1045 3080 1194 3112 vinculis
1229 3080 1331 3112 BRE.
1358 3081 1517 3121 (vinculis
1542 3081 1744 3122 iynominiis
1768 3080 1829 3122 R.)
1858 3097 1901 3105 —-

149 3128 206 3160 12.
232 3128 391 3160 ubertate
415 3126 579 3158 utilitatis
602 3127 645 3159 R.
676 3145 712 3151 —
743 3127 798 3160 14.
827 3128 890 3160 Vv.
918 3136 959 3158 ac
985 3130 1087 3158 tanta
1110 3131 1243 3159 natura
1267 3127 1409 3160 seclusit
1433 3127 1580 3159 Ellendt.
1604 3144 1642 3150 —
1669 3127 1727 3158 27.
1756 3128 1901 3160 homini-

150 3175 212 3206 bus
235 3175 279 3207 R.
310 3191 347 3198 -
374 3172 432 3205 28.
459 3170 535 3213 eqo]
563 3181 644 3216 erqo
671 3174 761 3206 Edd.
788 3178 872 3207 vett.
901 3171 981 3214 (non
1009 3174 1069 3212 R.)
1097 3190 1134 3196 -
1162 3173 1218 3206 31.
1245 3174 1367 3215 Itaque
1391 3182 1461 3205 non
1486 3173 1581 3213 apud
1604 3173 1656 3212 B,
1682 3174 1807 3216 Itaque
1830 3183 1902 3206 non

149 3226 190 3254 ut
214 3221 311 3262 apud
336 3221 378 3252 R.
409 3235 445 3242 —
484 3218 540 3250 33.
567 3221 781 3262 pragmatici
804 3221 848 3252 R.
888 3238 926 3245 -
970 3220 1027 3252 34.
1053 3220 1195 3261 quisque
1220 3229 1288 3253 om.
1322 3221 1364 3252 R.
1404 3235 1439 3241 —
1483 3217 1528 3260 et]
1554 3225 1656 3262 atque
1682 3221 1726 3252 R.
1762 3238 1804 3245 —
1841 3220 1899 3253 37.

150 3272 294 3301 auctore
318 3266 536 3301 secluserunt
561 3266 739 3299 Ernestius
766 3271 800 3299 et
818 3266 969 3299 Ellendt.
1010 3266 1110 3299 Certe
1136 3272 1338 3308 corruptum
1365 3270 1438 3304 est3
1465 3267 1530 3299 sibi
1553 3270 1798 3301 auctoritatem
1817 3276 1898 3308 pep.

150 3315 328 3348 malebant
346 3314 534 3347 Huldricus
553 3317 587 3344 et
599 3313 767 3346 Matthiae
784 3322 792 3351 ;
821 3313 936 3346 malim
953 3315 1087 3355 inqenii
1103 3313 1168 3344 sibi
1185 3315 1352 3346 acumine.
1373 3314 1440 3346 Οιι.
1468 3315 1522 3346 An
1540 3315 1721 3347 acutiore?
1739 3316 1843 3347 ΒΑιτ.
1858 3330 1900 3337 —-

150 3363 398 3403 repeperissent
422 3362 498 3401 (sic)
524 3360 550 3391 B
567 3382 576 3400 ,
602 3361 805 3402 reperissent
830 3360 920 3393 Edd.
947 3365 1029 3396 vett.
1058 3358 1141 3402 (non
1168 3359 1230 3401 R.)
1253 3377 1297 3383 -
1328 3361 1406 3394 iure
1430 3360 1457 3392 B
1483 3361 1632 3403 aliique:
1660 3362 1700 3395 de
1723 3363 1799 3394 iure
1824 3361 1898 3393 RE.
