2117 3762
674 249 772 287 ΗΒ.
809 246 859 286 ΙΙ.
922 245 965 286 C.
1001 247 1068 287 22.
1103 247 1169 288 23.
1199 246 1266 287 24.
1772 249 1847 292 145

101 372 182 412 quo
230 357 309 398 iam
352 361 445 396 aute
488 352 689 395 sententia
734 352 906 392 alicuius
950 359 1020 393 aut
1059 353 1292 407 aliquorum
1334 352 1599 394 constitutum
1631 358 1704 393 est.
1765 356 1849 396 lam

101 422 190 461 iura
223 419 404 471 legitima
436 432 486 457 ex
519 416 679 468 tegibus
711 415 902 467 cognosci
935 414 1153 468 oportebit.
1214 417 1286 455 llis
1318 429 1417 469 ergo
1449 429 1500 456 ex
1532 417 1716 470 partibus
1739 416 1850 464 iuris,

100 482 297 538 quidquid
343 488 411 522 aut
456 493 507 520 ex
553 480 640 532 ipsa
682 492 724 517 re
765 483 833 518 aut
873 493 922 517 ex
967 478 1087 519 simili
1129 484 1198 518 aut
1230 493 1280 518 ex
1312 478 1467 519 maiore
1499 479 1709 519 minoreve
1742 480 1851 520 nasci

100 543 332 591 xidvbitur,
385 543 596 583 attendere
644 547 766 595 atque
817 542 968 581 elit-ere
1018 540 1287 595 pertentando
1334 555 1457 581 unam
1501 554 1706 596 quamque
1751 541 1851 582 iuris

100 613 258 662 partem
290 603 516 659 oportebit.
579 604 783 642 Locorum
815 609 949 642 autem
971 603 1249 644 communium
1279 603 1474 657 quoniam
1506 609 1567 654 (ut
1586 610 1678 644 ante
1700 603 1883 646 dietums

101 676 179 715 est)
212 671 294 709 duo
327 681 476 719 genera
506 671 616 712 sunt,
659 681 835 719 qnorum
868 667 1041 707 alterum
1073 665 1221 706 dubiae
1252 667 1339 714 rei,
1386 668 1559 707 alterum
1591 672 1725 707 certae
1757 681 1854 708 ron-

101 731 202 771 tinet
232 729 613 784 amplificationem,
647 727 742 780 quid
777 727 862 780 ipsa
894 742 1015 769 causa
1045 727 1114 768 det
1145 735 1185 768 et
1216 729 1312 784 quid
1334 732 1476 783 augeri
1500 744 1572 784 per
1592 744 1852 772 communem

100 795 236 834 lorum
268 791 398 847 possit
428 797 468 831 et
498 796 707 843 oporteat,
742 791 1084 830 considerabitur.
1146 793 1244 831 Nam
1277 793 1396 838 certi,
1429 792 1497 847 qui
1528 792 1569 833 in
1591 806 1732 834 omnes
1755 794 1855 833 inri—

101 858 221 903 dant,
270 854 351 895 loci
387 852 611 907 praescribi
652 868 731 892 non
772 858 967 907 possunt:
1015 852 1057 892 in
1089 853 1297 906 plerisque
1328 854 1500 895 sortasse
1532 854 1582 896 ab
1613 857 1854 896 auctoritate

99 917 201 958 iuris
241 917 525 957 consultorum
567 921 607 955 et
647 921 789 955 contra
828 916 1115 956 auctoritatem
1147 915 1226 955 diri
1260 917 1484 970 oportebit.
1546 919 1851 959 Attendendum
1871 934 1903 958 10

99 986 162 1020 est
191 984 327 1020 autem
359 984 400 1019 et
430 979 470 1018 in
500 980 575 1018 hac
609 984 647 1017 et
678 978 717 1018 in
750 979 966 1025 omnibus,
1013 991 1109 1017 num
1141 992 1245 1032 quos
1276 980 1391 1020 locos
1422 993 1661 1021 communes
1692 985 1855 1034 praeter

99 1055 195 1091 eos,
244 1054 348 1096 quos
389 1054 464 1081 nos
496 1040 788 1094 exposuimus,
841 1039 930 1093 ipsa
960 1052 1027 1080 res
1058 1042 1259 1082 ostendat.
1319 1044 1434 1083 Nunc
1465 1042 1695 1084 iuridiciale
1726 1056 1855 1097 genus

99 1111 140 1147 et
168 1111 306 1158 partes
338 1103 426 1145 eius
457 1103 783 1144 consideremus.

208 1168 362 1208 xxm.
408 1167 476 1210 69.
524 1164 765 1205 iuridicialis
797 1169 883 1213 cst,
920 1164 962 1206 in
993 1180 1075 1219 qua
1104 1165 1225 1219 acqui
1257 1171 1298 1207 et
1328 1165 1458 1222 iniqui
1488 1174 1630 1209 natura
1665 1174 1705 1209 et
1735 1182 1857 1222 prae-

100 1229 171 1271 mii
202 1237 271 1271 aut
300 1242 457 1285 poenae
489 1228 594 1269 ratio
627 1227 856 1281 quaeritur.
919 1227 1052 1269 Huius
1082 1236 1220 1283 partes
1251 1235 1344 1269 sunt
1374 1231 1504 1278 duae,
1552 1245 1726 1285 quarum
1757 1233 1856 1272 alte·
1872 1245 1903 1270 ιε

100 1307 186 1334 ram
217 1292 473 1340 absolutam,
520 1290 814 1345 assumptivam
844 1289 1013 1331 alteram
1043 1291 1317 1339 nominamus.
1378 1292 1577 1333 Absoluta
1615 1299 1698 1342 est,
1752 1308 1857 1348 quae

99 1356 188 1411 ipsa
227 1357 269 1397 in
309 1370 351 1397 se
392 1368 473 1395 non
518 1360 563 1394 ut
601 1352 816 1407 negotialis
853 1352 1050 1407 implicite
1089 1360 1128 1396 et
1168 1353 1408 1395 abscondite
1457 1357 1528 1395 sed
1568 1358 1773 1410 patentius
1818 1364 1859 1399 et

100 1418 332 1474 expeditius
363 1417 463 1458 recti
495 1422 534 1457 et
564 1430 647 1457 non
678 1415 781 1456 recti
812 1416 1099 1469 quaestionem
1130 1417 1326 1458 continet.
1389 1419 1449 1457 Ea
1471 1423 1533 1458 cst
1553 1416 1855 1462 huiuscemodi:

101 1483 202 1523 Cum
234 1479 419 1521 Thebani
449 1477 800 1520 Lacedaemonios
830 1476 941 1518 bcllo
972 1485 1236 1534 superassent
1265 1486 1306 1520 et
1334 1478 1421 1520 sere
1450 1493 1540 1522 mos
1571 1487 1678 1522 esset
1708 1483 1855 1531 Graiis,

100 1556 193 1583 cum
223 1542 332 1584 inter
363 1557 406 1583 se
436 1541 591 1583 bellum
624 1539 866 1594 gessissent,
912 1546 958 1582 ut
987 1541 1040 1590 ii,
1088 1542 1158 1597 qui
1190 1543 1404 1590 vicissent,
1444 1547 1660 1595 tropaeum
1691 1543 1858 1599 aliquod
1872 1556 1907 1581 20

100 1604 143 1646 in
165 1603 314 1645 finibus
335 1610 560 1646 statuerent
592 1602 786 1644 victoriae
818 1604 942 1644 modo
972 1603 1016 1644 in
1045 1606 1278 1659 praesentia
1299 1604 1571 1646 declarandae
1602 1619 1741 1654 causa,
1775 1621 1858 1648 non

100 1673 146 1708 ut
175 1668 215 1707 in
246 1673 492 1722 perpetuum
524 1665 623 1706 belli
664 1664 866 1706 memoria
897 1672 1108 1715 maneret,
1157 1680 1330 1708 aeneum
1362 1672 1592 1709 statuerunt
1621 1675 1854 1721 tropaeum.

100 1732 356 1772 Accusantur
386 1728 492 1782 apud
525 1726 871 1781 Amphictyonas,
907 1727 949 1769 id
980 1735 1063 1778 est,
1105 1732 1215 1783 apud
1245 1743 1464 1771 commune
1496 1730 1691 1772 Graeciae
1722 1732 1859 1773 conci-

101 1793 216 1833 lium.
274 1795 342 1833 70.
377 1793 553 1832 Intentio
575 1797 659 1831 est:
695 1793 785 1831 Non
807 1790 1005 1845 oportuit.
1065 1792 1262 1848 Depulsio
1285 1798 1368 1833 est:
1404 1792 1611 1846 Oportuit.
1659 1794 1856 1842 Quaestio

101 1860 183 1895 est:
219 1854 545 1908 Oportueritne‘.)
587 1854 704 1894 Ratio
739 1859 821 1894 est:
853 1855 954 1894 Eam
987 1855 1095 1896 enim
1127 1869 1179 1895 ex
1207 1854 1317 1895 bello
1350 1853 1521 1908 gloriam
1552 1855 1702 1896 virtute
1733 1869 1858 1911 pepe-
1871 1866 1906 1891 2⁵

100 1915 255 1965 rimus,
307 1921 353 1957 ut
392 1917 481 1957 eius
526 1921 694 1956 aeterna
735 1915 910 1969 insignia
950 1917 1126 1971 posteris
1172 1918 1324 1958 nostris
1368 1918 1602 1971 relinquere
1645 1919 1857 1960 vellemus.

101 1977 326 2020 Infirmatio
358 1984 439 2019 est:
482 1979 671 2019 Attamen
703 1983 916 2019 aeternum
947 1979 1253 2020 inimicitiarum
1284 1984 1598 2020 monumentum
1630 1981 1776 2022 Graios
1807 1983 1857 2022 de

103 2042 236 2082 Graiis
268 2046 448 2082 statuere
478 2054 561 2081 non
594 2045 772 2095 oportet.
833 2040 1033 2083 Iudicatio
1065 2048 1147 2083 est:
1181 2042 1281 2082 Cum
1313 2055 1497 2083 summae
1528 2042 1690 2083 virtutis
1712 2056 1860 2084 conce-

101 2102 323 2146 lebrandae
365 2117 486 2144 causa
527 2104 638 2145 Graii
680 2104 730 2144 de
772 2103 903 2145 Graiis
944 2110 1160 2146 aeternum
1198 2103 1504 2145 inimicitiarum
1543 2110 1858 2146 monumentum

103 2171 357 2215 statuerunt,
389 2170 558 2207 rectene
590 2179 643 2206 an
673 2170 817 2207 contra
846 2164 1052 2208 fecerint?
1091 2168 1206 2207 Hanc
1235 2165 1329 2207 ideo
1362 2166 1567 2207 rationem
1589 2168 1854 2216 subiecimus,
1872 2177 1907 2202 ³0

102 2234 150 2270 ut
178 2230 258 2270 hoc
287 2241 434 2270 causae
473 2241 603 2283 genus
641 2226 801 2283 ipsum,
853 2227 904 2269 de
946 2243 1027 2284 quo
1067 2228 1250 2283 agimus,
1297 2234 1632 2282 cognosceretur.
1693 2231 1794 2270 Nam
1825 2229 1860 2271 si

105 2304 198 2332 eam
228 2292 612 2346 supposuissemus,
655 2304 736 2345 qua
764 2291 940 2333 fortasse
970 2292 1035 2333 usi
1065 2298 1178 2333 sunt:
1226 2293 1318 2331 Non
1350 2293 1460 2333 enim
1490 2293 1595 2333 iuste
1625 2305 1759 2346 neque
1790 2293 1858 2346 pie

102 2352 258 2395 bellum
288 2353 496 2407 gessistis;
530 2353 572 2392 in
601 2353 847 2394 relationem
879 2352 1062 2395 criminis
1085 2352 1398 2403 delaberemur,
1433 2357 1483 2395 de
1504 2368 1583 2410 qua
1603 2360 1696 2409 post
1716 2356 1859 2409 loque-

102 2430 212 2458 mur.
274 2418 500 2470 Utrumque
541 2420 681 2457 autem
721 2429 869 2456 causae
909 2429 1037 2470 genus
1075 2417 1119 2457 in
1154 2418 1260 2457 hanc
1292 2430 1456 2458 causam
1488 2415 1672 2457 incidere
1701 2416 1859 2471 perspi-

104 2492 227 2520 cuum
257 2483 333 2519 est.
394 2481 440 2520 ln
469 2479 575 2518 hanc
606 2479 985 2530 argumentationes
1015 2492 1067 2519 ex
1087 2479 1234 2520 iisdem
1256 2480 1358 2520 locis
1380 2478 1602 2520 sumendae
1623 2485 1716 2520 sunt
1735 2485 1856 2533 atque
1871 2497 1904 2522 35

104 2541 146 2584 in
177 2555 342 2583 causam
372 2539 642 2595 negotialem,
681 2553 760 2594 qua
791 2541 842 2581 de
871 2546 964 2582 ante
995 2540 1148 2582 dictum
1180 2546 1255 2582 est.
1317 2544 1384 2582 71.
1416 2545 1547 2583 Locos
1577 2547 1714 2582 autem
1747 2554 1858 2581 com-

104 2618 252 2647 munes
282 2610 323 2645 et
352 2617 406 2645 ex
437 2616 558 2643 causa
586 2603 700 2656 ipsa,
748 2602 783 2642 si
824 2602 922 2658 quid
958 2605 1080 2646 inerit
1109 2603 1401 2658 indignationis
1431 2609 1501 2645 aut
1532 2604 1854 2658 conquestionis,

106 2672 148 2708 et
176 2680 227 2708 ex
254 2666 356 2709 iuris
383 2666 558 2707 utilitate
588 2672 629 2707 et
656 2670 803 2706 natura
831 2666 984 2707 multos
1013 2672 1054 2706 et
1083 2679 1230 2721 graves
1261 2680 1425 2708 sumere
1453 2665 1593 2707 licebit
1623 2672 1662 2707 et
1692 2670 1858 2719 oporte-

105 2730 189 2778 bit,
237 2731 270 2770 si
300 2742 446 2770 causae
476 2727 652 2782 dignitas
683 2726 891 2769 videbitur
920 2730 1146 2784 postulare.
1206 2731 1358 2774 XXIV.
1408 2732 1524 2770 Nunc
1563 2727 1855 2782 assumptivam

106 2796 266 2846 partem
295 2790 538 2833 iuridicialis
571 2789 898 2833 consideremus.
1869 2806 1904 2833 40

199 2962 234 2995 3.
261 2966 323 2995 aut
345 2963 478 2994 maiore
502 2963 573 2996 PR.
602 2961 660 3004 (Ut
684 2972 746 2997 nos
763 2986 772 3002 ,
800 2959 888 3004 VA.)
916 2978 955 2984 —
982 2961 1016 2995 4.
1043 2971 1206 3004 quemque
1231 2961 1409 2994 attendere
1433 2961 1482 2999 V,
1517 2961 1656 3002 quisque
1680 2959 1857 2992 attendere

107 3008 152 3044 R.
179 3007 238 3051 (t't
264 3019 347 3048 nos,
374 3008 460 3050 ΡΑ.)
489 3026 525 3032 —-
568 3011 657 3042 iaris
677 3014 816 3051 partem
838 3009 953 3041 PAR:
986 3013 1123 3049 partem
1146 3009 1301 3041 iuris-E.
1333 3025 1369 3031 —
1407 3009 1443 3040 5.
1469 3008 1600 3039 debebit
1627 3007 1703 3038 VR.
1742 3023 1782 3029 -
1819 3007 1854 3039 6.

109 3065 238 3099 yenera
262 3060 340 3088 sunt
365 3056 480 3088 PAR:
507 3060 587 3088 sunt
611 3066 738 3098 yenera
764 3057 805 3088 E.
847 3073 888 3079 —
926 3056 959 3088 9.
991 3056 1160 3094 perscribi
1184 3056 1393 3088 Victorinus.
1444 3055 1488 3085 Λι
1513 3055 1589 3086 vide
1616 3054 1700 3093 Cap.
1729 3054 1785 3085 17.
1812 3070 1857 3076 --

109 3106 166 3138 10.
194 3104 272 3136 duci
298 3103 409 3135 Codd.
437 3102 529 3135 Oud.
557 3109 695 3143 praeter
720 3113 770 3143 pr.
799 3102 917 3135 Schol.
944 3105 1019 3142 ipso
1047 3102 1229 3141 probante.
1258 3102 1325 3134 Sed
1353 3111 1384 3134 v.
1407 3100 1487 3132 Ern.
1516 3100 1572 3141 (Ut
1590 3109 1674 3139 nos,
1717 3102 1856 3136 nostri.)

107 3169 154 3175 —
178 3151 233 3183 12.
262 3159 348 3190 quos
371 3157 434 3181 nos
460 3151 661 3189 exponimus
686 3150 802 3182 PAR:
830 3158 916 3190 quos
941 3150 1144 3190 exponimus
1170 3150 1252 3189 (om.
1279 3147 1355 3187 nos)
1384 3148 1422 3178 E.
1458 3163 1499 3169 —-
1541 3147 1598 3179 18.
1625 3148 1858 3179 huiuscemodi·

108 3198 157 3231 P:
183 3197 378 3229 huiusmodi
403 3196 508 3227 ΛΚΕ.
538 3211 575 3218 -
603 3196 659 3228 19.
685 3200 904 3237 superassent
927 3197 979 3231 R.
1006 3196 1103 3227 Leid.
1130 3196 1176 3226 11.
1194 3219 1202 3233 ‚
1228 3196 1280 3226 L:
1307 3195 1567 3232 superavissent
1591 3194 1694 3226 ΡΑΕ.
1725 3210 1762 3216 -
1797 3195 1854 3226 21.

109 3247 147 3278 in
167 3245 405 3284 praesentiam
428 3242 467 3274 P.
494 3258 536 3263 —
577 3242 634 3273 23.
660 3243 698 3274 id
722 3247 770 3274 est
793 3259 807 3265 -
831 3259 845 3265 -
868 3242 1050 3275 concilium
1074 3246 1235 3280 suspecta
1261 3242 1346 3273 baec
1370 3241 1539 3273 Lambino
1565 3241 1634 3273 del.
1662 3239 1853 3273 Schutzius.

112 3307 153 3316 -—-
180 3290 237 3323 28.
265 3288 554 3322 concelebrandae
579 3289 668 3320 PAR
692 3290 847 3329 aliique:
874 3288 1098 3323 celebrandae
1122 3288 1162 3320 E.
1202 3304 1242 3311 —
1284 3289 1341 3320 30.
1379 3291 1579 3322 statuerunt
1603 3288 1694 3321 PAR
1719 3289 1857 3327 optimi-

112 3347 181 3380 que
209 3337 324 3372 Oua..
351 3336 493 3369 Lamb.:
520 3336 705 3369 statuerint
731 3336 771 3368 E.

187 3403 280 3429 cicero
299 3401 329 3430 Τ.
350 3402 370 3429 1.
1364 3397 1414 3438 10
