2117 3762
790 269 891 310 LIB.
925 268 957 310 Ι.
1020 267 1064 310 C.
1099 270 1166 312 57.
1201 269 1267 311 58.
1828 273 1908 316 217

155 378 292 421 hastas
333 377 563 433 acceperit,
610 375 699 429 ipse
741 388 809 416 cas
849 374 1024 417 oratoris
1063 375 1227 418 lacertis
1265 373 1505 432 viribusque
1535 377 1760 431 torquebit.
1822 379 1906 422 Nisi

154 454 255 483 vero
302 441 422 493 (bona
453 440 572 481 venia
602 437 724 479 huius
755 437 898 492 optimi
930 439 1007 479 viri
1039 438 1216 480 dixerim
1261 437 1538 494 [Scaevolae])
1587 445 1630 480 tu
1661 438 1809 481 libellis
1839 447 1910 482 aut

153 503 385 559 praeceptis
415 501 551 544 soceri
591 499 652 541 tui
695 512 857 541 causam
890 502 956 541 M.
988 503 1098 543 Curii
1130 501 1370 550 defendisti,
1416 516 1498 544 non
1531 502 1740 557 arripuisti
1770 509 1910 558 patro-

155 564 308 607 cinium
349 564 566 619 aequitatis
606 568 646 603 et
685 560 969 604 defensionem
1009 570 1349 605 testamentorum
1384 578 1430 605 ac
1469 564 1692 606 voluntatis
1723 571 1910 607 mortuo-

153 642 260 670 rum.
327 627 420 669 2'43.
463 629 521 667 Ac
560 638 651 666 mea
690 625 856 680 quidem
898 628 1100 667 sententia
1148 626 1356 680 (frequens
1397 625 1505 667 enim
1538 632 1578 668 te
1608 627 1747 669 audivi
1787 633 1939 682 atques

153 690 273 744 affui)
314 688 442 730 multo
472 687 670 730 maiorem
702 694 861 742 partem
891 690 1185 730 sententiarum
1219 688 1302 730 sale
1335 694 1405 730 tuo
1437 694 1475 730 ct
1505 689 1649 742 lepore
1680 695 1721 730 et
1750 690 1910 745 politis-

152 754 267 795 simis
297 751 453 794 saeetiis
483 749 711 804 pellexisti,
749 764 841 791 cum
873 758 912 792 et
942 751 1043 793 illud
1074 752 1242 792 nimium
1274 764 1446 792 acumen
1479 751 1677 793 illuderes
1708 757 1749 793 et
1778 751 1909 794 admi-

152 828 292 857 rarere
323 814 533 867 ingenium
566 813 815 860 Scaevolae,
869 815 937 867 qui
970 815 1244 868 excogitasset
1276 813 1386 853 nasci
1418 815 1532 866 prius
1563 819 1756 869 oportere
1785 829 1910 870 quam

153 879 310 927 emori3
361 888 538 929 eumque
583 875 709 916 multa
754 875 974 930 colligeres
1013 882 1051 917 et
1082 890 1134 918 ex
1166 874 1326 930 legibus
1358 882 1398 916 et
1429 889 1484 918 ex
1515 883 1679 918 senatus
1711 877 1910 920 consultis

153 947 193 982 et
222 953 273 981 ex
303 938 384 980 vita
415 952 461 978 ac
492 950 685 978 sermone
718 938 927 979 communi
966 952 1048 980 non
1085 940 1211 980 modo
1251 944 1368 978 acute
1401 938 1474 979 sed
1505 941 1627 980 etiam
1660 938 1832 981 ridicule
1861 954 1908 982 ac
1922 953 1960 981 10

150 1004 301 1046 facete,
333 1000 404 1041 ubi
435 1001 468 1040 si
498 1002 645 1046 verba.
678 1014 759 1041 non
792 1016 879 1041 rem
911 1014 1202 1056 sequeremur,
1243 1000 1388 1041 confici
1419 1001 1520 1042 nihil
1551 1007 1703 1057 posset.
1765 1004 1909 1058 Itaque

150 1061 361 1105 hilaritatis
392 1061 561 1117 plenum
593 1063 790 1104 iudicium
821 1076 866 1103 ac
898 1062 1077 1104 laetitiae
1108 1064 1207 1111 fuit3
1241 1063 1284 1102 in
1314 1075 1396 1116 quo
1428 1065 1524 1117 quid
1557 1063 1629 1104 tibi
1651 1063 1752 1106 iuris
1775 1065 1908 1108 civilis

152 1124 394 1168 exercitatio
427 1124 658 1180 profuerit,
707 1138 791 1166 non
823 1125 1030 1178 intelligo3
1078 1124 1241 1166 dicendi
1271 1124 1331 1165 vis
1363 1127 1527 1179 egregia
1567 1140 1726 1168 summa
1754 1126 1911 1170 festivi-

152 1195 235 1231 tate
266 1194 307 1230 et
336 1195 552 1230 venustate
585 1190 802 1230 coniuncta
833 1187 1002 1244 profuit.
1065 1189 1160 1228 244.
1194 1190 1286 1242 Ipse
1319 1187 1387 1229 ille
1409 1188 1585 1237 Mucius,
1619 1190 1779 1242 paterni
1809 1191 1909 1232 iuris

149 1252 346 1294 defensor
376 1257 417 1292 et
447 1252 563 1305 quasi
594 1251 832 1306 patrimonii
864 1256 1150 1306 propugnator
1180 1253 1267 1298 sui,
1321 1249 1421 1304 quid
1451 1251 1494 1291 in
1524 1251 1593 1292 illa
1623 1265 1764 1299 causa,
1814 1265 1958 1296 cumis

149 1320 293 1356 contra
330 1319 369 1355 te
409 1312 591 1362 diceret,
646 1315 807 1361 attulit,
855 1315 966 1368 quod
1006 1315 1055 1354 de
1086 1313 1175 1354 iure
1207 1311 1317 1353 civili
1348 1314 1639 1366 depromptum
1671 1317 1906 1360 videretur?

149 1391 272 1434 quam
311 1376 446 1430 legem
488 1378 705 1417 recitavit?
755 1377 854 1430 quid
894 1374 1088 1431 patefecit
1126 1374 1325 1424 dicendo,
1373 1378 1484 1430 quod
1523 1375 1668 1419 fuisset
1704 1379 1906 1434 imperitis

149 1442 379 1483 occultius?
417 1442 574 1494 Nempe
607 1439 695 1480 eius
726 1440 860 1480 omnis
892 1440 1024 1479 oratio
1057 1444 1219 1479 versata
1251 1444 1314 1478 est
1343 1438 1385 1477 in
1416 1451 1485 1485 e0,
1518 1443 1562 1479 ut
1593 1441 1787 1495 scriptum
1820 1442 1908 1497 plu-

148 1502 298 1544 rimum
330 1501 466 1543 valere
499 1507 694 1555 oportere
725 1500 981 1542 defenderet.
1044 1503 1095 1541 At
1125 1502 1166 1541 in
1196 1502 1276 1542 hoc
1307 1513 1459 1553 genere
1489 1501 1608 1555 pueri
1641 1504 1749 1557 apud
1781 1503 1910 1557 magi-

148 1572 256 1607 stros
299 1570 546 1606 exercentur
585 1578 756 1612 omnes,
806 1577 900 1604 cum
938 1564 980 1604 in
1018 1562 1222 1604 eiusmodi
1254 1564 1388 1604 causis
1419 1562 1517 1604 alias
1547 1566 1763 1619 scriptum,
1810 1566 1958 1608 alias20

149 1628 398 1682 aequitatem
429 1626 654 1667 defendere
685 1627 900 1667 docentur.
959 1628 1055 1666 245.
1088 1627 1160 1674 Et,
1195 1624 1344 1673 credo,
1376 1627 1418 1666 in
1449 1625 1517 1667 illa
1537 1626 1679 1669 militis
1701 1641 1842 1677 causa,
1874 1630 1910 1671 si

148 1695 193 1730 tu
223 1695 294 1730 aut
323 1690 521 1730 heredem
552 1694 622 1730 aut
653 1688 824 1730 militem
858 1687 1135 1735 defendisses,
1168 1687 1219 1728 ad
1250 1689 1502 1729 Hostilianas
1524 1695 1563 1730 te
1583 1689 1789 1737 actiones,
1824 1705 1908 1732 non

149 1753 200 1793 ad
230 1758 341 1793 tuam
371 1753 455 1791 vim
487 1756 527 1792 et
557 1751 783 1792 oratoriam
815 1750 1049 1792 facultatem
1080 1752 1341 1792 contulisses.
1403 1754 1464 1793 Tu
1486 1766 1611 1800 vero,
1646 1753 1710 1794 vel
1731 1755 1764 1794 si
1787 1759 1909 1795 testa-

147 1820 331 1855 mentum
364 1812 632 1863 defenderes,
667 1813 725 1854 sic
756 1828 926 1869 ageres,
958 1820 1003 1855 ut
1033 1827 1155 1854 omne
1187 1814 1371 1855 omnium
1402 1819 1745 1857 testamentorum
1777 1817 1840 1858 ius
1862 1817 1905 1857 in

149 1890 199 1918 eo
231 1874 385 1917 iudicio
417 1878 599 1931 positum
631 1876 866 1927 videretur3
899 1878 965 1918 vel
996 1878 1028 1918 si
1059 1889 1221 1917 causam
1254 1889 1397 1930 ageres
1420 1876 1584 1926 militis,
1616 1884 1776 1932 patrem
1800 1878 1905 1927 eius,
1921 1889 1957 1916 25

147 1944 195 1980 ut
215 1939 347 1986 soles,
382 1938 560 1979 dicendo
581 1952 605 1979 a
626 1940 800 1980 mortuis
823 1941 1068 1988 excitasses;
1099 1939 1311 1980 statuisses
1342 1944 1434 1980 ante
1467 1940 1632 1990 oculos;
1666 1940 1907 1994 complexus

149 2005 258 2042 esset
285 1998 415 2041 filium
446 2002 631 2054 flensque
662 2016 757 2043 eum
787 2002 1057 2042 centumviris
1088 2003 1443 2052 commendasset;
1480 2002 1639 2055 lapides
1670 2005 1907 2044 mehercule

148 2076 292 2105 omnes
321 2061 421 2104 flere
450 2076 498 2104 ac
526 2063 742 2104 lamentari
774 2064 996 2118 coegisset,
1045 2070 1090 2105 ut
1120 2070 1250 2105 totum
1281 2064 1401 2112 illud,
1448 2077 1524 2106 VTI
1555 2078 1717 2107 LINGVA
1746 2079 1908 2108 vicv-

148 2138 320 2173 PASSIT,
350 2139 436 2167 non
466 2127 507 2167 in
537 2128 631 2167 XII.
663 2126 834 2174 tabulis,
866 2140 966 2183 quas
995 2131 1039 2167 tu
1064 2125 1255 2169 omnibus
1277 2126 1543 2169 bibliothecis
1562 2129 1802 2184 anteponis,
1835 2130 1909 2170 sed

147 2190 190 2230 in
220 2187 405 2241 magistri
436 2190 618 2229 carmine
654 2190 852 2244 scriptum
882 2189 1111 2230 videretur.
1921 2202 1958 2228 ³0

258 2251 402 2292 LVIII.
446 2251 541 2292 226.
593 2253 696 2291 Nam
727 2250 840 2306 quod
869 2251 1062 2293 inertiam
1092 2265 1262 2294 accusas
1292 2252 1638 2302 adolescentium,
1682 2255 1751 2308 qui
1784 2255 1903 2295 istam

148 2318 281 2354 artem
311 2313 490 2368 primum
519 2312 757 2354 facillimam
787 2327 872 2355 non
903 2313 1107 2365 ediscant,
1139 2329 1245 2368 quae
1277 2329 1402 2371 quam
1431 2315 1484 2356 sit
1512 2315 1668 2364 facilis,
1702 2316 1761 2357 illi
1793 2316 1907 2357 vide-

146 2376 254 2422 rint,
295 2374 365 2429 qui
398 2374 486 2416 eius
516 2377 616 2416 artis
647 2376 902 2430 arrogantia,
944 2379 1062 2433 quasi
1091 2376 1333 2419 difficillima
1363 2379 1436 2425 sit,
1478 2379 1533 2419 ita
1564 2378 1731 2420 subnixi
1762 2381 1908 2420 ambu-

147 2438 254 2484 lant,
301 2435 451 2478 deinde
496 2440 617 2479 etiam
658 2444 701 2479 tu
740 2440 828 2494 ipse
858 2439 1038 2489 videris,
1085 2443 1156 2494 qui
1188 2454 1278 2483 eam
1309 2447 1437 2482 artem
1466 2440 1628 2482 facilem
1664 2455 1753 2483 esse
1783 2441 1904 2489 dicis,

148 2512 273 2554 quam
314 2499 510 2541 concedis
551 2499 687 2542 adhuc
724 2507 853 2543 artem
894 2504 1065 2544 omnino
1102 2516 1186 2545 non
1227 2516 1317 2544 esse
1357 2503 1430 2545 sed
1465 2503 1707 2560 aliquando,
1752 2505 1784 2545 si
1815 2504 1956 2558 quisss

147 2562 269 2604 aliam
306 2567 437 2603 artem
477 2562 691 2611 didicerit,
740 2570 786 2606 ut
824 2566 931 2606 hanc
966 2571 1097 2606 artem
1137 2564 1302 2607 efficere
1332 2567 1486 2619 possit,
1534 2572 1620 2607 tum
1663 2579 1752 2607 esse
1792 2565 1904 2606 illam

147 2630 278 2666 artem
308 2623 512 2675 suturam3
545 2624 719 2674 deinde,
754 2626 868 2681 quod
899 2627 950 2669 sit
979 2629 1101 2683 plena
1131 2628 1438 2678 delectationis;
1478 2630 1521 2669 in
1551 2642 1631 2684 qua
1661 2630 1734 2669 tibi
1767 2628 1907 2668 remit-

147 2692 240 2729 tunt
269 2701 414 2729 omnes
443 2687 562 2729 istam
595 2688 850 2742 voluptatem
882 2695 923 2731 et
953 2704 1001 2732 ea
1033 2704 1076 2732 se
1109 2704 1252 2732 carere
1291 2690 1530 2746 patiuntur3
1577 2705 1654 2732 nec
1684 2692 1901 2744 quisquam

150 2754 212 2791 est
241 2762 410 2796 eorum,
454 2751 548 2805 qui,
587 2752 621 2792 si
652 2750 733 2792 iam
765 2753 817 2793 sit
847 2754 1114 2795 ediscendum
1145 2753 1223 2795 sibi
1254 2755 1437 2809 aliquid,
1484 2767 1567 2795 non
1597 2756 1800 2794 Teucrum
1832 2753 1906 2793 Pa-

148 2810 257 2852 cuvii
287 2810 403 2852 malit
431 2825 554 2866 quam
583 2813 825 2855 Manilianas
855 2815 1061 2856 venalium
1091 2812 1405 2858 vendendorum
1435 2815 1548 2870 leges
1570 2814 1777 2863 ediscere3
1810 2816 1956 2857 2424«)

147 2877 236 2914 tum
265 2877 402 2913 autem
433 2877 543 2928 quod
573 2889 716 2918 amore
745 2878 902 2931 patriae
934 2891 1078 2919 censes
1107 2892 1183 2920 nos
1220 2884 1458 2920 nostrorum
1496 2876 1699 2918 maiorum
1740 2878 1906 2918 inventa

240 2988 274 3019 1.
301 2986 438 3027 adcepit
464 2987 540 3029 (sic)
566 2989 606 3021 B.
637 3008 673 3014 —
703 2992 737 3023 2.
765 2991 950 3024 Scaevolae
977 2992 1104 3024 delevit
1128 2992 1328 3029 Manutius:
1368 3000 1428 3024 nos
1455 2990 1674 3022 seclusimus.
1705 3007 1744 3013 —
1789 2990 1821 3021 3.
1849 2991 1904 3023 de-

152 3034 315 3078 fendisti,
355 3043 425 3065 non
449 3035 556 3068 Bakio
581 3041 722 3071 auctore
749 3038 799 3070 T:
841 3039 1036 3079 defendisti.
1064 3039 1186 3071 Nonne
1205 3057 1244 3062 —
1264 3040 1280 3070 ?
1319 3047 1395 3070 cum
1423 3038 1517 3068 libris
1542 3036 1661 3077 (etiam
1688 3035 1730 3076 B)
1757 3037 1832 3068 RE.
1863 3054 1905 3061 —

148 3083 207 3113 11.
234 3086 459 3122 sequerentur
482 3083 525 3114 R.
555 3098 594 3105 —
633 3085 721 3116 nihil
746 3085 772 3116 B
800 3086 929 3126 aliique
947 3110 955 3123 ,
983 3086 1037 3118 R:
1076 3085 1127 3116 nil
1152 3086 1190 3117 E.
1225 3102 1264 3109 -
1305 3085 1361 3117 13.
1389 3088 1568 3115 venustate
1594 3089 1625 3116 et
1648 3085 1836 3126 festivitate
1861 3084 1902 3115 B.

150 3126 231 3169 (Pro
257 3131 312 3164 et,
351 3136 393 3159 ac
417 3126 474 3166 R.)
508 3143 549 3151 -
590 3129 647 3161 18.
681 3133 791 3163 omnis
825 3135 898 3164 eius
923 3133 965 3164 R.
1006 3150 1043 3156 —-
1086 3132 1142 3163 27.
1180 3140 1266 3164 esses
1290 3148 1303 3153 -
1328 3148 1340 3154 -
1366 3131 1637 3162 commendasses
1660 3147 1674 3154 ·
1697 3147 1711 3154 ·
1737 3131 1905 3171 coeqisses

147 3175 256 3207 habet
281 3174 393 3206 Havn.
414 3175 447 3205 2.
465 3198 474 3212 ,
503 3181 542 3206 ut
566 3177 716 3210 malebat
743 3179 947 3216 Ernestius:
974 3188 1012 3212 ex
1039 3179 1164 3220 quibus
1190 3179 1354 3218 coegisses
1380 3177 1493 3217 placet
1517 3177 1640 3210 Baklo.
1662 3192 1704 3199 —
1731 3185 1806 3208 enm
1831 3186 1902 3209 om.

147 3222 188 3253 B.
218 3236 256 3245 -
284 3221 341 3252 28.
370 3222 555 3263 coe‘qissent
579 3222 619 3254 B.
649 3241 691 3247 —
726 3224 825 3264 illud]
854 3226 889 3257 id
914 3226 953 3258 B.
983 3242 1023 3248 —-
1065 3234 1302 3258 zvvtvcvmsstr
1326 3225 1530 3255 Manutius:
1569 3227 1799 3264 nuncupasset
1826 3232 1902 3255 cum

150 3269 274 3301 ceteris
301 3268 396 3300 libris
425 3270 528 3301 etiam
554 3268 606 3308 B,
633 3270 707 3302 RE.
736 3287 781 3292 —
816 3271 874 3304 37.
901 3281 990 3313 quae
1024 3273 1068 3304 sit
1102 3272 1263 3304 Ernestio
1289 3275 1429 3303 auctore
1461 3270 1655 3303 Schutztus.
1683 3287 1726 3292 —
1766 3273 1805 3302 in
1836 3278 1903 3310 quo

149 3323 227 3346 cum
254 3314 321 3347 Gu.
350 3316 382 3346 1.
411 3314 606 3347 Schutzius.
638 3333 680 3339 —
718 3316 775 3349 39.
803 3323 852 3350 est
878 3327 947 3350 om.
975 3320 1014 3352 B.
1045 3336 1083 3342 —
1121 3319 1179 3351 40.
1205 3317 1448 3350 Mamiuianas
1472 3316 1515 3350 R.
1545 3332 1587 3341 —
1623 3317 1680 3350 41.
1708 3318 1760 3350 Tu
1787 3320 1901 3349 autem

148 3361 195 3394 R.
228 3378 265 3385 —
290 3362 434 3403 patriae
459 3371 525 3395 om.
554 3362 595 3395 B.
621 3377 666 3386 —·
690 3367 850 3396 nostrum
874 3365 919 3397 R.
