2117 3762
553 304 623 346 AD
653 303 709 344 M.
744 302 960 346 BRUTL'M
996 305 1039 348 C.
1073 306 1113 348 5.
1147 307 1186 348 6.
1217 306 1256 347 7.
1287 305 1328 348 8.
1740 308 1821 350 ΙιΟῚ

63 409 288 458 excellens,
319 413 534 467 utriusque
565 409 794 464 particeps,
825 410 889 452 vel
920 411 1154 468 utriusque,
1197 413 1231 454 si
1261 425 1407 454 verum
1438 412 1703 467 quaerimus,
1747 426 1822 468 po-

61 473 142 515 tius
172 486 333 529 expers.
393 475 513 527 Isque
543 486 627 513 uno
659 477 825 518 tenore,
855 479 899 513 ut
930 473 1068 523 aiunt,
1107 476 1148 516 in
1179 474 1356 516 dicendo
1386 473 1479 516 ssuit
1509 474 1611 516 nihil
1643 473 1822 516 asserens

60 542 227 590 praeter
269 535 508 576 facilitatem
546 540 585 576 et
621 534 981 589 aequabilitatem,
1029 543 1098 579 aut
1141 536 1257 579 addit
1296 537 1458 592 aliquos
1496 542 1543 578 ut
1578 539 1640 595 5¹¹.
1665 551 1823 579 corona

59 605 176 640 toros
207 610 455 653 omnemque
486 597 716 638 orationem
755 600 1009 639 ornamentis
1041 600 1217 641 modicis
1249 599 1475 642 verborum
1506 599 1825 642 sententiarum-

61 675 142 716 que
174 659 399 713 distinguit.
456 661 522 701 22.
569 659 730 700 Horum
771 660 1028 714 singulorum
1059 676 1257 717 generum
1289 664 1524 718 quicunque
1555 662 1638 704 vim
1669 662 1712 704 in
1742 663 1854 705 sin-s

61 723 165 779 gulis
210 722 420 765 consecuti
465 725 580 769 sunt,
634 734 827 775 magnum
868 724 910 764 in
952 726 1189 766 oratoribus
1234 738 1387 766 nomen
1430 723 1681 767 habuerunt.
1743 726 1826 766 Sed

60 788 341 845 quaerendum
372 789 457 833 est,
490 785 640 825 satisne
673 783 714 825 id
746 784 858 839 quod
889 785 1080 828 volumus
1111 787 1344 829 effecerint.

171 850 261 892 v11.
307 845 505 890 Videmus
538 846 646 888 enim
677 846 805 888 fuisse
838 847 1062 903 quosdam,
1110 851 1179 904 qui
1212 850 1337 891 iidem
1367 855 1509 892 ornate
1540 864 1588 892 ac
1619 851 1825 905 graviter,

59 913 188 956 iidem
217 914 385 954 versute
416 914 458 950 et
486 909 696 950 subtiliter
726 911 926 952 dicerent.
987 913 1121 968 Atque
1165 912 1321 954 utinam
1353 912 1395 954 in
1424 912 1580 954 Latinis
1610 912 1703 954 talis
1735 926 1827 955 ora-

58 978 159 1018 toris
179 973 444 1016 simulacrum
466 971 651 1026 reperire
676 975 914 1027 possemus!
947 974 1067 1015 Esset
1085 974 1300 1029 egregium
1322 988 1406 1016 non
1421 988 1624 1029 quaerere
1641 981 1824 1025 externa,
1834 994 1868 1019 ιο

58 1035 295 1079 domesticis
327 1048 417 1076 esse
450 1040 683 1075 contentos.
746 1037 814 1076 23.
860 1037 941 1077 Sed
973 1049 1052 1091 ego
1082 1036 1216 1086 idem,
1250 1039 1322 1091 qui
1353 1037 1396 1079 in
1426 1037 1498 1079 illo
1527 1051 1722 1080 sermone
1752 1052 1828 1081 no-

56 1106 166 1147 stro,
199 1096 271 1153 qui
301 1103 363 1139 est
394 1096 604 1152 expositus
635 1097 676 1138 in
706 1100 859 1146 Bruto,
891 1098 1066 1140 multum
1097 1099 1320 1142 tribuerim
1350 1099 1529 1149 Latinis,
1561 1100 1626 1142 vel
1655 1106 1700 1142 ut
1728 1102 1827 1142 hor-

58 1169 168 1204 tarer
197 1160 300 1202 alios
329 1160 395 1201 vel
425 1162 537 1215 quod
567 1173 752 1200 amarem
783 1173 921 1209 meos,
954 1161 1158 1204 recordor
1186 1162 1309 1217 longe
1331 1161 1524 1205 omnibus
1554 1177 1682 1205 unum
1711 1169 1828 1205 antc-

55 1225 167 1266 ferre
204 1224 558 1271 Demosthenem,
610 1221 682 1276 qui
721 1223 804 1264 vim
844 1223 1170 1266 accommodarit
1209 1227 1261 1267 ad
1300 1238 1414 1274 eam,
1465 1239 1590 1282 quam
1630 1227 1827 1275 sentiam,

56 1287 359 1342 eloquentiam,
407 1298 490 1327 non
520 1286 571 1325 ad
602 1298 713 1332 eam,
755 1298 877 1340 quam
909 1287 952 1327 in
982 1285 1124 1342 aliquo
1153 1287 1245 1342 ipse
1275 1288 1560 1343 cognoverim.
1625 1290 1716 1330 Hoc
1746 1304 1824 1331 nec
1840 1303 1876 1331 ιε

55 1349 223 1404 gravior
254 1349 411 1391 exstitit
442 1347 662 1402 quisquam
702 1362 779 1388 nec
818 1347 1008 1390 callidior
1051 1363 1130 1391 nec
1170 1352 1457 1406 temperatior.
1517 1352 1662 1405 Itaque
1701 1352 1824 1393 nobis

54 1410 251 1453 monendi
291 1416 387 1452 sunt
425 1411 478 1458 ii,
531 1424 709 1465 quorum
750 1423 888 1452 sermo
925 1412 1140 1468 imperitus
1178 1413 1411 1462 increbuit,
1464 1414 1535 1468 qui
1570 1419 1640 1455 aut
1670 1413 1753 1456 dici
1782 1428 1827 1456 se

55 1474 290 1516 desiderant
319 1475 476 1514 Atticos
506 1479 576 1513 aut
605 1475 683 1528 ipsi
713 1474 849 1515 Attice
888 1476 1036 1516 volunt
1075 1475 1237 1524 dicere,
1288 1481 1333 1517 ut
1363 1477 1569 1518 mirentur
1598 1476 1708 1518 hunc
1738 1491 1826 1518 ma-

54 1539 191 1586 xime,
237 1549 320 1592 quo
356 1549 409 1576 ne
450 1537 633 1577 Athenas
673 1535 842 1590 quidem
872 1538 982 1592 ipsas
1013 1540 1144 1592 magis
1177 1537 1302 1580 credo
1334 1537 1463 1580 fuisse
1492 1539 1674 1589 Atticas3
1724 1538 1824 1594 quid

55 1599 163 1641 enim
193 1600 246 1641 sit
274 1600 480 1647 Atticum,
521 1596 682 1639 discant
711 1598 1077 1656 eloquentiamque
1108 1599 1237 1656 ipsius
1268 1599 1450 1649 viribus,
1492 1614 1578 1642 non
1607 1601 1824 1643 imbecilli-
1839 1618 1876 1644 πο

54 1667 135 1703 tate
166 1676 242 1703 sua
271 1660 509 1703 metiantur.
570 1662 639 1702 24.
673 1663 791 1702 Nunc
822 1663 932 1703 enim
962 1668 1124 1704 tantum
1155 1663 1332 1719 quisque
1363 1662 1528 1712 laudat,
1562 1669 1760 1718 quantum
1780 1678 1825 1706 se

54 1737 177 1779 posse
207 1729 347 1777 sperat
377 1722 544 1764 imitari.
603 1722 686 1765 Sed
716 1729 853 1766 tamen
885 1738 957 1767 eos
987 1725 1123 1767 studio
1149 1725 1332 1780 optimo,
1365 1724 1521 1767 iudicio
1543 1727 1681 1768 minus
1702 1725 1823 1768 firmo

53 1786 263 1843 praeditos
293 1787 464 1833 docere,
497 1799 603 1840 quae
634 1786 687 1826 sit
714 1788 886 1842 propria
915 1788 1006 1829 laus
1035 1790 1294 1837 Atticorum,
1329 1801 1414 1830 non
1445 1789 1626 1830 alienum
1657 1795 1775 1843 puto.

166 1850 273 1892 VIII.
316 1850 488 1903 Semper
519 1853 732 1890 oratorum
765 1850 1030 1903 eloquentiae
1061 1850 1321 1892 moderatrix
1349 1849 1428 1892 fuit
1457 1849 1695 1893 auditorum
1718 1865 1823 1907 pru-

54 1910 204 1953 dentia.
264 1911 417 1952 Omnes
448 1909 584 1959 enim,
619 1912 690 1964 qui
716 1911 887 1964 probari
907 1912 1077 1963 volunt,
1111 1912 1366 1955 voluntatem
1390 1926 1537 1954 eorum
1558 1914 1630 1969 qui
1650 1915 1874 1957 audiunt25

52 1974 266 2016 intuentur
300 1972 352 2015 ad
391 1986 566 2027 eamque
607 1980 647 2014 et
688 1976 738 2014 ad
771 1986 917 2015 eorum
947 1974 1166 2016 arbitrium
1198 1980 1239 2017 et
1267 1980 1415 2016 nutum
1445 1981 1557 2018 totos
1587 1991 1631 2018 se
1661 1975 1823 2031 fingunt

53 2044 94 2080 et
123 2037 454 2078 accommodant.
513 2037 582 2076 25.
628 2037 773 2090 Itaque
806 2037 925 2078 Caria
957 2043 998 2078 et
1026 2037 1204 2092 Phrygia
1235 2042 1275 2078 et
1302 2036 1458 2094 Mysia,
1511 2042 1623 2093 quod
1653 2040 1824 2082 minime

51 2100 204 2156 politae
235 2098 490 2152 minimeque
522 2099 734 2152 elegantes
765 2105 887 2147 sunt,
919 2100 1154 2142 asciverunt
1174 2106 1315 2154 aptum
1337 2102 1421 2142 suis
1442 2102 1612 2142 auribus
1634 2101 1824 2155 opimum

53 2164 264 2218 quoddam
294 2166 334 2202 et
364 2166 574 2214 tamquam
605 2158 798 2213 adipatae
830 2159 1025 2204 dictionis
1056 2176 1208 2217 genuS,
1259 2164 1372 2217 quod
1409 2176 1555 2205 eorum
1584 2164 1708 2205 vicini
1737 2178 1823 2207 non

52 2224 107 2266 ita
143 2225 227 2265 lato
265 2221 484 2264 interiecto
520 2223 624 2262 mari
662 2221 815 2264 Rhodii
855 2238 1068 2279 nunquam
1110 2224 1412 2281 probaverunt,
1464 2227 1639 2269 Graecia
1683 2233 1819 2269 autem
1837 2243 1872 2268 ³0

53 2285 182 2327 multo
213 2284 373 2332 minus,
403 2286 676 2326 Athenienses
707 2299 809 2326 vero
840 2285 1024 2328 funditus
1053 2287 1402 2343 repudiaverunt;
1449 2303 1628 2344 quorum
1659 2303 1823 2345 semper

53 2348 133 2390 fuit
169 2348 352 2403 prudens
393 2346 684 2401 sincerumque
723 2348 947 2398 iudicium,
994 2348 1099 2391 nihil
1137 2356 1182 2392 ut
1219 2356 1392 2406 possent
1420 2351 1502 2394 nisi
1530 2353 1820 2408 incorruptum

53 2409 197 2452 audire
218 2415 259 2451 et
281 2409 462 2464 elegans.
520 2411 681 2450 Eorum
710 2409 906 2463 religioni
935 2424 1029 2453 cum
1059 2413 1240 2456 serviret
1266 2420 1435 2464 orator,
1468 2414 1626 2456 nullum
1647 2417 1821 2456 verbum

53 2473 256 2522 insolens,
289 2473 447 2515 nullum
479 2474 670 2514 odiosum
701 2486 860 2526 ponere
891 2473 1086 2517 audebat.
1147 2479 1216 2518 26.
1250 2478 1395 2533 Itaque
1424 2478 1517 2527 hic,
1552 2492 1675 2532 quem
1702 2490 1821 2533 prae-

53 2536 206 2579 stitisse
244 2537 425 2578 diximus
465 2537 636 2584 ceteris,
684 2535 727 2577 in
767 2536 836 2578 illa
873 2550 952 2590 pro
986 2538 1255 2594 Ctesiphonte
1287 2541 1476 2582 oratione
1507 2541 1631 2595 longe
1663 2541 1817 2594 optima
1832 2553 1868 2580 35

53 2597 311 2641 summissius
341 2613 363 2640 a
393 2598 555 2652 primo,
603 2597 775 2647 deinde,
822 2601 922 2641 dum
953 2602 1004 2642 de
1035 2600 1199 2655 legibus
1230 2603 1431 2658 disputat,
1477 2605 1681 2658 pressius,
1725 2607 1819 2658 post

53 2663 206 2703 sensim
236 2663 463 2704 incendens
492 2662 677 2711 iudices,
710 2668 757 2704 ut
785 2664 890 2704 vidit
918 2665 1134 2713 ardentes,
1168 2664 1210 2706 in
1239 2665 1412 2722 reliquis
1444 2665 1664 2708 exsultavit
1693 2667 1819 2707 auda-

145 2782 180 2815 2.
206 2782 284 2825 fluit
309 2783 347 2814 in
371 2783 516 2815 dicendo
544 2783 640 2814 Eins.
670 2800 708 2806 —
754 2781 788 2814 3.
816 2782 1018 2823 facultatem
1044 2792 1122 2817 cum
1149 2784 1253 2817 libris·
1272 2785 1302 2817 R
1321 2809 1330 2821 .
1358 2785 1481 2818 Lamb.
1510 2786 1667 2818 Correxit
1690 2785 1817 2817 Manu·

56 2829 136 2860 tius.
168 2846 206 2853 —
236 2829 485 2870 aequalitatem
503 2830 546 2861 R.
567 2845 611 2851 —-
636 2829 670 2860 5.
697 2830 766 2861 vim
789 2831 827 2862 in
851 2831 1002 2871 sinqulis
1027 2831 1119 2869 Vit.,
1147 2831 1198 2863 R:
1225 2833 1296 2864 vim
1315 2831 1488 2874 [singulis]
1512 2833 1537 2864 E
1555 2855 1564 2869 ,
1591 2833 1658 2863 vim
1685 2832 1817 2873 sinyuli

57 2883 134 2907 cum
165 2874 251 2907 Cod.
282 2876 438 2909 Borrom.
466 2877 663 2909 Manutius.
690 2892 733 2898 -
759 2876 793 2907 8.
822 2881 852 2908 et
880 2879 1036 2916 graviter
1062 2878 1141 2910 Vet.
1164 2878 1251 2910 Cod-
1281 2879 1402 2911 Lamb.
1430 2878 1487 2920 (Ut
1506 2888 1588 2916 nOS,
1616 2879 1726 2915 Eius..
1755 2876 1814 2916 R.)

56 2923 114 2953 10.
142 2922 294 2962 experiri
320 2922 363 2954 R.
403 2939 443 2946 —
489 2923 545 2955 14.
573 2922 847 2959 Demosthenem,
886 2924 948 2964 qui
970 2925 1042 2955 vim.
1065 2924 1352 2966 accommodarit]
1387 2926 1431 2958 D.
1457 2927 1527 2956 vim
1552 2925 1817 2958 accommodare

55 2969 152 3001 Eins.
169 2991 178 3006 ,
217 2968 263 3000 D.
299 2977 398 3010 quem
429 2971 500 3001 vim
525 2969 789 3002 accommodare
816 2970 876 3001 Dr.
905 2969 973 3001 Gu.
1001 2972 1033 3002 1.
1060 2971 1093 3003 2.
1113 2994 1122 3009 ,
1159 2972 1203 3004 D.
1231 2980 1404 3012 unumque
1428 2971 1693 3004 accommodare
1726 2972 1812 3006 vit..

55 3015 181 3052 Peter,
208 3017 283 3048 sine
311 3024 442 3053 sensu;
477 3017 523 3048 D.
552 3023 728 3056 unumque
761 3015 1043 3055 accommodare,
1069 3019 1130 3058 qui
1154 3020 1223 3049 vim
1248 3018 1524 3051 accommodaret
1551 3018 1628 3059 (sic)
1654 3018 1703 3055 R.
1747 3027 1816 3060 qun

56 3071 95 3095 ex
122 3061 200 3094 lect.
221 3066 336 3095 nostra
356 3063 494 3095 videtur
512 3072 586 3095 esse
613 3066 781 3096 correcta.
800 3079 846 3086 —-
873 3062 929 3094 16.
958 3066 1210 3103 temperantior
1228 3065 1325 3098 Eins.
1339 3088 1347 3101 ,
1375 3064 1471 3097 Mon.
1499 3065 1557 3104 (Ut
1574 3073 1637 3097 nos
1653 3089 1663 3102 ,
1690 3065 1752 3101 R.)
1770 3081 1816 3087 —-

56 3117 125 3141 om.
152 3108 251 3140 nobis
276 3108 318 3140 R.
346 3125 387 3131 —
414 3109 472 3141 17.
498 3110 689 3142 increbruit
715 3110 758 3140 R.
800 3125 845 3131 —-
886 3109 942 3141 19.
969 3119 1010 3141 ne
1035 3118 1104 3143 om.
1130 3111 1226 3143 Eins.
1253 3111 1315 3142 Dr.
1345 3110 1412 3142 Gu.
1441 3112 1473 3143 1.
1502 3112 1535 3143 2.
1562 3111 1641 3153 (quo
1665 3111 1817 3144 Athenas

55 3155 194 3196 quidem
217 3157 313 3194 ipsas
337 3163 409 3187 non
434 3157 536 3188 credo
561 3157 652 3190 Vit..
681 3154 744 3195 R.)
773 3172 813 3179 —
846 3156 905 3188 20.
932 3154 1027 3187 illius
1055 3157 1150 3189 Eins.
1179 3172 1221 3178 —
1255 3157 1313 3188 29.
1343 3157 1483 3197 adipale
1508 3158 1585 3191 libri
1612 3159 1686 3190 noti
1713 3164 1748 3191 et
1771 3159 1815 3191 R.

54 3202 226 3234 Mutatum
245 3206 296 3233 est.
313 3210 352 3234 ex
371 3201 484 3235 Nonio
503 3205 537 3234 in
556 3212 587 3234 v.
609 3204 808 3243 adipatum.
828 3217 870 3225 —
888 3200 945 3233 30.
968 3202 1116 3235 Graecia
1129 3203 1240 3240 Eins.,
1261 3204 1323 3236 Dr.
1340 3203 1407 3236 Gu.
1422 3205 1454 3236 1.
1471 3204 1505 3236 2.
1526 3207 1629 3243 (teste
1647 3205 1811 3242 Peter0):

57 3247 183 3280 Graeci
216 3248 310 3285 Vit..
349 3248 421 3280 RE.
458 3264 498 3272 —
536 3252 652 3280 autem
687 3252 792 3281 tacite
821 3250 935 3281 omisit
961 3248 1154 3287 Gruterus,
1193 3258 1298 3290 quem
1332 3254 1474 3283 secutus
1501 3256 1552 3284 est
1580 3252 1622 3284 Ε.
1674 3252 1815 3284 Habent

57 3295 134 3327 libri
161 3297 233 3326 noti
261 3300 296 3328 et
321 3295 362 3326 R.
404 3312 441 3319 —
482 3293 540 3326 33.
568 3300 597 3326 et
624 3295 760 3336 eleyans
786 3297 908 3327 audire
936 3295 1033 3327 Eius.
1073 3313 1114 3319 -
1151 3294 1207 3327 36.
1235 3298 1453 3329 summissius
1479 3298 1555 3331 libri
1582 3302 1617 3331 et
1641 3299 1690 3332 R:
1725 3307 1814 3330 sum-

55 3343 179 3374 missus
204 3341 365 3374 Lambini
393 3349 539 3381 operae,
566 3341 649 3373 Ern.
677 3344 769 3374 coni.
799 3358 835 3365 -
860 3343 1014 3380 pressius
1040 3342 1118 3373 libri
1145 3345 1180 3374 et
1205 3342 1259 3374 R:
1292 3352 1429 3384 pressus
1454 3345 1539 3379 Ern.
1567 3347 1657 3379 conl.
1684 3361 1729 3368 —
1753 3344 1811 3378 37.

56 3388 238 3422 incendens
264 3388 332 3423 Gu.
359 3388 392 3421 1.
419 3388 518 3422 Mon.
534 3410 544 3428 ,
569 3387 623 3421 R:
651 3388 832 3422 intendens
856 3389 954 3422 Eins.
973 3411 982 3429 ,
1008 3388 1166 3422 incedens
1193 3397 1273 3423 cum
1299 3393 1422 3425 ceteris
1448 3391 1491 3425 Ε.
