2117 3762
741 248 840 288 LIB.
874 247 924 288 Il.
983 246 1024 288 C.
1055 247 1123 287 46.
1156 243 1224 284 127.
1259 242 1326 285 48.
1813 246 1892 287 259

149 357 384 398 Democrito
415 360 455 396 et
485 355 654 396 Platone
685 354 726 393 in
757 353 919 406 scriptis
950 352 1137 394 relictum
1168 364 1258 391 esse
1287 345 1442 401 dicunt)
1464 346 1552 387 sinc
1571 344 1893 391 inflammatione

148 421 381 460 animorum
414 418 613 458 exsistere
644 427 764 470 posse
796 420 837 454 et
867 415 953 455 sine
985 416 1165 470 quodam
1196 410 1337 453 afflatu
1362 410 1478 465 quasi
1499 407 1666 450 furoris.
1727 411 1890 452 XLVII.

146 482 286 530 Quare
309 479 434 520 nolite
457 479 694 520 existimare
726 489 789 516 me
821 477 976 530 ipsum,
1008 478 1075 533 qui
1107 490 1190 518 non
1220 473 1395 516 heroum
1426 477 1588 514 veteres
1620 485 1738 513 casus
1758 470 1896 514 fictos-

146 557 226 597 que
278 544 413 583 luctus
463 540 584 582 veliin
629 539 779 579 imitari
820 545 943 593 atque
984 538 1232 581 adumbrare
1273 534 1446 579 dicendo
1489 548 1624 591 neque
1663 539 1779 575 actor
1819 535 1894 575 sim

145 605 303 646 alienae
348 616 549 658 personae
595 601 667 642 sed
706 607 852 642 auctor
892 616 1033 651 meae,
1086 616 1177 642 eum
1219 602 1318 641 milii
1347 601 1413 641 Μ’.
1441 598 1629 655 Aquilius
1658 598 1701 638 in
1731 598 1926 640 civitates

146 666 387 709 retinendus
419 671 551 713 esset,
585 676 690 718 quae
722 665 762 705 in
793 664 859 705 illa
891 679 1012 706 causa
1042 662 1277 720 peroranda
1306 661 1498 710 fecerim,
1530 662 1617 702 sine
1645 673 1794 714 magno
1824 658 1898 701 do-

146 732 233 772 lore
263 730 425 770 fecisse.
491 729 582 768 195.
617 727 750 776 Quem
782 728 889 768 enim
921 741 997 781 ego
1030 725 1242 768 consulem
1272 723 1420 771 fuisse,
1451 725 1748 779 imperatorem
1778 734 1900 764 orna-

147 799 233 834 tum
263 806 287 833 a
318 796 485 837 senatu,
517 794 710 831 ovantem
742 792 782 830 in
814 790 1060 845 Capitolium
1081 787 1314 830 ascendisse
1336 787 1638 835 meminissem,
1670 785 1782 826 hunc
1803 796 1899 824 cum

145 853 362 902 afflictum,
409 850 685 900 debilitatum,
739 859 1017 901 maerentem,
1068 853 1109 894 in
1156 863 1362 892 summum
1412 850 1634 890 discrimen
1677 847 1898 888 adductum

144 918 351 963 viderem,
397 928 480 955 non
510 915 626 970 prius
656 930 745 955 sum
778 921 946 957 conatus
976 913 1306 957 misericordiam
1336 911 1425 953 aliis
1456 923 1743 958 commovere,
1774 922 1898 964 quam
1912 923 1949 949 10

145 976 429 1021 misericordia
459 991 548 1019 sum
580 978 668 1032 ipse
700 984 857 1033 captus.
921 980 1039 1019 Sensi
1070 975 1264 1032 equidem
1294 980 1382 1017 tum
1412 988 1560 1029 magno
1592 987 1719 1028 opere
1740 972 1901 1016 moveri

145 1042 326 1089 iudices,
374 1052 467 1080 cum
509 1041 682 1081 excitavi
722 1048 922 1083 maestum
954 1055 1000 1082 ac
1031 1038 1288 1082 sordidatum
1319 1050 1463 1079 senem
1493 1042 1533 1078 et
1563 1050 1656 1078 cum
1686 1037 1764 1077 ista
1791 1034 1898 1084 feci,

144 1117 249 1158 quae
280 1108 344 1150 tu,
399 1102 569 1152 Crasse,
622 1102 785 1152 laudas,
837 1118 920 1145 non
956 1109 1065 1150 arte,
1116 1105 1167 1144 de
1198 1114 1278 1156 qua
1307 1101 1406 1155 quid
1436 1099 1583 1154 loquar
1611 1098 1778 1148 neseio,
1829 1098 1901 1140 sed

141 1171 258 1208 motu
299 1177 448 1219 magno
491 1167 615 1207 animi
656 1180 702 1207 ac
744 1165 908 1214 dolore,
956 1171 1003 1208 ut
1041 1166 1318 1207 discinderem
1353 1164 1558 1212 tunicam,
1610 1167 1655 1203 ut
1683 1161 1899 1203 cicatrices

143 1229 420 1271 ostenderem.
486 1230 578 1269 196.
614 1231 715 1271 Cum
747 1230 791 1270 C.
816 1230 968 1271 Marius
1000 1241 1235 1270 maerorem
1268 1227 1469 1268 orationis
1498 1238 1614 1266 meae
1635 1238 1833 1279 praesens
1855 1235 1951 1265 ac15

143 1290 289 1333 sedens
319 1290 492 1332 multum
525 1293 705 1333 lacrimis
736 1294 819 1333 suis
850 1294 1091 1342 adiuvaret,
1124 1303 1301 1345 cumque
1333 1302 1411 1343 ego
1441 1287 1558 1330 illum
1589 1290 1736 1329 crebro
1766 1286 1904 1343 appel-

141 1353 228 1396 lans
259 1354 459 1408 collegam
492 1353 530 1395 ei
561 1370 679 1395 suum
711 1355 1046 1397 commendarem
1079 1358 1200 1409 atque
1224 1354 1360 1407 ipsum
1381 1353 1626 1394 advocatum
1647 1349 1699 1392 ad
1719 1364 1904 1391 commu-

142 1431 237 1459 nem
267 1419 567 1473 imperatorum
599 1416 808 1458 fortunam
840 1416 1143 1459 defendendam
1173 1416 1440 1464 invocarem,
1473 1428 1558 1455 non
1578 1412 1656 1455 fuit
1682 1414 1785 1455 haec
1814 1414 1902 1455 sine

142 1481 245 1521 meis
275 1479 474 1528 lacrimis,
521 1493 602 1521 non
633 1480 721 1521 sine
753 1482 901 1522 dolore
932 1494 1081 1536 magno
1113 1477 1326 1521 miseratio
1358 1477 1628 1531 omniumque
1659 1477 1831 1518 deorum
1863 1479 1904 1517 et

140 1543 356 1584 hominum
399 1549 438 1584 et
478 1543 629 1584 civium
668 1548 709 1584 et
747 1545 957 1586 sociorum
999 1543 1252 1598 imploratio.
1315 1541 1476 1591 Quibus
1515 1540 1710 1581 omnibus
1739 1539 1951 1590 verbis,20

142 1619 248 1659 quae
279 1620 302 1646 a
332 1620 399 1647 me
429 1612 514 1647 tum
545 1611 638 1646 sunt
669 1606 830 1655 habita,
883 1606 917 1648 si
956 1605 1077 1648 dolor
1117 1606 1319 1648 abfuisset
1353 1616 1495 1652 meuS,
1545 1615 1630 1643 non
1660 1600 1786 1644 modo
1817 1614 1903 1644 non

142 1665 391 1709 miserabilis
421 1667 493 1709 sed
525 1667 646 1709 etiam
677 1668 892 1711 irridenda
920 1668 1068 1711 fuisset
1097 1668 1230 1712 oratio
1263 1680 1370 1708 mea.
1421 1666 1705 1715 Quamobrem
1725 1666 1807 1708 hoc
1826 1679 1901 1707 vos

142 1732 298 1780 doceo,
343 1730 515 1786 Sulpici,
558 1733 691 1773 honus
723 1745 800 1787 ego
831 1732 1024 1774 videlicet
1054 1738 1177 1787 atque
1209 1731 1394 1773 eruditus
1425 1728 1648 1783 magister,
1691 1733 1736 1770 ut
1763 1729 1808 1768 in
1839 1727 1901 1769 di-

142 1795 274 1834 cendo
314 1794 454 1842 irasci,
499 1799 545 1835 ut
575 1793 739 1842 dolere,
784 1800 830 1835 ut
858 1794 958 1837 flere
989 1797 1171 1851 possitis.
1237 1795 1329 1835 197.
1372 1792 1632 1846 Quamquam
1662 1796 1702 1833 te
1732 1792 1900 1847 quidem

141 1854 240 1911 quid
269 1857 349 1896 hoc
380 1855 578 1905 doceam,
630 1858 699 1912 qui
730 1857 772 1898 in
802 1859 1036 1899 accusando
1067 1856 1199 1899 sodali
1229 1870 1324 1897 meo
1355 1859 1516 1896 tantum
1545 1853 1787 1895 incendium
1816 1862 1950 1895 non2⁵

141 1917 330 1959 oratione
360 1920 494 1960 solum
526 1921 600 1960 sed
633 1917 756 1960 etiam
788 1920 917 1961 multo
947 1922 1077 1974 magis
1107 1919 1150 1962 vi
1180 1924 1220 1961 et
1250 1918 1396 1960 dolore
1426 1922 1467 1958 et
1487 1918 1635 1957 ardore
1656 1917 1783 1957 animi
1804 1929 1903 1958 con-

141 1980 310 2029 citaras,
355 1986 402 2022 ut
441 1994 519 2036 ego
559 1983 609 2022 ad
649 1980 692 2022 id
721 1984 1063 2037 restinguendum
1094 1982 1167 2024 vix
1198 1995 1373 2023 conarer
1402 1981 1633 2021 accedere?
1682 1980 1899 2020 Habueras

142 2043 252 2084 enim
282 2048 327 2085 tu
357 2045 496 2085 omnia
526 2045 569 2085 in
601 2057 722 2086 causa
752 2045 993 2100 superiora:
1032 2046 1141 2095 vim,
1174 2043 1338 2098 fugam,
1367 2041 1690 2098 lapidationem,
1723 2041 1902 2082 crudeli-

139 2110 266 2147 tatem
297 2106 561 2148 tribuniciam
592 2106 636 2148 in
660 2108 877 2161 Caepionis
908 2109 1025 2163 gravi
1055 2107 1370 2161 miserabilique
1400 2118 1497 2147 casu
1525 2105 1569 2145 in
1598 2102 1798 2146 iudicium
1827 2116 1902 2145 vo-

141 2170 286 2219 cabas;
338 2167 488 2210 deinde
525 2171 757 2225 principem
797 2176 839 2211 et
876 2176 1041 2213 senatus
1079 2175 1121 2212 et
1149 2171 1348 2218 civitatis,
1394 2169 1450 2212 M.
1476 2165 1719 2216 Aemilium,
1762 2164 1948 2220 lapideso

139 2244 382 2287 percussum
414 2245 505 2273 esse
536 2231 770 2283 constabat;
803 2232 845 2275 vi
864 2233 1028 2288 pulsum
1049 2234 1280 2286 extemplo
1310 2233 1358 2272 L.
1383 2230 1544 2272 Cottam
1574 2234 1615 2270 et
1644 2231 1691 2270 T.
1713 2229 1897 2278 Didium,

141 2307 234 2335 cum
263 2293 523 2336 intercedere
553 2294 706 2337 vellent
733 2297 966 2349 rogationi,
1007 2310 1131 2338 nemo
1172 2299 1335 2351 poterat
1363 2306 1530 2348 negare.
1586 2293 1772 2334 XLVIII.
1808 2292 1899 2336 198.

139 2358 396 2406 Accedebat,
438 2362 485 2399 ut
522 2358 626 2399 haec
667 2363 712 2399 tu
754 2357 997 2401 adolescens
1038 2373 1117 2414 pro
1159 2372 1206 2399 re
1245 2358 1411 2413 publica
1451 2353 1571 2411 queri
1608 2367 1767 2395 summa
1805 2366 1898 2395 cum

141 2419 338 2474 dignitate
369 2420 677 2472 existimarere3
721 2434 825 2474 ege,
866 2419 994 2463 homo
1025 2422 1265 2470 censorius,
1298 2421 1370 2463 vix
1399 2420 1496 2461 satis
1526 2419 1700 2459 honeste
1731 2415 1899 2458 viderer

141 2481 384 2524 seditiosum
415 2482 548 2526 civem
580 2488 621 2524 et
650 2484 694 2524 in
721 2484 902 2525 hominis
934 2483 1163 2526 consularis
1193 2482 1423 2524 calamitate
1454 2479 1665 2523 crudelem
1682 2492 1805 2535 posse
1827 2479 1897 2519 de-
1910 2488 1945 2515 ³⁵

138 2544 327 2588 fendere.
388 2548 516 2588 Erant
545 2544 691 2602 optimi
722 2547 834 2587 cives
863 2544 1045 2595 iudices,
1089 2544 1297 2587 bonorum
1327 2546 1513 2587 virorum
1543 2544 1711 2598 plenum
1739 2540 1893 2589 forum,

139 2609 210 2650 vix
237 2613 283 2650 ut
310 2607 414 2650 mihi
442 2608 578 2650 tenuis
609 2610 812 2663 quaedam
841 2611 962 2651 venia
988 2609 1156 2650 daretur
1177 2606 1478 2655 excusationis,
1509 2607 1621 2662 quod
1642 2610 1777 2646 tamen
1798 2616 1894 2644 eum

141 2669 429 2720 defenderem,
474 2672 545 2726 qui
584 2671 683 2712 mihi
715 2675 911 2725 quaestor
939 2669 1098 2713 fuisset.
1158 2672 1237 2712 Hic
1268 2684 1345 2725 ego
1378 2670 1477 2726 quid
1507 2668 1640 2710 dicam
1668 2681 1734 2708 me
1764 2670 1895 2707 artem

140 2732 322 2789 aliquam
352 2732 620 2775 adhibuisse?
672 2733 783 2783 Quid
813 2732 1010 2784 fecerim,
1057 2735 1252 2776 narrabo.
1314 2733 1357 2774 Si
1386 2731 1607 2787 placuerit,
1652 2743 1726 2771 vos
1757 2741 1892 2768 meam

143 2794 428 2838 defensionem
457 2797 500 2838 in
541 2796 679 2853 aliquo
720 2797 821 2837 artis
860 2796 953 2838 loco
993 2797 1217 2852 reponetis.
1258 2796 1373 2837 199.
1416 2792 1611 2835 Omnium
1640 2789 1942 2832 seditionumtm

141 2870 314 2913 genera,
359 2859 476 2907 vitia,
517 2858 702 2915 pericula
740 2857 887 2913 collegi
921 2873 1095 2914 eamque
1125 2857 1355 2900 orationem
1386 2870 1439 2898 ex
1470 2855 1580 2897 omni
1610 2855 1671 2894 rei
1701 2850 1893 2908 publicae

141 2925 306 2962 nostrae
335 2925 572 2976 temporum
601 2921 801 2965 varietate
836 2921 1014 2975 repetivi
1054 2920 1320 2976 conclusique
1358 2920 1434 2968 ita,
1479 2922 1524 2958 ut
1563 2916 1770 2964 dicerem,
1817 2914 1894 2956 etsi

231 3058 267 3091 4.
290 3059 392 3090 velim
416 3057 475 3090 ΑΒ
500 3059 653 3100 altique,
679 3060 735 3092 R:
773 3059 891 3092 vellem
916 3060 956 3092 E.
991 3075 1028 3081 —
1071 3056 1188 3100 atque]
1226 3065 1334 3100 neque
1358 3057 1399 3089 B.
1428 3071 1468 3078 —
1509 3054 1575 3086 sim
1599 3052 1709 3086 Codd.
1736 3051 1780 3085 al.
1797 3075 1807 3091 ‚
1832 3052 1889 3084 R=

142 3113 218 3138 sum
243 3106 273 3137 Α
289 3130 297 3145 ,
324 3114 428 3138 essem
454 3106 493 3137 E.
524 3123 560 3130 —
590 3107 647 3139 14.
672 3110 765 3140 metu
790 3107 833 3138 R.
862 3123 903 3130 —-
930 3107 987 3139 15.
1012 3114 1169 3137 maerore
1192 3104 1264 3137 AB.
1292 3121 1336 3126 —-
1362 3103 1419 3135 19.
1446 3109 1574 3142 magno
1598 3101 1673 3131 sine
1696 3099 1893 3132 miseratio-

140 3162 183 3186 ne
208 3154 363 3185 omnium
387 3153 531 3183 deorum
555 3152 595 3184 B.
634 3170 677 3177 —
714 3154 771 3186 25.
798 3154 912 3186 sodali
937 3161 1009 3184 meo
1033 3152 1151 3184 ABR:
1187 3151 1304 3183 sodali
1329 3155 1359 3183 et
1385 3153 1569 3189 quaestore
1591 3155 1666 3179 meo
1691 3146 1743 3186 E,
1777 3145 1894 3178 sodali

143 3197 188 3240 [et
214 3198 408 3240 quaestore]
435 3207 507 3230 meo
533 3198 575 3230 Τ.
605 3217 643 3224 -
685 3199 744 3231 26.
773 3201 878 3232 etiam
900 3200 1010 3232 multo
1035 3199 1093 3230 AB
1120 3199 1270 3239 aliique:
1313 3197 1422 3229 multo
1449 3195 1556 3227 etiam
1580 3192 1651 3226 RE.
1684 3209 1728 3214 —
1769 3193 1826 3225 28.
1854 3197 1892 3224 tu

143 3245 253 3279 Codd.
282 3247 351 3285 aL,
380 3246 436 3277 R:
465 3249 537 3276 tum
563 3242 636 3285 (AB
650 3243 682 3286 ‘2)
709 3246 750 3278 E.
780 3264 818 3270 —
847 3247 902 3279 30.
931 3246 1088 3286 lapidum
1111 3246 1154 3277 Α.
1174 3261 1216 3267 ——
1244 3244 1301 3276 31.
1330 3251 1346 3274 e
1381 3251 1398 3274 e
1425 3241 1535 3275 Codd.
1556 3240 1637 3281 aliq.
1665 3239 1706 3272 T.
1732 3236 1789 3280 (Ut
1812 3247 1889 3277 nos,

141 3290 262 3333 ABR.)
281 3310 325 3315 ——
350 3293 406 3325 33.
435 3291 621 3324 Accidebat
637 3292 679 3323 Α.
708 3309 748 3315 —
775 3292 832 3324 36.
859 3294 1014 3325 virorum
1041 3292 1210 3326 bonorum
1232 3291 1275 3324 R.
1306 3305 1343 3313 --
1371 3288 1429 3324 38.
1456 3284 1634 3330 quaestor]
1661 3286 1793 3331 legatus
1815 3285 1889 3319 AB.

145 3356 184 3364 —
210 3340 269 3374 40.
295 3340 414 3382 aliquo
440 3347 508 3373 om.
535 3338 579 3373 R.
611 3355 649 3364 -
675 3338 883 3374 seditionum
907 3349 976 3374 om.
1003 3338 1076 3374 AB.
