2117 3762
690 814 784 864 M.
822 813 1135 865 TULLII
1181 814 1652 867 CICERONIS

1126 958 1195 998 DE

345 1091 902 1166 CLARIS
981 1091 1976 1167 ORATGRIBIJS

1027 1266 1295 1307 LIBER

904 1398 1039 1452 QUI
1078 1397 1416 1442 mcirUR

823 1525 1495 1588 BRUTIJS.

280 1893 313 1933 I.
350 1894 386 1932 1.
420 1876 544 1935 Cum
570 1903 593 1932 e
616 1889 755 1932 Cilicia
785 1888 990 1931 decedens
1021 1892 1212 1932 Rhodum
1243 1892 1449 1932 venissem
1480 1895 1521 1932 et
1552 1903 1602 1931 eo
1634 1889 1735 1931 mihi
1765 1890 1816 1930 de
1848 1889 1899 1939 Q.
1934 1890 2043 1931 Hor-

280 1954 401 1995 tensii
432 1959 564 1995 morte
596 1958 703 1994 esset
733 1952 918 2001 allatum,
958 1953 1155 2006 opinione
1187 1953 1371 1994 omnium
1401 1955 1601 1994 maiorem
1633 1954 1770 1994 animo
1804 1951 1895 2007 cepi
1926 1952 2043 1994 dolo-

280 2031 384 2058 rem.
448 2019 550 2057 Nam
582 2021 623 2057 et
652 2018 783 2056 amico
816 2017 967 2057 amisso
1009 2014 1102 2057 cum
1143 2016 1441 2057 consuetudine
1481 2015 1661 2056 iucunda
1699 2022 1783 2056 tum
1815 2017 2042 2056 multorum

282 2077 513 2120 officiorum
545 2078 836 2120 coniunctione
877 2091 942 2119 me
982 2079 1189 2133 privatum
1233 2077 1424 2120 videbam
1465 2084 1506 2119 et
1544 2078 1714 2120 interitu
1754 2077 1843 2119 talis
1874 2077 2042 2132 auguris

252 2140 526 2195 5dignitatem
571 2143 702 2183 nostri
748 2141 910 2196 collegii
955 2140 1208 2181 deminutam
1253 2139 1464 2191 dolebam3
1512 2155 1591 2195 qua
1630 2142 1672 2181 in
1712 2139 1962 2193 cogitatione
2003 2145 2044 2181 et

282 2209 519 2258 cooptatum
549 2218 615 2244 me
646 2205 698 2244 ab
730 2217 780 2244 eo
811 2204 852 2244 in
883 2202 1101 2257 collegium
1132 2202 1405 2251 recordabar,
1458 2203 1501 2244 in
1541 2217 1624 2257 quo
1654 2202 1811 2244 iuratus
1841 2202 2043 2245 iudicium

283 2265 489 2320 dignitatis
525 2279 642 2307 meae
679 2266 855 2314 fecerat,
904 2271 943 2306 et
980 2267 1268 2319 inauguratum
1307 2265 1357 2307 ab
1399 2268 1568 2316 eodem3
1619 2280 1670 2307 ex
1709 2279 1792 2322 quo
1837 2280 2043 2320 augurum

282 2327 477 2368 institutis
517 2329 559 2368 in
598 2328 782 2381 parentis
814 2341 908 2369 eum
938 2327 1029 2369 loco
1063 2328 1199 2369 colere
1231 2327 1446 2370 debebam.
1506 2331 1546 2370 2.
1580 2330 1770 2382 Augebat
1799 2328 1922 2370 etiam
1953 2342 2042 2370 mo-

282 2389 469 2438 lestiam,
518 2392 628 2444 quod
670 2395 817 2444 magna
846 2390 1094 2444 sapientium
1126 2391 1277 2433 civium
1308 2394 1597 2447 bonorumque
1626 2392 1800 2446 penuria
1828 2393 1892 2433 vir
1922 2404 2042 2445 egre-

231 2469 268 2494 10
285 2453 374 2507 gius
395 2451 838 2507 coniunctissimusque
861 2467 1020 2494 mecum
1046 2456 1315 2496 consiliorum
1347 2454 1532 2496 omnium
1564 2453 1759 2496 societate
1791 2453 2042 2496 alienissimo

283 2516 345 2556 rei
384 2514 572 2570 publicae
609 2520 797 2570 tempore
837 2515 1061 2558 exstinctus
1101 2523 1142 2558 et
1171 2516 1422 2558 auctoritatis
1454 2522 1494 2558 et
1522 2516 1766 2572 prudentiae
1796 2530 1894 2558 suae
1924 2517 2042 2559 triste

283 2579 404 2619 nobis
436 2577 687 2618 desiderium
718 2577 965 2634 reliquerat:
1020 2578 1317 2634 dolebamque,
1350 2581 1462 2633 quod
1491 2592 1601 2628 non,
1634 2584 1679 2620 ut
1707 2579 1893 2634 plerique
1924 2584 2043 2633 puta-

283 2639 402 2689 bant,
436 2641 717 2682 adversarium
748 2648 816 2682 aut
846 2643 1168 2683 obtrectatorem
1198 2643 1367 2684 laudum
1389 2656 1596 2691 mearum,
1631 2643 1703 2682 sed
1725 2643 1883 2683 socium
1904 2642 2042 2697 potius

285 2709 326 2744 et
346 2709 584 2744 consortem
607 2703 776 2757 gloriosi
797 2703 952 2745 laboris
973 2706 1206 2746 amiseram.
1265 2708 1304 2745 3.
1332 2705 1490 2746 Etenim
1504 2736 1515 2753 ‚
1550 2704 1584 2745 si
1604 2703 1645 2745 in
1665 2704 1871 2746 leviorum
1891 2706 2043 2746 artium

234 2782 269 2807 1⁵
286 2766 423 2806 studio
455 2766 678 2807 memoriae
708 2768 918 2821 proditum
951 2772 1009 2807 est
1038 2772 1182 2822 poetas
1212 2768 1374 2808 nobiles
1403 2772 1618 2822 poetarum
1651 2767 1885 2823 aequalium
1907 2772 2041 2809 morte

285 2829 490 2877 doluisse,
541 2843 623 2884 quo
654 2830 819 2869 tandem
851 2830 989 2870 animo
1020 2830 1106 2871 eius
1136 2829 1350 2871 interitum
1379 2829 1488 2871 ferre
1519 2829 1669 2879 debui,
1716 2844 1810 2872 cum
1841 2844 1924 2885 quo
1954 2844 2042 2871 cer-

285 2897 372 2932 tare
403 2897 493 2932 erat
523 2890 744 2945 gloriosius
775 2905 897 2945 quam
928 2892 1097 2934 omnino
1129 2892 1414 2934 adversarium
1444 2905 1530 2933 non
1558 2891 1743 2933 habere?
1796 2906 1888 2933 cum
1918 2906 2041 2946 prae-

284 2953 427 2994 sertim
467 2968 551 2995 non
588 2955 714 2995 modo
752 2968 961 3009 nunquam
993 2956 1044 2996 sit
1073 2960 1144 2996 aut
1172 2954 1282 2996 illius
1313 2969 1337 2996 a
1366 2968 1432 2996 me
1461 2968 1605 2996 cursus
1636 2954 1857 3011 impeditus
1887 2960 1958 2996 aut
1986 2953 2038 2996 ab

284 3014 356 3056 illo
386 3029 526 3065 meus,
574 3015 645 3057 sed
683 3021 828 3057 contra
858 3030 1022 3072 semper
1052 3017 1156 3059 alter
1185 3015 1236 3058 ab
1267 3017 1397 3058 altero
1429 3018 1592 3060 adiutus
1624 3023 1664 3059 et
1694 3015 2036 3059 communicando

377 3162 410 3194 5.
439 3163 649 3196 deminutam
674 3165 734 3205 Lg.
754 3164 786 3196 8.
807 3165 864 3196 51.
884 3164 941 3197 53.
961 3166 1017 3198 58.
1045 3165 1102 3197 68.
1128 3165 1215 3198 Ven.
1236 3166 1268 3197 1.
1296 3165 1440 3198 Lamb.:
1468 3167 1678 3199 diminutam
1695 3175 1772 3200 cum
1792 3167 1914 3199 ceteris
1934 3166 1973 3199 Ε.
1997 3183 2035 3190 -

286 3207 319 3238 8.
347 3210 515 3248 augebam
542 3211 618 3243 iibri
645 3215 716 3243 noti
745 3217 778 3245 et
803 3212 857 3249 Τ;
899 3218 1017 3244 natum
1045 3216 1096 3245 est
1121 3221 1160 3244 ex
1187 3213 1349 3252 praeced.
1375 3222 1408 3246 v.
1436 3213 1617 3248 debebam,
1658 3219 1692 3247 et
1717 3215 1882 3246 molestus
1908 3217 1959 3246 est
1983 3213 2038 3246 vel

286 3256 358 3293 ipse
387 3256 621 3295 quadruplicis
660 3259 733 3299 syll.
771 3267 828 3290 am
863 3267 980 3291 sonus.
1034 3260 1214 3291 Cori-ectus
1249 3263 1302 3293 est
1339 3268 1433 3292 error
1468 3261 1502 3291 in
1530 3260 1686 3294 Romana
1714 3263 1870 3300 principe
1898 3264 1933 3292 et
1960 3264 2036 3299 post

285 3302 365 3332 Asc.
397 3305 580 3342 utramque
606 3306 697 3343 apud
726 3306 766 3336 E.
797 3320 835 3326 —
879 3306 934 3338 15.
961 3311 1105 3339 mortem
1129 3306 1249 3339 Lamb.
1271 3306 1377 3339 solus.
1399 3306 1469 3339 Csr.
1499 3306 1662 3341 Garaton.
1690 3308 1732 3339 ad
1757 3307 1908 3349 Philipp.
1938 3306 1972 3346 9,
1998 3307 2033 3340 5.

284 3347 373 3379 Phil.
401 3349 469 3387 12,
498 3351 552 3380 10.
581 3359 641 3389 pro
668 3352 781 3385 Sestio
808 3351 864 3384 17.
