2117 3762
236 198 316 240 &9AE
767 191 1068 234 ORATORIAE
1099 190 1449 232 PARTITIONES

236 302 348 358 quod
376 316 459 344 non
489 302 541 343 sit
570 299 611 342 in
641 312 708 346 re,
740 297 852 352 quod
872 297 924 337 ab
946 293 1183 337 adversario
1211 302 1389 350 ponatur
1407 295 1451 337 in
1471 291 1624 344 verb03
1656 293 1831 344 tertius,
1865 296 1978 350 quod

236 364 279 406 id
321 370 433 407 recte
476 363 626 405 sactum
671 373 760 401 esse
803 357 1018 406 defendat,
1070 355 1181 411 quod
1218 359 1306 400 sine
1344 358 1427 400 ulla
1470 356 1650 399 nominis
1691 359 1976 399 controversia

233 426 383 469 sactum
414 428 577 468 fatetur.
640 424 732 463 103.
792 421 952 461 Deinde
994 420 1066 461 uni
1103 420 1253 474 cuique
1292 419 1442 462 rationi
1485 417 1780 474 opponendum
1819 424 1881 461 est
1927 421 1978 461 ab

236 496 472 532 accusatore
502 486 564 534 id,
595 482 707 541 quod
736 481 770 524 si
799 496 883 523 non
914 478 1031 523 esset'
1052 482 1095 523 in
1124 483 1407 530 accusatione,
1439 496 1563 523 causa
1593 483 1762 523 omnino
1785 494 1875 522 esse
1895 495 1980 522 non

207 557 391 606 sposset.
451 551 592 602 Itaque
624 560 693 593 ea,
727 558 832 600 quae
863 543 921 585 sic
950 543 1212 592 referuntur,
1243 545 1494 586 continentia
1516 558 1732 586 causarum
1752 549 1978 595 vocentur3

235 628 478 670 quamquam
508 625 592 652 non
623 622 670 651 ea
700 609 855 661 magis,
897 619 1004 661 quae
1036 610 1182 646 contra
1212 605 1414 648 rationem
1445 606 1697 649 defensionis
1729 609 1976 655 afferuntur,

233 691 355 733 quam
398 674 508 730 ipsae
553 671 808 715 defensionis
853 670 1033 712 rationes
1084 669 1298 710 continent
1339 682 1498 710 causas.
1577 671 1657 711 Sed
1702 667 1982 723 distinguendi

234 740 360 795 gratia
402 737 604 779 rationem
634 734 885 790 appellamus
927 746 1039 780 eam,
1085 745 1191 787 quae
1232 730 1404 772 affertur
1439 734 1491 772 ab
1521 746 1593 774 reo
1624 731 1675 774 ad
1704 733 1981 773 recusandum

234 799 466 856 depellendi
487 799 668 841 criminis
689 810 810 839 causa
829 826 840 846 ,
874 808 978 850 quae
1003 795 1083 835 nisi
1105 798 1231 842 esset,
1265 792 1363 849 quid
1384 791 1646 844 defenderet,
1677 808 1762 836 non
1782 792 1983 846 haberet;

186 864 531 906 iolirmamentum
561 866 722 908 autem,
768 861 878 914 quod
920 862 1063 899 contra
1101 855 1153 898 ad
1182 854 1513 897 labefactandam
1542 857 1750 899 rationem
1782 855 1980 905 refertur,

233 926 320 968 sine
351 939 432 979 quo
464 923 671 966 accusatio
703 926 811 962 stare
841 934 925 961 non
955 924 1104 975 potest.
1165 920 1301 960 XXX.
1338 919 1432 960 104.
1478 921 1543 961 Ex
1571 919 1742 962 rationis
1773 925 1910 962 autem
1943 923 1985 960 et

232 1003 283 1031 ex
311 986 558 1030 firmamenti
588 983 850 1027 conflictione
882 989 922 1024 et
952 981 1069 1037 quasi
1101 995 1305 1024 concursu
1336 981 1526 1037 quaestio
1548 983 1739 1024 exoritur
1759 983 1980 1038 quaedam,

232 1068 352 1110 quam
383 1052 721 1106 disceptationem
752 1059 883 1097 voco;
930 1047 972 1086 in
1003 1059 1109 1099 qua,
1143 1044 1241 1100 quid
1271 1045 1410 1085 veniat
1440 1043 1483 1085 in
1514 1044 1713 1086 iudicium
1746 1051 1785 1086 et
1815 1047 1866 1087 de
1898 1057 1983 1100 quo

232 1118 505 1171 disceptetur,
539 1112 682 1167 quaeri
712 1110 831 1151 solet.
892 1110 994 1148 Nam
1025 1108 1158 1163 prima
1188 1105 1523 1149 adversariorum
1553 1108 1764 1150 contentio
1795 1107 1984 1150 diffusam

182 1177 357 1221 15habet
387 1176 691 1233 quaestionem,
740 1177 784 1213 ut
827 1169 872 1211 in
902 1171 1167 1212 coniectura:
1215 1169 1440 1223 Ceperitne
1485 1171 1681 1225 pecunias
1722 1173 1897 1222 Decius;
1942 1171 1986 1212 in

232 1240 496 1283 definitione:
528 1236 775 1278 Minueritne
806 1231 1060 1274 maiestatem
1090 1230 1331 1281 Norbanus3
1381 1231 1425 1272 in
1455 1232 1691 1288 aequitate:
1735 1233 1885 1274 Iurene
1915 1245 1987 1274 oc-

232 1302 376 1345 ciderit
406 1300 593 1356 Opimius
627 1297 872 1339 Gracchum.
945 1296 1082 1345 Haec,
1129 1308 1235 1350 quae
1274 1295 1452 1348 primam
1492 1295 1802 1336 contentionem
1833 1292 1987 1336 habent

232 1380 285 1408 ex
313 1365 523 1420 arguendo
554 1367 595 1403 et
623 1357 875 1408 resistendo,
923 1359 1030 1407 lata,
1078 1362 1124 1398 ut
1161 1357 1268 1405 dixi,
1314 1363 1356 1398 et
1392 1355 1483 1398 fusa
1514 1362 1623 1399 sunt.
1688 1358 1914 1399 Rationum
1946 1361 1988 1398 et

231 1428 584 1470 firmamentorum
624 1423 831 1465 contentio
873 1419 1041 1462 adducit
1077 1419 1120 1461 in
1160 1423 1380 1474 angustum
1421 1407 1780 1476 disceptationem'.
1854 1422 1912 1462 Ea
1941 1419 1985 1461 in

182 1506 218 1532 20
233 1492 468 1532 coniectura
497 1487 609 1530 nulla
641 1491 717 1527 est.
777 1487 909 1526 Nemo
952 1485 1062 1525 enim
1103 1482 1217 1533 eius,
1261 1484 1374 1537 quod
1403 1488 1527 1537 negat
1555 1483 1735 1533 factum,
1782 1482 1987 1525 rationem

232 1559 301 1596 aut
328 1557 464 1607 potest
493 1556 563 1592 aut
593 1550 718 1591 debet
747 1552 819 1589 aut
848 1546 952 1588 solet
989 1544 1185 1587 reddere.
1247 1546 1391 1600 Itaque
1428 1545 1471 1587 in
1508 1547 1573 1587 his
1605 1548 1739 1588 causis
1770 1545 1917 1588 eadem
1947 1549 1988 1587 et

231 1615 364 1671 prima
393 1614 581 1670 quaestio
612 1616 653 1653 et
683 1609 930 1665 disceptatio
962 1614 1023 1650 est
1053 1615 1255 1650 extrema.
1321 1610 1413 1649 105.
1447 1609 1494 1649 In
1523 1608 1605 1650 illis
1636 1614 1798 1662 autem,
1828 1610 1901 1650 ubi
1930 1608 1988 1650 ita

233 1678 404 1720 dicitur:
448 1679 540 1718 Non
579 1674 726 1715 minuit
768 1672 1051 1722 maiestatem,
1100 1670 1212 1727 quod
1251 1671 1335 1726 egit
1364 1670 1415 1712 de
1447 1672 1656 1727 Caepione
1686 1670 1986 1722 turbulentius;

230 1740 372 1797 populi
394 1742 501 1781 enim
522 1737 696 1779 Romani
726 1734 847 1776 dolor
876 1734 1008 1776 iustus
1038 1735 1121 1776 vim
1154 1735 1268 1775 illam
1300 1734 1520 1783 excitavit,
1551 1748 1635 1776 non
1665 1733 1824 1776 tribuni
1853 1734 1984 1775 actio:

183 1805 422 1845 esmaiestas
467 1806 628 1849 autem,
678 1797 876 1853 quoniam
918 1802 980 1837 est
1020 1796 1260 1851 magnitudo
1307 1798 1512 1852 quaedam
1549 1796 1694 1852 populi
1734 1796 1908 1839 Romani
1946 1796 1988 1837 in

233 1868 321 1907 eius
350 1869 552 1920 potestate
583 1877 629 1904 ac
658 1863 749 1903 iure
788 1861 1034 1908 retinendo,
1082 1865 1201 1900 aucta
1239 1864 1301 1900 est
1330 1861 1469 1915 potius
1506 1873 1627 1914 quam
1660 1860 1901 1909 deminuta;
1949 1862 1989 1899 et

232 1927 303 1970 ubi
332 1929 387 1970 ita
416 1926 618 1969 refertur:
649 1924 841 1966 Maiestas
872 1928 934 1964 est
962 1923 1004 1964 in
1033 1923 1200 1978 imperii
1230 1928 1352 1977 atque
1382 1921 1424 1963 in
1445 1921 1626 1964 nominis
1647 1922 1790 1977 populi
1811 1921 1986 1963 Romani

234 1991 449 2046 dignitate,
480 2004 602 2046 quam
633 1989 780 2029 minuit
809 1988 869 2036 is,
915 1987 986 2041 qui
1016 1999 1091 2041 per
1119 1986 1204 2026 vim
1233 1983 1505 2026 multitudinis
1534 1997 1625 2025 rem
1656 1986 1707 2025 ad
1739 1983 1985 2026 seditionem

232 2057 416 2107 vocavit3
458 2054 617 2096 exsistit
654 2053 723 2094 illa
753 2050 1023 2105 disceptatio:
1067 2046 1317 2088 Minueritne
1356 2048 1633 2098 maiestatem,
1675 2048 1745 2100 qui
1776 2045 1988 2088 voluntate

184 2119 378 2175 ³0p0puli
414 2118 588 2159 Romani
629 2130 719 2158 rem
758 2118 916 2169 gratam
957 2116 998 2153 et
1034 2124 1210 2165 aequam
1247 2123 1324 2165 per
1361 2109 1445 2151 vim
1486 2111 1631 2163 egerit.
1702 2110 1795 2149 106.
1836 2109 1884 2149 In
1922 2107 1987 2148 his

234 2189 371 2224 autem
400 2180 552 2229 causis,
597 2179 671 2222 ubi
708 2175 861 2233 aliquid
899 2179 1011 2216 recte
1050 2172 1203 2214 factum
1233 2177 1303 2213 aut
1333 2171 1645 2213 concedendum
1677 2184 1768 2212 esse
1803 2167 1984 2224 [factum]

234 2244 491 2294 defenditur,
538 2256 630 2285 cum
671 2245 732 2283 est
771 2239 868 2281 facti
909 2235 1093 2278 subiecta
1132 2236 1265 2284 ratio,
1314 2235 1422 2277 sicut
1451 2237 1502 2276 ab
1535 2233 1731 2289 Opimio:
1781 2235 1876 2275 Iure
1906 2231 1985 2273 feci

234 2307 375 2349 salutis
406 2308 589 2348 omnium
631 2309 673 2347 et
702 2302 1010 2345 conservandae
1050 2297 1114 2340 rei
1143 2296 1332 2353 publicae
1363 2311 1511 2347 causa;
1553 2299 1813 2350 relatumque
1843 2299 1905 2337 est
1934 2296 1986 2335 ab

232 2371 384 2412 Decio:
428 2372 488 2411 Ne
529 2366 890 2410 sceleratissimum
928 2362 1098 2419 quidem
1130 2361 1263 2403 civem
1296 2361 1384 2402 sine
1415 2361 1569 2402 iudicio
1600 2359 1691 2402 iure
1720 2359 1805 2400 ullo
1836 2370 1988 2399 necare

185 2442 220 2469 ³⁵
234 2432 422 2489 potuisti;
469 2433 603 2474 oritur
642 2430 712 2472 illa
755 2425 1021 2482 disceptatio:
1074 2425 1316 2466 Potueritne
1360 2428 1474 2465 recte
1513 2422 1654 2464 salutis
1692 2421 1756 2464 rei
1796 2419 1987 2475 publicae

235 2509 358 2538 causa
386 2496 516 2537 civem
548 2507 789 2537 eversorem
820 2488 995 2532 civitatis
1025 2486 1306 2529 indemnatum
1335 2489 1518 2528 necare?
1566 2487 1628 2527 Ita
1669 2484 1987 2540 disceptationes

235 2572 328 2607 eae,
373 2571 476 2613 quae
515 2559 559 2598 in
593 2556 659 2598 his
697 2551 992 2597 controversiis
1032 2551 1249 2599 oriuntur,
1298 2562 1402 2605 quae
1441 2553 1537 2590 sunt
1566 2547 1690 2590 certis
1719 2546 1911 2603 personis
1944 2549 1986 2586 et

235 2619 489 2676 temporibus
516 2624 705 2667 notatae,
737 2616 840 2659 fiunt
868 2627 1010 2657 rursus
1038 2611 1222 2654 infinitae
1249 2611 1530 2667 detractisque
1552 2609 1807 2666 temporibus
1830 2613 1870 2650 et
1889 2621 1988 2664 per-

238 2685 347 2726 sonis
377 2696 538 2725 rursum
568 2683 619 2723 ad
650 2678 960 2722 consultationis
990 2677 1170 2718 formam
1199 2677 1487 2730 rationemque
1517 2678 1775 2715 revocantur.
1826 2672 1983 2713 XXXI.

189 2752 224 2779 ¹00
242 2747 333 2787 107.
367 2744 448 2788 Sed
475 2746 518 2786 in
548 2742 797 2799 gravissimis
826 2738 1096 2783 firmamentis
1127 2737 1252 2780 etiam
1281 2737 1352 2779 illa
1381 2738 1578 2791 ponenda
1607 2740 1727 2786 sunt,
1759 2736 1795 2778 si
1824 2748 1904 2792 qua
1934 2748 1988 2777 ex

332 2917 364 2949 1.
388 2919 543 2956 ponatur
567 2914 632 2947 Gu.
659 2912 720 2946 RV
738 2937 747 2953 ,
774 2912 922 2945 Lamb.:
946 2912 1093 2953 ponitur
1111 2909 1151 2942 Ε.
1182 2925 1220 2932 -
1261 2909 1321 2950 qui
1345 2909 1381 2940 id
1406 2907 1472 2941 Gu.
1493 2906 1535 2941 V.
1565 2923 1603 2931 -·
1641 2905 1676 2938 3.
1703 2906 1856 2947 Denique
1880 2904 1921 2938 V.
1943 2921 1981 2929 —

241 2960 274 2993 6.
304 2962 506 3002 defensionis
531 2970 701 3001 super-scr.
730 2961 800 2991 oris
824 2960 867 2991 R.
897 2977 934 2983 —
961 2959 995 2990 8.
1023 2968 1045 2990 α
1062 2957 1135 2990 RV.
1164 2974 1204 2980 -
1232 2956 1268 2988 9.
1294 2956 1387 2998 quod
1404 2956 1446 2987 R.
1476 2971 1514 2978 —
1542 2954 1599 2986 10.
1627 2957 1744 2986 autem
1769 2951 1985 2992 appellamus

241 3008 313 3041 RV.
344 3027 380 3032 -
408 3010 463 3041 12.
493 3010 745 3052 conflictatione
770 3007 812 3037 Y.
841 3022 880 3030 -
922 3005 1092 3047 quaedam
1116 3004 1273 3036 exoritur
1300 3003 1366 3035 Gu.
1395 3002 1437 3034 V.
1467 3018 1504 3024 -
1549 3001 1605 3033 13.
1632 3001 1788 3032 deveniat
1813 2999 1886 3031 RV.
1928 2998 1986 3036 (Ut

242 3063 323 3091 nos,
351 3053 407 3096 Y.)
434 3073 470 3079 —
510 3057 566 3088 18.
593 3057 673 3096 fusa
696 3055 899 3087 Manutius:
928 3054 1071 3093 confusa
1098 3050 1190 3082 RVE
1208 3073 1216 3088 ,
1243 3048 1372 3091 diffusa
1395 3048 1517 3080 Lamb.
1547 3047 1744 3079 Schtitzius.
1771 3062 1813 3069 —
1851 3045 1907 3078 24.
1933 3046 1987 3077 iu-

241 3103 383 3134 stissimi
408 3111 458 3141 pr.
485 3103 535 3141 V,
560 3102 767 3134 iustissimus
793 3108 882 3132 corr.
909 3099 950 3131 V.
978 3114 1020 3121 —
1045 3099 1116 3130 vim
1143 3101 1214 3128 tum
1237 3096 1336 3129 illam
1360 3096 1409 3134 V,
1436 3094 1555 3127 Lamb.
1586 3112 1624 3118 —
1651 3093 1709 3126 26.
1735 3093 1851 3134 potius
1875 3095 1925 3125 est
1940 3091 1981 3124 V.

242 3166 286 3173 —
309 3149 366 3180 27.
396 3151 443 3178 est
467 3149 504 3180 in
527 3150 663 3188 imperii
689 3152 790 3189 atque
814 3149 852 3179 in
878 3146 970 3178 omni
993 3145 1113 3186 populi
1138 3147 1276 3183 praeter
1300 3143 1508 3176 Lambinum
1534 3141 1685 3173 edebant
1710 3140 1791 3173 inde
1826 3139 1869 3171 ab
1893 3138 1983 3171 Aldo

242 3204 355 3236 usque
380 3195 422 3226 ad
449 3194 546 3227 Grut.
573 3194 634 3235 (Ut
658 3203 741 3232 nos,
769 3193 901 3225 YBRV.
952 3193 1039 3225 Nota
1065 3190 1211 3231 Quintil.
1237 3190 1258 3222 7
1275 3214 1283 3229 ‚
1311 3189 1353 3228 3,
1380 3189 1449 3221 35:
1477 3192 1514 3220 ut
1538 3188 1653 3220 Cicero
1680 3187 1790 3218 dicit:
1815 3185 1983 3220 Maiestas

243 3245 292 3273 est
308 3243 346 3274 in
360 3242 504 3282 imperio
530 3244 630 3282 acque
652 3242 688 3272 in
707 3241 799 3271 omni
812 3240 934 3280 populi
953 3241 992 3271 R.
1019 3234 1215 3279 diym'tate.)
1240 3253 1284 3259 —
1308 3236 1366 3269 31.
1392 3237 1523 3279 factum
1541 3244 1609 3269 om.
1629 3234 1695 3268 Ed.
1715 3234 1826 3272 Ven.;
1855 3232 1984 3265 habent

241 3288 327 3329 Rv3
354 3297 414 3322 nos
440 3287 653 3321 seclusimus.
684 3304 720 3311 -.
749 3287 805 3320 37.
833 3285 877 3327 et]
906 3295 948 3319 ac
971 3285 1042 3320 RV.
