2117 3762
554 311 623 352 AD
653 311 708 352 M.
741 310 952 351 BRUTUM
987 310 1030 352 C.
1064 312 1104 352 9.
1142 314 1206 353 10.
1244 313 1308 353 11.
1723 319 1802 358 409

51 417 195 460 suisset
224 417 449 460 honoratus
479 420 520 458 et
548 414 714 457 nobilis.
777 416 907 459 liuius
938 424 1072 459 tamen
1104 432 1227 459 nemo
1260 431 1393 473 neque
1424 419 1649 461 verborum
1671 434 1804 477 nequo

52 482 350 523 sententiarum
380 478 621 533 gravitatem
652 478 858 528 imitatum
905 482 1003 528 sed,
1049 494 1140 522 cum
1179 480 1320 522 mutila
1349 480 1550 537 quaedam
1583 489 1623 524 et
1652 484 1807 526 hiantia

52 543 179 585 locuti
210 550 328 589 sunt,
369 556 474 596 quae
505 540 572 583 vel
600 541 687 582 sine
720 542 916 594 magistro
947 542 1081 583 sacerc
1113 549 1360 596 potuerunt,
1406 558 1626 597 germanos
1657 558 1700 586 se
1733 559 1807 600 pu-

52 613 138 648 tant
168 620 258 647 esse
288 604 560 660 Thucydidas,
619 605 768 645 Nactus
799 619 888 646 snm
919 607 1065 653 etiam,
1100 608 1168 659 qni
1193 606 1478 660 Xenophontis
1509 607 1686 650 similem
1718 624 1807 650 esse

53 683 96 710 se
139 674 328 722 cuperct;
380 666 494 708 cuins
533 679 672 707 sermo
712 673 772 708 est
808 667 875 709 ille
917 667 1083 724 quidem
1114 668 1235 711 melle
1265 671 1448 719 dulcior,
1493 670 1568 713 sed
1599 686 1622 713 a
1651 671 1839 714 sorensi⁵

52 732 226 787 strepitu
255 729 572 772 remotissimus.

167 796 236 836 33.
270 791 508 834 Reseramus
540 790 665 844 igitur
695 806 770 834 nos
801 795 852 836 ad
883 807 1003 842 eum,
1045 807 1168 850 quem
1199 794 1412 843 volumus,
1457 797 1737 839 inchoandum
1768 802 1810 839 et

55 858 201 898 eadem
241 852 477 909 eloquentia
527 853 858 905 informandum,
913 871 1036 912 quain
1083 858 1124 898 in
1179 856 1291 898 nullo
1338 859 1535 913 cognovit
1581 862 1797 902 Antonius.

52 920 105 961 X.
134 920 327 973 Magnum
357 929 461 970 opus
493 919 662 958 omnino
692 924 733 959 et
762 921 962 967 arduum,
1003 921 1149 967 Brute,
1191 933 1419 970 conamnr3
1464 924 1536 963 sed
1568 923 1668 965 niliil
1699 922 1805 965 disfi-

52 983 130 1023 cile
154 978 306 1022 amanti
325 985 438 1034 puto.
496 981 600 1021 Amo
623 987 759 1021 autem
791 986 833 1022 et
862 995 1027 1036 semper
1057 983 1193 1023 amavi
1218 984 1452 1035 ingenium,
1484 984 1638 1034 studia,
1670 999 1808 1027 mores
1823 995 1858 1022 1⁰

53 1049 160 1085 tuos.
221 1043 428 1083 Incendor
458 1054 584 1096 porro
617 1043 802 1097 quotidie
832 1046 960 1097 magis
991 1058 1073 1085 non
1106 1044 1312 1086 desiderio
1338 1046 1493 1093 solum,
1533 1061 1616 1103 quo
1638 1049 1807 1103 quidem

51 1104 276 1153 conficior,
318 1117 565 1158 congressus
605 1112 795 1155 nostros,
840 1106 1182 1148 consuetudinem
1225 1107 1382 1157 victus,
1432 1110 1691 1151 doctissimos
1721 1124 1810 1151 ser-

52 1182 197 1210 mones
218 1167 438 1222 requirens
460 1174 575 1215 tuos,
607 1170 679 1209 sed
713 1170 835 1210 etiam
866 1168 1100 1210 incredibili
1130 1168 1237 1211 sama
1259 1172 1455 1212 virtutum
1478 1171 1800 1221 admirabilium,

51 1244 157 1286 quae
187 1231 326 1284 specie
347 1229 533 1284 dispares
555 1231 774 1285 prudentia
796 1233 1119 1285 coniunguntur.
1181 1235 1249 1274 34.
1285 1233 1395 1284 Quid
1417 1233 1524 1275 enim
1548 1240 1627 1275 tam
1650 1234 1806 1277 distans

51 1307 175 1348 quam
206 1307 230 1335 a
260 1294 480 1334 severitate
514 1295 724 1335 comitas?
784 1295 885 1344 Quis
931 1301 1068 1336 tamen
1110 1309 1293 1351 unquam
1334 1303 1372 1338 te
1414 1302 1485 1337 aut
1523 1298 1704 1338 sanctior
1748 1301 1856 1338 estas

50 1355 214 1399 habitus
258 1363 329 1397 aut
359 1357 552 1397 dulcior?
605 1358 713 1406 Quid
755 1362 836 1397 tam
879 1356 1046 1398 difficile
1086 1372 1209 1411 quam
1250 1360 1292 1400 in
1336 1358 1612 1412 plurimorum
1643 1364 1809 1400 contro-

50 1421 197 1461 versiis
219 1418 493 1460 diiudicandis
524 1416 574 1459 ab
606 1419 798 1460 omnibus
830 1418 973 1473 diligi?
1014 1420 1291 1475 Consequeris
1321 1427 1479 1473 tamen,
1510 1429 1553 1463 ut
1575 1435 1646 1463 eos
1677 1423 1805 1476 ipsos,

51 1496 156 1539 quos
197 1488 344 1522 contra
382 1487 566 1529 statuas,
614 1494 769 1536 aequos
807 1481 1072 1538 placatosque
1111 1482 1305 1525 dimittas.
1363 1486 1507 1540 Itaque
1544 1484 1697 1532 efficis,
1745 1489 1805 1533 ut,

52 1559 145 1587 cum
189 1545 345 1598 gratiae
383 1556 504 1585 causa
543 1543 645 1584 nihil
680 1543 831 1593 facias,
878 1546 1017 1586 omnia
1056 1551 1193 1587 tamen
1233 1548 1314 1588 sint
1351 1553 1493 1601 grata,
1541 1560 1648 1601 quae
1688 1545 1804 1588 sacis.

50 1611 161 1662 Ergo
201 1605 394 1648 omnibus
432 1604 554 1647 terris
592 1619 675 1647 una
707 1606 836 1648 Gallia
877 1609 1086 1649 communi
1116 1622 1199 1649 non
1229 1610 1346 1652 ardet
1376 1609 1599 1660 incendi03
1653 1610 1695 1650 in
1727 1622 1806 1665 qua
1821 1624 1858 1650 20

50 1669 200 1712 frueris
231 1671 320 1723 ipse
352 1675 411 1717 te,
460 1683 554 1710 cum
593 1667 636 1709 in
667 1668 808 1710 Italiae
838 1669 930 1711 luce
961 1672 1223 1725 cognosceris
1254 1671 1515 1727 versarisque
1557 1673 1598 1714 in
1630 1673 1807 1726 optimo-

50 1746 143 1775 rum
188 1731 340 1773 civium
379 1730 446 1773 vel
491 1733 594 1772 flore
636 1733 705 1773 vel
745 1730 914 1774 robore.
973 1735 1058 1774 Iam
1101 1739 1298 1789 quantum
1343 1734 1442 1776 illud
1484 1740 1569 1783 est,
1621 1732 1733 1789 quod
1765 1733 1807 1775 in

50 1795 243 1837 maximis
283 1795 626 1847 occupationibus
665 1808 875 1849 nunquam
918 1796 1156 1838 intermittis
1187 1798 1323 1838 studia
1353 1798 1589 1845 doctrinae,
1640 1809 1807 1849 semper

51 1865 122 1900 aut
149 1859 238 1911 ipse
276 1858 421 1899 scribis
461 1858 616 1911 aliquid
655 1863 727 1897 aut
758 1872 823 1899 me
855 1871 977 1899 vocas
1008 1861 1059 1900 ad
1097 1859 1390 1901 scribenduml
1442 1862 1510 1902 35.
1555 1862 1698 1915 ltaque
1729 1858 1808 1900 hoc

51 1935 140 1963 sum
171 1934 389 1975 aggressus
417 1921 554 1961 statim
587 1920 741 1961 Catone
773 1921 987 1969 absoluto;
1019 1934 1141 1975 quem
1172 1922 1308 1974 ipsum
1338 1936 1549 1976 nunquam
1580 1923 1806 1976 attigissem
1820 1943 1856 1968 25

51 1990 240 2038 tempora
283 1982 431 2024 timens
476 1981 643 2023 inimica
680 1982 846 2030 virtuti,
898 1984 976 2024 nisi
1017 1983 1090 2024 tibi
1128 1985 1312 2025 hortanti
1353 1990 1394 2025 et
1423 1984 1532 2026 illius
1562 1986 1806 2026 memoriam

50 2046 152 2089 mihi
198 2058 337 2087 caram
381 2044 575 2086 excitanti
614 2058 696 2085 non
736 2058 883 2097 parere
924 2046 1040 2087 nefas
1071 2059 1161 2087 esse
1193 2048 1420 2089 duxissem.
1497 2048 1578 2089 Sed
1611 2046 1808 2089 testificor

50 2123 117 2151 me
147 2123 168 2150 3
199 2114 239 2151 te
268 2113 461 2169 rogatum
492 2113 533 2149 et
561 2114 822 2149 recusantem
853 2107 952 2150 haec
983 2110 1166 2150 scribere
1197 2124 1288 2151 esse
1319 2123 1479 2151 ausum.
1551 2110 1654 2153 Volo
1696 2109 1807 2151 enim

51 2173 154 2213 mihi
184 2177 320 2213 tecum
352 2184 571 2212 commune
604 2185 694 2212 esse
725 2172 903 2218 crimen,
944 2177 1010 2220 ut,
1043 2171 1076 2212 si
1107 2173 1310 2213 sustinere
1341 2178 1493 2213 tantam
1524 2173 1809 2227 quaestionem

51 2249 142 2275 non>
165 2240 370 2289 potuero,
404 2233 546 2274 iniusti
576 2235 715 2274 oneris
745 2233 927 2289 impositi
959 2240 1029 2275 tua
1059 2234 1176 2290 culpa
1207 2235 1289 2283 sit,
1324 2250 1413 2276 mea
1443 2237 1622 2290 recepti;
1653 2235 1696 2276 in
1726 2248 1808 2289 quo
1822 2254 1858 2280 30

52 2303 189 2337 tamen
220 2294 363 2336 iudicii
392 2297 522 2337 nostri
553 2309 741 2338 errorem
773 2296 861 2338 laus
894 2296 968 2338 tibi
999 2296 1083 2338 dati
1114 2300 1298 2339 muneris
1330 2300 1629 2353 compensabit.

164 2359 237 2398 XI.
290 2360 357 2398 36.
390 2357 469 2399 Sed
499 2359 540 2398 iu
572 2359 685 2399 omni
716 2373 760 2399 re
792 2358 1075 2401 difficillimum
1107 2367 1170 2402 est
1198 2360 1376 2402 sormam
1407 2385 1461 2392 —
1484 2362 1553 2417 qui
1583 2360 1806 2415 χαρακτήρ

54 2425 210 2463 Graece
241 2419 392 2462 dicitur
416 2444 470 2450 —
501 2434 713 2476 exponere
743 2421 911 2476 optimi,
963 2424 1075 2477 quod
1105 2423 1218 2464 aliud
1248 2425 1336 2464 aliis
1382 2423 1548 2465 videtur
1591 2423 1805 2479 optimum.

50 2485 184 2525 Ennio
215 2482 423 2531 delector,
457 2482 515 2524 ait
545 2482 776 2537 quispiam,
816 2485 929 2539 quod
961 2498 1044 2526 non
1075 2485 1251 2527 discedit
1279 2500 1301 2527 a
1331 2487 1538 2528 communi
1570 2500 1687 2527 more
1717 2498 1808 2526 ver-

51 2547 227 2595 borum;
280 2545 484 2592 Pacuvio,
530 2546 663 2599 inquit
701 2545 829 2594 alius;
882 2559 1028 2587 omnes
1067 2550 1178 2600 apud
1220 2548 1327 2589 hunc
1358 2548 1491 2590 ornati
1521 2548 1857 2601 elaboratiqucas

51 2614 147 2650 sunt
175 2622 342 2656 versus,
375 2607 504 2649 multa
534 2609 642 2660 apud
673 2609 847 2648 alterum
878 2608 1170 2661 negligentius.
1232 2612 1312 2651 Fac
1341 2612 1465 2651 alium
1496 2611 1649 2659 Accio3
1692 2609 1807 2650 varia

53 2670 162 2712 enim
192 2677 286 2712 sunt
317 2672 467 2711 iudicia
498 2676 542 2711 ut
563 2671 604 2710 in
628 2670 794 2711 Graecis
816 2684 891 2710 1100
911 2669 1043 2711 facilis
1065 2672 1287 2723 explicatio
1302 2703 1312 2719 ‚
1347 2686 1453 2728 quae
1475 2671 1609 2713 forma
1629 2672 1806 2712 maxime

54 2733 244 2775 excellat.
305 2735 352 2774 In
388 2734 561 2788 picturis
600 2733 703 2773 alios
742 2731 930 2779 horrida,
971 2732 1148 2781 inculta,
1201 2734 1343 2775 abdita
1383 2741 1424 2775 et
1468 2748 1618 2789 opaca,
1662 2739 1806 2774 contra

54 2794 155 2836 alios
187 2796 340 2844 nitida,
387 2795 518 2843 laeta,
566 2794 805 2836 collustrata
834 2794 1054 2837 delectant.
1114 2795 1223 2846 Quid
1252 2802 1347 2845 est,
1395 2810 1477 2851 quo
1509 2796 1804 2851 praescriptum

53 2857 223 2912 aliquod
252 2863 322 2898 aut
349 2856 574 2899 formulam
610 2859 841 2912 exprimaS,
893 2871 986 2899 cum
1027 2859 1068 2899 in
1108 2874 1182 2900 suo
1213 2861 1408 2915 quodque
1440 2872 1592 2912 genere
1623 2862 1805 2911 praestet
1820 2874 1857 2900 40

146 3027 179 3057 1.
207 3034 304 3058 nemo
329 3027 515 3058 verborum
539 3029 831 3060 sententiarumve
857 3029 1078 3068 syrae-itatem·
1098 3030 1194 3061 Eins.
1226 3045 1259 3050 —
1299 3029 1332 3060 2.
1362 3029 1507 3059 i'nutilia
1534 3028 1575 3059 R.
1603 3043 1643 3051 -
1685 3027 1719 3059 hi
1744 3037 1808 3060 an-

54 3079 109 3107 tea
134 3073 177 3104 R.
208 3089 246 3096 —
275 3073 310 3104 7.
339 3074 446 3113 iyitur
469 3083 533 3106 nos
559 3074 625 3106 Gu.
654 3076 685 3106 1.
715 3076 748 3105 2.
777 3075 831 3106 R:
859 3083 920 3105 uos
946 3076 1056 3114 iyieur
1082 3077 1120 3107 E.
1152 3093 1188 3099 —
1220 3076 1275 3107 13.
1303 3075 1494 3106 incredibili
1519 3074 1615 3113 sama
1639 3075 1808 3106 virtutum

20 3158 31 3168 ι
53 3119 315 3153 admirabilium
341 3119 427 3152 Ven.
456 3129 533 3159 pn:
560 3121 762 3153 admirabili
786 3121 884 3161 sama
908 3122 1079 3153 virtutum
1102 3121 1355 3154 incredibilium
1380 3121 1454 3152 libri
1471 3143 1480 3157 .
1509 3121 1551 3159 R,
1580 3121 1649 3152 LE.
1679 3137 1720 3145 —
1747 3123 1804 3153 19.

54 3172 162 3208 yram
187 3167 256 3198 sint
284 3166 378 3197 Eins.
407 3166 488 3206 (non
508 3166 565 3205 R.)
596 3184 636 3191 ·-·
663 3168 721 3199 20.
750 3177 829 3210 erqo
856 3177 898 3199 ea:
923 3168 1077 3200 omnibus
1098 3171 1150 3206 R,
1179 3169 1298 3200 Lami).
1322 3183 1357 3188 —-
1385 3167 1441 3198 ⁶23.
1469 3168 1619 3199 studium
1646 3168 1740 3200 Eins.
1763 3186 1803 3192 —-

53 3215 111 3246 25.
139 3214 258 3245 statim
285 3221 352 3243 om.
380 3213 422 3244 R.
460 3229 500 3235 —-
542 3213 600 3244 28.
630 3223 700 3246 esse
726 3224 794 3246 orn.
825 3215 891 3245 Vit.
922 3214 1013 3245 Eins.
1054 3232 1096 3238 --
1139 3216 1196 3247 3-2.
1224 3216 1284 3255 qui
1311 3214 1397 3246 Ven.
1426 3222 1499 3246 sec.
1525 3214 1672 3247 Lumo:
1716 3216 1807 3254 quod

55 3269 134 3292 cuin
160 3260 255 3292 tibris
281 3259 310 3290 R
338 3262 372 3290 et
397 3259 520 3299 Peter,
561 3260 647 3300 quae
673 3269 750 3292 cum
778 3261 864 3293 Ven.
897 3269 945 3299 pr.
985 3261 1026 3292 Ε.
1066 3278 1107 3284 -
1149 3262 1206 3293 36.
1234 3261 1344 3292 multo
1372 3260 1488 3292 Lami).
1525 3277 1565 3286 —-
1606 3262 1708 3293 Accio
1737 3262 1802 3293 Vit.

54 3307 174 3346 Eins.,
204 3307 256 3338 lt:
284 3306 381 3336 Attio
409 3306 447 3338 E.
477 3322 514 3327 —
551 3306 608 3337 38.
635 3307 727 3338 alius
751 3323 764 3328 -
788 3324 801 3330 —
826 3308 917 3339 alius
946 3323 956 3330 ·
981 3322 995 3329 —
1019 3309 1164 3340 delectat
1192 3307 1260 3342 vit.
1286 3306 1369 3345 Dr.,
1397 3307 1464 3339 Gu.
1493 3308 1526 3339 1.
1553 3308 1586 3338 2.
1603 3331 1612 3346 ,
1640 3308 1730 3338 alim
1755 3324 1768 3330 -
1791 3322 1806 3328 -

55 3354 147 3385 alius
171 3370 185 3376 -
208 3370 222 3376 -
247 3353 433 3385 delectatur
459 3352 500 3383 R.
552 3353 595 3383 Ut
620 3361 704 3388 nos,
747 3354 841 3385 Eins.
883 3371 919 3377 —
958 3353 1014 3386 39.
1052 3355 1144 3395 Quid
1177 3359 1225 3388 est
1264 3355 1355 3386 enim
1380 3362 1448 3395 quo
1475 3354 1569 3388 Elns.
1588 3377 1597 3394 ,
1641 3353 1731 3397 Quid
1755 3355 1804 3386 esc

55 3399 147 3443 quod
172 3399 265 3433 Crat.
294 3416 334 3423 —
361 3399 417 3431 40.
445 3399 594 3441 quidque
620 3408 689 3442 mg.
714 3400 855 3441 Repett.
881 3400 1002 3434 Lamb.
