2117 3762
667 250 764 289 LlB.
798 249 866 290 lv.
931 248 976 290 C.
1011 251 1077 291 28.
1112 252 1176 292 29.
1209 253 1275 293 30.
1795 261 1846 300 69

96 362 212 403 sunu
255 368 360 410 quae
391 353 470 396 dici
501 359 689 410 possunt.
731 368 812 394 non
845 353 1049 397 dicuntur.
1112 359 1235 398 Item:
1286 359 1437 400 Po'ema
1467 358 1639 415 loquens
1668 361 1843 416 pictura,

95 419 251 474 pictura
284 417 450 458 tacitum
482 422 630 470 po'effla
660 414 783 457 debet
814 430 917 458 esse.
981 421 1103 459 ltem:
1140 420 1244 468 Quia
1277 419 1420 461 stultus
1452 434 1520 468 cs,
1555 435 1601 462 ea
1632 436 1678 464 re
1711 429 1843 475 taces;

94 495 175 523 non
207 487 369 526 tamen,
402 479 496 534 quia
527 485 662 525 taces,
697 492 743 519 ea
774 492 819 519 re
849 480 993 521 stultus
1025 496 1083 522 es,
1146 484 1234 522 Non
1268 489 1403 537 potest
1433 482 1535 529 dici,
1580 498 1701 540 quam
1733 501 1845 528 com-

93 544 216 586 mode
249 544 336 590 liat,
383 556 474 583 cum
506 541 735 583 contrariae
768 543 992 583 sententiae
1023 543 1219 585 relatione
1251 544 1376 586 verba
1407 560 1573 602 quoque
1603 556 1845 592 convertan-

93 614 173 652 tur.
234 609 359 648 Plura
390 604 640 646 subiecimus
671 603 890 658 exempla,
939 611 1001 651 ut,
1054 606 1249 661 quoniam
1290 607 1457 648 dislicile
1499 614 1558 649 est
1598 608 1675 651 boc
1715 626 1874 665 genuss

93 669 374 711 exornationis
405 668 594 712 inventu.
642 665 863 707 dilucidum
896 674 1023 715 esset,
1069 675 1134 715 ut,
1181 683 1273 710 cum
1305 668 1409 711 bene
1440 677 1546 712 esset
1575 671 1841 724 intellectum,

92 732 250 773 facilius
286 733 325 772 in
355 728 531 772 dicendo
563 730 832 771 inveniretur.

204 796 356 835 XXIX.
390 793 607 832 Permissio
640 798 722 834 est.
755 807 846 834 cum
880 792 1133 834 ostendimus
1166 792 1205 833 in
1238 793 1411 837 dicendo
1443 811 1517 838 nos
1548 798 1725 855 aliquam
1754 814 1845 843 rem

91 863 216 899 totam
248 855 412 897 tradere
451 860 490 896 et
529 858 758 896 concedere
796 856 966 897 alicuius
998 855 1218 903 voluntati,
1252 857 1339 898 sic:
1388 860 1616 910 Quoniam,
1651 863 1844 905 omnibus

89 919 213 962 rebus
244 918 396 974 ereptis
418 949 427 965 ,
469 918 582 958 solus
614 925 803 971 superest
834 920 994 959 animus
1026 925 1066 959 et
1097 931 1271 972 corpus,
1319 921 1420 961 haec
1451 922 1562 977 ipsa,
1605 939 1711 980 quae
1742 926 1893 968 mihim

89 983 140 1024 de
171 982 307 1023 multis
348 980 433 1022 sola
476 981 618 1021 relicta
658 987 773 1028 sunt,
822 980 940 1022 vobis
982 987 1021 1021 et
1062 987 1224 1022 vestrae
1269 982 1459 1025 condono
1491 989 1697 1039 potestati.
1762 992 1843 1030 Vos

88 1059 153 1086 me
185 1051 341 1091 vestro,
382 1057 463 1099 quo
496 1050 613 1098 pacto
645 1044 761 1085 vobis
791 1043 1028 1091 videbitur,
1077 1046 1246 1085 utamini
1278 1052 1400 1100 atque
1441 1049 1665 1090 abutamini
1704 1050 1844 1093 licebit

86 1109 283 1163 impune;
327 1107 369 1148 in
401 1120 484 1151 me,
531 1105 730 1161 quidquid
772 1105 893 1153 libet,
936 1106 1123 1155 statuite;
1168 1106 1317 1156 dicite,
1352 1116 1473 1164 atque
1515 1113 1828 1167 obtemperabo.

87 1171 176 1210 Hoc
207 1183 336 1222 genus
369 1168 528 1208 tametsi
568 1168 665 1209 alias
697 1183 861 1224 quoque
892 1182 1186 1224 nonnunquam
1219 1172 1473 1213 tractandum
1506 1180 1585 1223 est,
1625 1181 1760 1217 tamen
1790 1179 1841 1219 ad

86 1230 410 1273 misericordiam
443 1234 785 1272 commovendam
816 1232 1177 1274 vehementissime
1209 1239 1270 1274 est
1300 1236 1670 1279 accommodatum.
1855 1252 1891 1277 15

196 1297 265 1336 ltO.
299 1293 510 1335 Dubitatio
543 1300 629 1339 est,
669 1307 762 1334 cum
792 1308 994 1348 quaerere
1026 1295 1190 1337 videtur
1219 1304 1383 1346 orator,
1427 1305 1565 1341 utrum
1597 1304 1648 1342 de
1681 1300 1841 1343 duobus

85 1361 222 1414 potius
267 1365 336 1401 aut
365 1358 462 1414 quid
496 1357 545 1399 de
576 1357 762 1413 pluribus
801 1357 1060 1411 potissimum
1101 1358 1231 1409 dicat,
1282 1362 1362 1402 hoc
1404 1361 1553 1403 modo:
1607 1363 1750 1405 Obsuit
1791 1378 1841 1405 eo

84 1430 271 1478 tempore
305 1421 523 1476 plurimum
555 1423 613 1462 rei
654 1420 843 1474 publicae
889 1420 1103 1462 consulum
1148 1422 1234 1463 sive
1275 1425 1487 1466 stultitiam
1526 1425 1614 1466 sive
1645 1426 1841 1468 malitiam

84 1487 223 1527 dicere
255 1490 420 1538 oportet
451 1485 536 1525 sive
567 1490 801 1539 utrumque.
861 1485 995 1524 Item:
1046 1487 1106 1525 Tu
1137 1484 1244 1526 istud
1275 1499 1396 1527 ausus
1428 1501 1472 1528 es
1504 1486 1666 1535 (licere,
1713 1490 1838 1530 homo

85 1550 269 1589 omnium
303 1547 564 1588 mortalium?
599 1578 608 1587 .
645 1578 655 1587 .
692 1577 701 1586 .
742 1561 835 1587 nam
867 1560 948 1601 quo
982 1554 1019 1587 te
1052 1545 1175 1599 digno
1208 1548 1396 1590 moribus
1426 1549 1504 1591 tuis
1534 1551 1736 1606 appellem
1767 1566 1840 1593 no·
1855 1567 1890 1593 20

83 1611 223 1653 mine?
271 1610 493 1665 Expeditio
534 1618 621 1657 est,
667 1623 760 1650 cum
792 1609 1020 1651 rationibus
1051 1610 1333 1665 compluribus
1371 1614 1643 1661 enumeratis,
1690 1614 1840 1670 quibus

83 1674 216 1729 aliqua
247 1687 314 1714 res
345 1679 414 1714 aut
444 1672 532 1713 fieri
564 1679 632 1713 aut
662 1687 746 1713 non
777 1672 864 1713 fieri
896 1672 1098 1726 potuerit,
1147 1679 1306 1715 ceterae
1339 1675 1561 1725 tolluntur,
1606 1691 1686 1718 una
1717 1678 1840 1719 relin-

83 1736 245 1792 quitur,
300 1750 422 1790 quam
462 1750 536 1776 nos
578 1735 849 1782 intendimus,
897 1735 974 1776 hoc
1006 1737 1160 1776 modo:
1216 1739 1391 1778 Necesse
1423 1744 1508 1787 est,
1554 1754 1647 1781 cum
1679 1746 1840 1782 constet

81 1800 202 1841 istum
235 1799 407 1839 fundum
439 1804 627 1838 nostrum
656 1798 804 1845 fuisse,
852 1800 1046 1839 ostendas
1092 1804 1129 1839 te
1170 1805 1239 1840 aut
1284 1814 1457 1842 vacuum
1496 1803 1728 1856 possedisse
1769 1808 1839 1845 aut

79 1877 158 1905 usu
189 1866 303 1902 tuum
336 1859 481 1900 fecisse
513 1865 582 1899 aut
612 1860 761 1900 emisse
792 1866 860 1900 aut
891 1860 1115 1901 hereditate
1147 1862 1220 1902 tibi
1252 1864 1427 1904 venisse.
1486 1866 1697 1912 Vacuum‚
1744 1880 1834 1907 cum
1850 1886 1885 1912 25

81 1938 159 1980 ego
189 1925 401 1969 adessem,
447 1922 661 1977 possidere
692 1935 774 1963 non
805 1924 1004 1977 potuisti3
1053 1930 1165 1965 tuum
1207 1927 1440 1967 etiamnunc
1471 1942 1547 1968 usu
1578 1927 1723 1969 fecisse
1755 1943 1837 1970 non

80 1997 226 2042 potes;
274 1984 427 2041 emptio
476 1984 584 2025 nulla
632 1983 865 2039 prosertur;
916 1986 1144 2028 hereditate
1189 1987 1264 2029 tibi
1305 2002 1369 2029 me
1411 1989 1506 2031 vivo
1545 2003 1634 2031 mea
1665 1993 1838 2045 pecunia

79 2049 222 2091 venire
252 2062 335 2089 non
366 2046 512 2102 potuit.
575 2048 837 2102 Relinquitur
867 2062 987 2101 ergo,
1023 2056 1065 2090 ut
1095 2064 1160 2091 me
1192 2052 1230 2091 vi
1262 2050 1312 2092 de
1345 2066 1438 2093 meo
1471 2052 1596 2093 tundo
1621 2053 1832 2095 deieceris.

78 2117 147 2156 tt.
197 2113 308 2153 Haec
352 2110 568 2152 exornatio
617 2111 840 2165 plurimum
886 2110 1043 2152 iuvabit
1096 2113 1394 2156 coniecturales
1439 2117 1832 2169 argumentationeS.

80 2176 161 2219 Sed
206 2189 290 2217 non
336 2174 414 2215 erit
453 2179 660 2229 tamquam
692 2173 732 2214 in
764 2173 1001 2228 plerisque,
1048 2180 1117 2222 ut,
1167 2191 1259 2217 cum
1291 2177 1494 2226 velimus,
1543 2192 1589 2218 ea
1631 2180 1884 2233 possimus30

80 2240 151 2281 uti.
210 2242 311 2280 Nam
344 2237 479 2279 faeere
510 2239 551 2278 id
583 2251 666 2279 non
695 2236 953 2291 poterimus,
987 2237 1064 2279 nisi
1094 2238 1214 2280 nobis
1244 2239 1334 2295 ipsa
1364 2240 1518 2296 negotii
1548 2248 1691 2283 natura
1724 2240 1836 2283 dabit

77 2302 327 2345 facultatem.

189 2366 324 2407 XXX.
359 2363 581 2405 Dissolutio
615 2369 693 2409 est,
732 2376 836 2419 quae
868 2365 1230 2406 coniunctionibus
1261 2364 1483 2408 verborum
1514 2380 1536 2408 e
1569 2367 1706 2408 medio
1737 2366 1834 2410 sub-

76 2429 189 2477 latis,
222 2428 421 2483 separatis
452 2424 636 2480 partibus
667 2424 862 2473 effertur,
897 2428 975 2467 hoc
1006 2429 1155 2468 modo:
1191 2430 1297 2470 Gere
1329 2443 1489 2471 morem
1521 2432 1704 2484 parenti,
1737 2445 1832 2486 pare

77 2490 281 2546 cognatis,
329 2488 560 2544 obsequere
602 2489 776 2536 amicis,
825 2489 1070 2543 obtempera
1114 2491 1290 2544 legibus.
1353 2493 1485 2533 Item:
1538 2495 1749 2534 Descende
1792 2494 1880 2537 inss

76 2553 276 2608 integram
308 2551 618 2599 defensionem,
667 2552 751 2591 noli
792 2551 1015 2606 quidquam
1056 2566 1268 2602 recusare,
1304 2556 1354 2596 da
1385 2569 1526 2597 servos
1556 2557 1598 2597 in
1628 2557 1832 2612 quaestio-

170 2694 203 2724 1.
233 2693 356 2724 Poema
383 2691 524 2732 loquens
547 2692 705 2729 pictura,
735 2691 875 2729 pictura
901 2693 1044 2722 tacitum
1071 2702 1087 2724 e
1117 2693 1226 2725 Codd.
1250 2700 1444 2726 nostrorum
1472 2697 1621 2735 vestigiis
1649 2694 1827 2726 nanetus:

78 2740 114 2772 Si
137 2741 258 2779 poe‘ma
284 2740 425 2780 Loquens
457 2740 597 2778 pictura
632 2741 701 2772 est,
744 2740 883 2775 pictura
922 2741 1066 2770 tacitum
1093 2740 1130 2771 E.
1184 2741 1311 2772 Verum
1352 2743 1463 2773 nultus
1501 2743 1602 2773 babet
1629 2746 1713 2779 part.
1743 2742 1772 2771 si
1797 2745 1831 2772 et

78 2789 162 2818 mire
203 2789 310 2817 variat
342 2787 440 2817 sedes
483 2794 512 2816 v.
550 2790 611 2815 est.
651 2801 693 2805 —-
732 2784 764 2814 2.
796 2786 887 2824 Quia
912 2801 925 2807 -
950 2801 962 2806 -
986 2784 1083 2826 quia]
1121 2788 1152 2817 si
1174 2804 1187 2810 -
1213 2804 1224 2810 —
1251 2791 1281 2820 si
1314 2789 1388 2820 libri
1424 2791 1529 2820 nostri
1563 2789 1690 2826 altique
1736 2790 1828 2819 varie

79 2834 255 2865 turbantes
283 2842 312 2863 v.
334 2841 363 2863 c.
384 2831 432 2863 T:
462 2833 492 2862 si
516 2833 644 2862 stultus
669 2840 713 2862 es.
742 2839 783 2861 ea
808 2841 843 2862 re
865 2835 968 2862 taces.
1011 2835 1150 2871 sapiens
1175 2843 1245 2865 non
1271 2841 1384 2866 tamen
1409 2838 1437 2866 si
1463 2840 1550 2866 taces
1576 2843 1615 2865 ea
1641 2843 1678 2865 re
1703 2835 1831 2866 stultus

77 2889 122 2912 es.
154 2897 191 2902 —
219 2879 252 2910 3.
281 2877 398 2919 quam]
426 2880 509 2918 quin
535 2878 659 2909 Psan.
691 2894 727 2900 -
768 2877 801 2908 4.
829 2879 994 2910 relatione
1021 2880 1136 2911 PFttT
1162 2887 1195 2913 et
1223 2890 1273 2920 pr.
1294 2885 1343 2916 A:
1372 2883 1599 2912 transtatione
1625 2881 1651 2912 B
1679 2886 1712 2911 et
1738 2890 1826 2914 corr.

77 2928 126 2961 Α,
156 2927 195 2958 Ε.
235 2941 268 2947 —-
316 2927 368 2957 10.
397 2927 522 2964 ereptis
547 2926 657 2955 solum
680 2925 762 2954 mihi
787 2929 939 2965 superest
967 2926 1052 2957 t’ssn
1082 2933 1115 2958 et
1140 2936 1228 2959 corr.
1250 2929 1299 2965 Α,
1334 2930 1458 2967 ereptis
1483 2933 1634 2966 superest
1660 2928 1687 2958 T
1714 2932 1748 2960 et
1775 2937 1826 2968 pr.

77 2974 154 3010 AF,
183 2974 306 3011 ereptis
331 2972 437 3003 solum
462 2978 612 3010 superest
640 2980 728 3002 corr.
762 2971 796 3001 F.
835 2989 873 2994 —
919 2972 972 3004 12.
1001 2983 1051 3004 me
1076 2980 1190 3005 vestro
1214 2975 1355 3006 PABR:
1384 2984 1434 3005 me
1459 2983 1538 3004 veto
1567 2974 1641 3010 FT.
1667 2984 1718 3005 me
1745 2974 1826 3014 (om.

75 3020 204 3059 vestro)
231 3028 306 3050 cum
337 3019 455 3049 Latnb.
477 3019 516 3050 E.
559 3034 591 3040 -
639 3018 693 3049 13.
722 3019 879 3057 inpunite
905 3018 978 3055 PF.
1016 3021 1183 3059 lmpouite
1212 3022 1313 3052 ΑΒΤ.
1357 3039 1390 3044 -
1434 3021 1557 3056 dicite,
1587 3022 1827 3060 obtemperabo

76 3067 125 3103 Τ,
156 3067 192 3098 Ι..
227 3083 258 3088 -
290 3066 343 3096 18.
373 3066 440 3095 dici
466 3065 564 3095 AFT.
606 3081 632 3087 -
660 3066 716 3096 ⁶20.
744 3066 962 3096 mortalium.
992 3076 1132 3107 quaero.
1160 3077 1243 3098 nam
1270 3073 1300 3100 te
1327 3077 1378 3107 pr.
1400 3067 1445 3104 P,
1472 3068 1671 3098 mortalium
1697 3077 1827 3108 quaero

75 3123 160 3144 nam
185 3122 252 3154 quo
278 3117 308 3143 te
334 3111 452 3144 ABER
480 3115 514 3142 et
539 3119 625 3142 corr.
647 3111 686 3143 P.
739 3111 1020 3145 «Scribendum;
1059 3115 1263 3145 mortalium
1300 3130 1334 3136 —
1370 3123 1522 3154 quonam
1547 3118 1578 3146 te
1604 3121 1669 3147 cet.
1699 3123 1827 3154 quaero

77 3163 169 3192 enim
209 3166 326 3191 natum
366 3158 502 3189 videtur
539 3166 576 3189 ex
613 3167 716 3197 quom
757 3158 861 3190 BAt‘r.
913 3159 986 3192 Nisi
1022 3170 1101 3192 vero
1135 3158 1406 3202 ἀποσιώπησιν
1439 3162 1601 3200 supplere
1628 3162 1823 3194 voluerunt.

76 3207 119 3238 Ut
146 3216 229 3244 nos.
257 3206 297 3238 T.
327 3223 367 3228 —
394 3205 449 3235 22.
477 3212 531 3234 res
555 3204 627 3245 fieri
653 3204 736 3243 (om.
758 3206 834 3242 aut)
860 3205 928 3238 FT.
958 3223 997 3228 —
1025 3207 1078 3238 25.
1108 3209 1304 3238 etiamnunc
1330 3216 1393 3237 usu
1411 3206 1531 3247 fecisse
1550 3208 1657 3240 Codd.
1681 3208 1826 3240 Ouden-

77 3254 213 3292 dorpit:
243 3255 347 3285 etiam
371 3261 464 3282 nunc
489 3251 605 3291 fecisse
630 3258 679 3289 pr.
702 3249 747 3287 P,
776 3252 879 3282 etiam
905 3262 970 3283 usu
996 3252 1115 3292 secisse
1139 3253 1230 3284 ART
1258 3259 1291 3285 et.
1317 3262 1403 3284 corr.
1425 3254 1470 3291 Ρ,
1497 3256 1601 3287 etiam
1626 3264 1691 3286 usu
1716 3254 1827 3293 fecisti

76 3301 122 3337 F,
148 3302 342 3332 etiamnunc
367 3308 432 3329 usu
457 3298 561 3338 fuisse
581 3297 627 3333 B,
654 3306 717 3327 usu
733 3297 850 3335 secisse
868 3300 1053 3330 etiamnum
1076 3300 1114 3330 E.
1143 3316 1180 3322 —-
1209 3299 1264 3330 32.
1294 3300 1504 3333 Dissolutum
1522 3303 1676 3344 estquod
1693 3301 1822 3335 PFRT.

78 3364 116 3371 —
145 3346 200 3378 33.
228 3347 402 3388 separatis
425 3344 586 3387 partibus
610 3343 812 3382 PABFRT,
841 3344 891 3375 L:
916 3346 1078 3387 partibus
1103 3347 1275 3386 separatis
1302 3346 1341 3378 E.
