2117 3762
288 213 370 254 434,
1055 201 1270 243 ORATOR

288 317 493 372 paxillo
518 311 771 356 consuetudo
794 306 959 360 elegans
977 305 1108 347 Latini
1130 306 1333 347 sermonis
1355 303 1505 346 evellit.
1568 305 1662 345 154.
1695 302 1893 345 Libenter
1914 302 2035 345 etiam

290 377 521 433 copulando
550 376 676 418 verba
705 371 952 424 iungebant,
984 374 1030 409 ut
1059 369 1207 408 sodes
1237 382 1315 421 pro
1345 368 1388 409 si
1427 364 1615 415 audes,
1650 366 1722 407 sis
1752 379 1829 420 pro
1859 366 1900 407 si
1930 367 2035 416 vis3

290 441 444 482 iamin
473 452 555 480 uno
587 432 764 489 capsis
795 430 872 472 tria
902 427 1029 472 verba
1059 434 1168 469 sunt.
1230 429 1325 471 Ain
1363 443 1439 485 pro
1478 429 1648 477 aisne,
1694 428 1924 482 nequire
1959 440 2036 483 pro

290 517 392 544 non
424 501 602 555 quire,
635 493 790 537 malle
821 507 897 547 pro
930 491 1091 545 magis
1120 490 1280 540 velle,
1310 492 1454 533 nolle
1484 505 1561 546 pro
1590 503 1694 532 non
1721 489 1888 539 velle,
1921 489 2039 530 dein

260 564 411 606 setiam
442 574 564 614 saepe
595 564 634 599 et
674 555 793 597 exin
833 568 911 609 pro
953 552 1148 595 deinde
1187 558 1228 594 et
1266 553 1461 596 exinde
1492 554 1682 596 dicimus.
1744 553 1881 602 Quid,
1935 552 2040 593 illud

290 640 371 668 non
403 625 486 664 olet
514 622 620 662 unde
650 619 724 667 sit,
773 619 886 672 quod
926 616 1074 658 dicitur
1114 629 1225 657 cum
1264 615 1395 664 illis,
1445 631 1555 658 cum
1597 622 1734 658 autem
1764 613 1923 656 nobis
1952 627 2038 655 non

290 687 458 733 (licitur,
491 685 561 724 sed
592 682 898 723 nobiscum?
930 679 1037 729 Quia
1067 680 1100 720 si
1130 680 1185 719 ita
1209 679 1438 726 diceretur,
1471 679 1721 720 obscoenius
1742 680 2042 719 concurrerent

288 749 468 795 litterae,
518 750 563 787 ut
602 744 724 785 etiam
766 745 917 791 modo,
966 741 1045 783 nisi
1087 746 1260 783 autem
1299 740 1663 795 interposuissem‚
1715 740 2037 782 concurrissent.

288 814 351 852 Ex
381 824 429 850 eo
462 813 525 849 est
565 820 762 848 mecum
801 812 841 847 et
875 812 1065 852 tecum,
1113 817 1196 846 non
1235 817 1345 845 cum
1381 818 1460 845 me
1501 809 1687 846 etcum
1727 809 1799 854 te,
1847 809 1893 845 ut
1931 806 2042 844 esset

240 871 419 915 1osi1nile
450 870 530 911 illis
560 867 835 912 vobiscum
865 882 911 909 ac
942 866 1229 908 nobiscum.

397 933 540 976 XLVI.
575 934 667 976 155.
708 933 842 986 Atque
882 929 1006 971 etiam
1046 943 1069 971 a
1107 926 1353 985 quibusdam
1395 940 1490 969 sero
1533 927 1616 970 iam
1659 930 1900 971 emendatur
1939 928 2043 969 anti-

288 996 445 1052 quitas,
494 995 564 1050 qui
603 997 705 1036 haec
743 993 1065 1048 reprehendunt.
1127 994 1228 1032 Nam
1265 1005 1340 1047 pro
1387 990 1536 1032 deum
1574 995 1732 1045 atque
1772 989 2042 1032 hominum

287 1058 444 1100 sidem
475 1080 529 1088 —-
560 1059 776 1099 deorum
807 1057 934 1097 aiunt.
996 1056 1078 1103 Ita,
1122 1055 1274 1103 credo,
1324 1053 1403 1095 hoc
1433 1053 1493 1094 illi
1522 1052 1785 1094 nesciebant:
1837 1067 1889 1095 an
1921 1054 2044 1094 dabat

287 1121 392 1163 hanc
420 1119 626 1163 licentiam
649 1118 935 1161 consuetudo?
966 1119 1106 1173 ltaque
1126 1116 1237 1158 idem
1257 1121 1399 1172 poeta,
1431 1115 1503 1172 qui
1523 1115 1755 1158 inusitatius
1774 1119 2041 1158 contraxerat

239 1234 275 1262 15
510 1214 647 1256 Patris
676 1214 774 1263 mei,
806 1216 932 1254 meum
957 1213 1108 1266 factum
1131 1212 1250 1265 pudet

289 1322 366 1366 pro
398 1321 624 1350 meorum
654 1307 935 1355 factorum,
973 1311 1014 1348 et

515 1403 703 1444 Teoeitur:
733 1402 903 1443 exitium
932 1412 1098 1442 examen
1126 1399 1234 1453 rapit

289 1510 365 1552 pro
398 1496 713 1545 exitiorum,
755 1509 840 1537 non
870 1494 970 1536 dicit
998 1493 1250 1542 liberum,
1282 1497 1327 1533 ut
1356 1492 1546 1548 plerique
1574 1492 1813 1546 loquimur,
1845 1503 1939 1532 cum
1971 1503 2051 1532 cu-

290 1558 445 1613 pidos
474 1559 700 1602 liberum
731 1564 802 1600 aut
830 1558 880 1600 in
909 1557 1143 1599 liberum
1174 1557 1296 1597 loco
1328 1553 1528 1605 dicimus,
1561 1554 1634 1596 sed
1664 1559 1710 1595 ut
1738 1553 1805 1595 isti
1834 1555 2000 1597 volunt:

241 1674 278 1700 20
401 1654 531 1708 Neque
560 1658 604 1695 tu
630 1666 805 1708 unquam
833 1653 876 1694 in
903 1652 1098 1706 qremium
1127 1651 1295 1692 eoetottas
1324 1651 1538 1691 liberorum
1566 1663 1617 1691 ex
1648 1655 1683 1691 te
1711 1650 1856 1704 yenus!

291 1749 342 1790 Et
370 1748 481 1790 idem

514 1843 690 1896 Namque
719 1840 927 1895 Aesculapi
956 1841 1167 1882 liberorum
1195 1862 1250 1870 -—

293 1937 345 1979 At
373 1935 441 1978 ille
471 1937 577 1977 alter
606 1935 649 1977 in
680 1937 834 1990 Chryse
865 1948 948 1977 non
980 1934 1114 1977 solum

517 2031 647 2080 Cives,
679 2031 834 2084 antiqui
862 2030 983 2070 amici
1011 2029 1211 2070 maiorum
1239 2030 1366 2069 meum
1395 2050 1448 2057 —

245 2134 280 2161 2⁵
296 2125 408 2180 quod
437 2128 526 2166 erat
553 2124 772 2172 usitatum,
805 2124 879 2163 sed
911 2122 1055 2164 durius
1086 2121 1211 2163 etiam

519 2218 734 2260 Consilium
763 2217 883 2267 socii,
915 2217 1130 2270 auyuriztm
1159 2221 1273 2270 atque
1302 2217 1437 2257 extum
1465 2215 1695 2268 interpretes
1722 2236 1777 2244 —

295 2312 488 2370 idemque
514 2313 671 2368 pergit:

518 2409 732 2461 Postquam
756 2407 983 2460 prodiyium
1011 2405 1272 2460 horriferum,
1298 2407 1526 2459 portentum
1547 2416 1679 2458 pavor
1709 2426 1759 2434 —

301 2516 406 2559 quae
434 2515 517 2544 non
548 2515 644 2543 sane
676 2505 769 2543 sunt
797 2501 839 2541 in
871 2498 1062 2542 omnibus
1095 2501 1252 2541 neutris
1282 2499 1447 2541 usitata.
1508 2501 1594 2541 Nec
1624 2499 1736 2540 enim
1766 2495 1946 2540 dixerim
1966 2500 2053 2538 tam

251 2581 286 2607 ³0
300 2564 478 2607 libenter
507 2566 704 2605 armum
733 2564 1010 2612 iudicium,
1045 2564 1121 2604 etsi
1152 2568 1214 2604 est
1242 2565 1352 2618 apud
1382 2564 1584 2605 eundem:

523 2657 681 2700 Nihilne
711 2657 761 2698 ad
790 2663 824 2698 te
853 2656 897 2698 de
925 2657 1071 2698 iudicio
1101 2661 1258 2698 armum
1287 2658 1456 2698 accidit?
1485 2680 1565 2708 —,

305 2755 399 2796 156.
432 2766 554 2809 quam
585 2751 879 2793 centuriam
909 2774 964 2781 —
992 2755 1039 2792 ut
1068 2751 1280 2793 censoriae
1312 2749 1477 2793 tabulae
1505 2751 1731 2807 loquuntur
1759 2774 1814 2783 —
1843 2749 2054 2794 fabrum

397 2924 429 2955 1.
453 2923 613 2963 pauxillo
638 2921 707 2955 Vit.
737 2921 832 2953 Eins.
859 2921 917 2953 Dr.
944 2921 1012 2953 Gu.
1041 2923 1073 2954 1.
1101 2922 1134 2955 2.
1161 2922 1260 2955 Mon.
1286 2924 1316 2955 R
1333 2947 1342 2963 ‚
1368 2923 1485 2955 Peter.
1536 2921 1581 2954 Ut
1605 2930 1692 2964 nos,
1721 2921 1788 2956 Gu.
1814 2922 1848 2955 3.
1877 2922 1971 2961 Erl.;
2003 2924 2055 2955 in-

308 2970 466 3008 terpolati
504 2971 620 3010 igitur.
673 2969 742 3001 Sed
779 2969 937 3010 analogia
964 2971 1046 3001 item
1073 2978 1199 3002 nomen
1226 2970 1484 3003 substantivum
1509 2970 1648 3002 videtur
1674 2972 1867 3012 requirere.
1914 2969 1982 3002 On.
2012 2985 2055 2993 —

306 3015 341 3046 5.
370 3020 400 3046 et
422 3026 488 3055 pro
514 3017 636 3048 ezinde
655 3017 698 3048 R.
726 3032 768 3039 -—
796 3017 851 3047 10.
880 3026 920 3048 ac
948 3016 1040 3048 Vit.:
1068 3022 1172 3058 atque
1198 3025 1275 3049 cum
1304 3018 1477 3057 plerisque
1504 3016 1564 3048 RE
1584 3039 1592 3055 ‚
1620 3022 1651 3050 et
1670 3017 1738 3049 Gu.
1759 3018 1793 3050 3.
1822 3033 1860 3040 -
1889 3016 1946 3049 14.
1976 3024 2056 3048 con-

309 3063 453 3093 suetudo
478 3063 649 3094 licentiam
675 3063 741 3095 Gu.
769 3061 802 3093 3.
832 3063 902 3094 Erl.
921 3063 961 3094 L.
984 3080 1021 3086 —
1050 3063 1106 3095 20,
1136 3067 1172 3094 tu
1197 3065 1267 3096 Vit.
1297 3064 1393 3096 Eins.
1420 3063 1480 3095 Dr.
1514 3063 1581 3096 Gru·
1603 3065 1637 3096 1.
1657 3065 1690 3095 2.
1718 3065 1817 3098 Mon.
1843 3063 1899 3101 R,
1925 3063 2053 3095 Peter:

310 3113 407 3140 tuum
432 3117 506 3139 cum
534 3110 600 3141 Gu.
620 3109 654 3140 3.
684 3110 724 3141 E.
776 3110 938 3142 Ceterum
965 3110 1007 3142 ad
1035 3111 1136 3142 Ennii
1163 3110 1374 3144 Phoenicem
1401 3110 1506 3142 refert
1531 3110 1624 3143 hunc
1649 3115 1773 3144 versic.
1804 3110 1916 3150 Bergk
1933 3110 2054 3141 Rhein.

309 3153 402 3185 Mus.
430 3155 492 3185 111.
519 3156 550 3186 1.
580 3165 612 3195 p.
638 3155 696 3188 73.
727 3172 765 3178 —
793 3157 849 3188 26.
876 3157 961 3188 socii
986 3166 1053 3188 om.
1082 3159 1108 3189 E
1135 3165 1214 3189 cum
1241 3158 1379 3190 Gruteri
1406 3159 1534 3197 operis.
1562 3174 1604 3181 —
1637 3158 1694 3190 28.
1718 3167 1835 3199 pavor
1860 3157 1931 3189 Vit.
1960 3157 2053 3188 Eins.

310 3200 373 3233 Dr.
402 3200 468 3232 Gu.
496 3201 528 3231 1.
556 3201 589 3233 3.
617 3203 687 3233 Erl.
714 3203 769 3234 R:
793 3212 904 3244 pavos
930 3203 995 3235 Gu.
1023 3204 1056 3236 2.
1086 3205 1127 3235 Ε.
1157 3222 1193 3228 -
1232 3204 1289 3236 32.
1313 3213 1415 3246 quam
1442 3206 1633 3237 centuriam
1652 3229 1661 3243 ‚
1699 3210 1739 3237 ut
1770 3206 1840 3237 Vit.
1868 3203 1964 3235 Eins.
1991 3203 2053 3234 Dr.

315 3247 382 3279 Gu.
412 3253 478 3278 tres
495 3269 504 3284 .
533 3248 600 3278 Erl.
629 3250 723 3281 Mon.
744 3250 794 3281 R:
822 3260 926 3291 quam
952 3260 1142 3283 armorum.
1167 3251 1264 3290 Iam,
1291 3257 1331 3285 ut
1356 3260 1434 3285 cum
1453 3251 1605 3293 Gryphio
1623 3252 1696 3286 LE.
1722 3251 1839 3294 (quam
1863 3259 2053 3284 armorum.

314 3294 543 3333 Centuriam,
570 3298 634 3335 ut,
661 3295 744 3329 falso
771 3295 939 3337 Goeller.)
