2117 3762
772 265 871 305 LIB.
907 264 938 304 Ι.
1002 264 1045 305 C.
1083 268 1145 310 17.
1180 266 1244 307 18.
1830 274 1881 313 90

139 373 219 413 iam
252 371 392 413 mitior
432 373 560 413 fartus
599 372 677 411 erit
716 371 904 417 auditor,
953 371 1112 421 ingredi
1154 372 1404 424 pedetentim
1443 372 1483 413 in
1524 372 1805 415 defensionem
1847 384 1886 418 et

140 436 279 475 dicere
321 450 395 482 ea,
442 449 546 489 qnam
591 433 856 484 indignentur
895 435 1150 482 adversarii,
1199 435 1270 475 tibi
1318 449 1483 491 qnoque
1522 435 1687 487 indigna
1725 439 1881 478 videri:

139 496 315 543 deinde,
365 511 455 538 cum
486 497 650 537 lenieris
680 510 803 542 enm,
851 497 919 550 qni
953 496 1112 543 audiet,
1162 499 1474 546 demonstrare,
1523 498 1620 538 nihii
1661 514 1803 539 eornm
1836 503 1885 540 ad

140 565 178 599 te
210 561 419 612 pertinere
449 565 490 600 et
519 572 669 611 negare
702 564 740 598 te
772 558 995 613 quidquam
1027 561 1076 599 de
1108 560 1355 601 adversariis
1378 575 1466 601 esse
1491 563 1718 606 dicturum,
1753 576 1886 617 neque

140 619 217 661 hoc
249 635 382 675 neque
416 621 543 669 illud;
577 626 622 661 ut
653 634 788 673 neque
821 627 960 673 aperte
991 621 1129 662 laedas
1161 637 1256 669 eos,
1291 625 1360 678 qui
1392 623 1640 677 diliguntur,
1682 631 1722 665 et
1752 631 1916 665 tamens

140 684 181 723 id
211 682 386 724 obscure
416 683 592 730 faciens,
627 682 761 737 quoad
795 684 951 737 possis,
985 683 1139 723 alienes
1170 686 1221 723 ab
1255 686 1313 724 eis
1344 688 1577 727 auditorum
1608 688 1885 737 voluntatem3

141 752 181 785 et
210 745 440 799 aliquorum
482 746 677 785 iudicium
719 745 839 785 simili
872 748 921 785 de
953 759 995 785 re
1025 751 1095 785 aut
1127 748 1409 787 auctoritatem
1442 750 1630 801 proferre
1661 749 1889 790 imitatione

140 807 335 859 dignam;
382 808 531 847 deinde
569 809 742 847 eandem
775 813 843 847 ant
873 809 1133 849 consimilem
1164 814 1232 848 aut
1264 809 1461 851 maiorem
1493 817 1562 851 ant
1592 813 1791 853 minorem
1824 813 1889 865 agi

141 882 226 909 rem
267 870 307 909 in
351 870 583 922 praesentia
628 871 928 911 demonstrare.
990 873 1055 911 25.
1107 872 1177 911 Sin
1217 871 1348 911 oratio
1389 874 1721 914 adversariorum
1765 874 1888 915 fidem

139 930 346 971 videbitur
374 931 630 972 auditoribus
661 934 833 978 secisse,
878 934 918 972 id
950 934 1060 988 quod
1092 934 1154 981 ei,
1203 934 1272 988 qni
1311 934 1528 987 intelligit,
1577 937 1724 991 qnibns
1767 939 1932 977 rebusio

138 992 240 1033 fides
270 992 362 1040 fiat,
404 994 522 1035 facile
564 996 641 1035 erit
673 997 863 1046 cognituj
911 1000 1075 1049 oportet
1105 1000 1174 1035 ant
1204 997 1254 1035 de
1287 1010 1335 1035 eo
1355 1028 1366 1045 ‚
1414 997 1525 1051 qnod
1555 1000 1778 1039 adversarii
1812 999 1891 1040 sibi

138 1054 416 1097 firmissimum
447 1058 625 1111 putarint
657 1063 695 1098 et
725 1057 903 1098 maxime
934 1059 983 1103 ii,
1032 1058 1101 1112 qui
1132 1059 1322 1105 audient,
1356 1061 1599 1111 probarint,
1642 1062 1818 1114 primum
1852 1068 1890 1103 te

139 1117 343 1159 dicturum
374 1120 581 1174 polliceri,
615 1127 684 1160 ant
714 1122 765 1160 ab
797 1118 1022 1160 adversarii
1054 1120 1161 1159 dicto
1193 1122 1377 1160 exordiri
1409 1128 1449 1161 et
1469 1124 1519 1162 ab
1542 1136 1590 1162 eo
1614 1123 1887 1175 potissimum,

139 1180 250 1236 quod
288 1181 357 1223 ille
396 1184 634 1235 nuperrime
677 1183 856 1230 dixerit;
901 1188 972 1223 aut
1011 1182 1269 1223 dubitatione
1300 1185 1384 1231 uti,
1435 1186 1533 1239 quid
1566 1187 1744 1240 primum
1781 1189 1890 1227 dicas

138 1250 208 1284 aut
245 1245 310 1285 cui
345 1246 604 1297 potissimum
644 1245 738 1286 loco
776 1246 1059 1297 respondeas,
1109 1258 1201 1284 cum
1245 1246 1532 1288 admiratione.
1599 1250 1698 1288 Nam
1730 1251 1939 1290 anditor15

139 1320 231 1347 cum
263 1321 380 1355 eum,
427 1321 549 1362 quem
593 1309 820 1348 adversarii
862 1305 1147 1362 perturbatum
1187 1314 1301 1362 putat
1344 1310 1558 1359 oratione,
1603 1311 1715 1351 videt
1755 1313 1889 1352 animo

140 1367 377 1409 firmissimo
419 1375 560 1409 contra
603 1371 741 1410 dicere
781 1376 990 1425 paratum,
1038 1369 1281 1425 plerumque
1317 1385 1360 1413 se
1400 1374 1538 1427 potius
1569 1378 1724 1414 temere
1755 1388 1892 1415 assen-

139 1432 240 1472 sisse
271 1445 394 1486 quam
425 1433 539 1472 illum
572 1433 660 1473 sine
692 1446 814 1473 causa
845 1432 1051 1473 confidere
1082 1431 1318 1474 arbitratur.
1381 1435 1451 1475 Sin
1482 1436 1680 1477 auditoris
1711 1438 1892 1478 studium

139 1493 377 1548 defatigatio
409 1494 657 1535 abalienavit
687 1510 710 1535 a
740 1509 891 1543 causa,
934 1501 972 1536 te
1002 1497 1168 1536 brevius
1187 1528 1198 1544 ,
1246 1510 1367 1551 quam
1401 1503 1564 1552 paratus
1603 1497 1756 1546 fueris,
1802 1513 1890 1539 esse

139 1559 343 1599 dicturum
375 1561 636 1599 commodum
675 1564 735 1599 est
774 1557 988 1613 polliceri;
1036 1572 1121 1598 non
1160 1560 1413 1601 imitaturum
1461 1562 1758 1601 adversarium.
1821 1563 1890 1601 Sin
1906 1576 1941 1601 πο

139 1634 204 1661 res
236 1622 378 1668 dabit,
425 1634 507 1661 non
548 1620 693 1661 inutile
734 1626 796 1661 est
835 1619 885 1660 ab
924 1620 1062 1674 aliqua
1101 1633 1146 1661 re
1176 1636 1284 1661 nova
1313 1628 1382 1662 aut
1410 1622 1581 1663 ridicula
1612 1623 1795 1677 incipere
1823 1630 1893 1665 aut

140 1696 191 1723 ex
221 1688 408 1735 tempore
441 1696 544 1738 quae
576 1690 669 1723 nata
700 1684 776 1731 sit;
810 1684 919 1737 qnod
942 1697 1092 1736 genus,
1128 1683 1322 1738 strepitu,
1357 1684 1679 1735 acclamatione;
1714 1692 1780 1726 aut
1811 1686 1892 1727 iam

137 1750 302 1799 parata,
336 1758 440 1799 qnae
462 1745 525 1785 vel
549 1745 768 1798 apologum
792 1745 855 1786 vel
886 1744 1066 1785 fabulam
1098 1746 1161 1785 vel
1193 1747 1371 1799 aliquam
1403 1748 1611 1787 contineat
1631 1747 1890 1797 irrisionem3

139 1812 233 1853 aut,
283 1805 316 1846 si
349 1807 409 1847 rei
440 1809 616 1861 dignitas
647 1809 801 1848 adimet
839 1808 1004 1848 iocandi
1042 1806 1304 1856 facultatem,
1349 1808 1502 1863 aliquid
1533 1813 1673 1858 triste,
1718 1824 1887 1858 novum,

138 1869 339 1910 horribile
380 1870 514 1909 statim
557 1884 641 1909 non
681 1869 990 1910 incommodum
1021 1875 1083 1910 est
1114 1870 1295 1910 iniicere.
1359 1873 1486 1920 Nam,
1533 1877 1578 1912 ut
1618 1872 1695 1913 cibi
1728 1874 1939 1913 satietaszs

138 1936 179 1972 et
209 1930 416 1972 fastidium
450 1936 520 1971 aut
552 1933 768 1972 subamara
800 1933 938 1986 aliqua
968 1945 1015 1972 re
1044 1932 1254 1972 relevatur
1283 1938 1353 1972 aut
1391 1932 1498 1974 dulci
1545 1934 1784 1988 mitigatur,
1833 1934 1890 1975 sic

139 1994 300 2035 animus
333 1995 519 2035 defessus
550 1994 754 2035 audiendo
787 2000 855 2034 aut
885 1995 1156 2034 admiratione
1189 1995 1414 2048 integratur
1443 2001 1512 2036 aut
1541 1999 1625 2036 risu
1654 2003 1843 2038 novatur.

248 2056 398 2097 XVIII.
432 2059 490 2097 Ac
521 2058 740 2112 separatim
771 2056 964 2112 quidem,
1007 2070 1112 2112 quae
1143 2058 1193 2097 de
1225 2057 1429 2111 principio
1460 2064 1501 2099 et
1531 2058 1581 2099 de
1613 2059 1888 2101 insinuatione

140 2118 314 2160 dicenda
343 2119 613 2166 videbantur,
658 2119 762 2159 haec
799 2118 888 2159 sere
929 2124 1037 2159 sunt.
1097 2121 1214 2160 Nunc
1244 2120 1439 2174 quiddam
1468 2121 1586 2161 brevi
1616 2123 1889 2163 communiter

140 2183 191 2222 de
221 2186 399 2236 utroque
429 2182 766 2234 praecipiendum
797 2182 975 2222 videtur.
1035 2180 1259 2221 Exordium
1293 2181 1587 2223 sententiarum
1619 2190 1659 2224 et
1679 2184 1888 2238 gravitatis
1902 2197 1937 2223 ³0

138 2243 361 2297 plurimum
393 2245 518 2285 debet
545 2245 703 2285 habere
733 2250 774 2286 et
803 2244 972 2285 omnino
1004 2243 1161 2291 omnia,
1193 2257 1298 2298 quae
1328 2246 1533 2299 pertinent
1563 2247 1614 2287 ad
1636 2246 1887 2300 dignitatem,

139 2306 183 2347 in
214 2321 257 2347 se
287 2305 523 2355 continere,
555 2311 778 2362 propterea
808 2308 920 2362 quod
951 2307 993 2347 id
1025 2307 1179 2360 optime
1212 2306 1445 2348 faciendum
1477 2314 1561 2355 est,
1610 2312 1721 2363 quod
1753 2315 1890 2350 orato-

140 2381 226 2409 rem
258 2368 437 2409 auditori
469 2370 648 2409 maxime
680 2370 968 2418 commendat3
1013 2368 1245 2423 splendoris
1277 2375 1318 2410 et
1346 2369 1578 2411 festivitatis
1610 2376 1650 2411 et
1681 2371 1890 2411 concinni-

139 2430 292 2472 tudinis
322 2431 561 2480 minimum,
594 2436 815 2484 propterea
846 2433 957 2486 quod
987 2445 1041 2471 ex
1071 2431 1134 2471 his
1165 2431 1342 2486 suspicio
1376 2434 1576 2487 quaedam
1610 2434 1886 2487 apparationis

140 2500 262 2548 atque
308 2492 556 2535 artificiosae
598 2493 835 2548 diligentiae
889 2492 1096 2543 nascitur;
1155 2507 1260 2548 quae
1304 2496 1480 2536 maxime
1527 2495 1702 2535 orationi
1747 2494 1934 2542 lidem,35

141 2554 299 2597 oratori
329 2555 473 2597 adimit
502 2557 800 2598 auctoritatem.
857 2558 925 2597 26.
970 2555 1077 2598 Vitia
1114 2569 1214 2597 vero
1252 2558 1353 2597 haec
1384 2563 1477 2599 sunt
1508 2559 1734 2598 certissima
1767 2571 1888 2597 exor-

141 2619 302 2659 diorum
321 2649 332 2667 ‚
366 2632 472 2673 quae
503 2633 664 2659 summo
697 2631 824 2674 opere
855 2618 976 2660 vitari
1006 2620 1238 2670 oportebit:
1272 2621 1463 2673 vulgare,
1495 2633 1736 2666 commune,
1775 2633 1886 2659 com-

141 2681 364 2729 mutabile,
396 2682 565 2736 longum
584 2714 594 2731 ,
629 2688 887 2737 separatum,
921 2674 1163 2722 translatum
1182 2712 1193 2729 ‚
1229 2687 1369 2722 contra
1399 2687 1631 2737 praecepta.
1705 2682 1883 2733 Vulgare

143 2748 232 2791 est,
264 2743 375 2797 quod
404 2743 447 2785 in
476 2746 616 2798 plures
647 2759 790 2786 causas
819 2749 956 2800 potest
985 2745 1311 2792 accommodari,
1355 2750 1402 2785 ut
1430 2745 1650 2785 convenire
1680 2744 1880 2783 videatur.

144 2806 400 2854 Commune,
448 2806 559 2862 quod
604 2808 736 2848 nihilo
781 2808 916 2848 minus
958 2807 1001 2846 in
1043 2809 1148 2847 hanc
1192 2820 1314 2860 quam
1353 2807 1395 2846 in
1436 2806 1681 2846 contrariam
1725 2811 1932 2860 partemzm

233 2901 266 2932 3.
293 2900 357 2932 Vv.
384 2910 457 2932 cum
482 2903 614 2935 lenieris
637 2919 650 2924 -
674 2920 687 2926 —
712 2903 831 2935 audiet
858 2903 924 2934 del.
952 2902 1072 2932 Lamb.
1103 2901 1206 2938 San,
1234 2903 1378 2934 seclusit
1406 2902 1484 2932 Ern.
1515 2917 1557 2922 —-
1583 2901 1614 2930 9.
1640 2903 1815 2939 praesenti
1842 2902 1878 2940 P,

144 2946 224 2979 Sch.
253 2948 337 2984 (non
365 2947 518 2986 VART.)
544 2965 588 2972 —-
614 2950 669 2981 12.
696 2950 839 2982 audient
865 2949 912 2980 P:
939 2949 1116 2980 audierint
1140 2948 1273 2979 ARTE.
1296 2963 1334 2970 —
1361 2948 1416 2979 16.
1441 2950 1546 2988 putat
1571 2947 1653 2978 Cod.
1683 2946 1727 2987 (ι’)
1755 2947 1880 2987 Ursini,

144 2995 212 3026 duo
251 2994 462 3026 Lallemandi
499 2996 567 3031 (Ἧι
607 3000 734 3036 putant
769 2995 931 3027 PARTE.
970 3012 1010 3018 —
1053 2995 1108 3026 19.
1145 2994 1347 3035 defetiyatio
1373 2995 1421 3030 T,
1462 2997 1519 3033 qui
1553 2996 1688 3032 saepius
1722 2998 1882 3034 antiquas

143 3042 289 3074 retinuit
313 3030 513 3079 scripturas.
545 3058 580 3064 -
608 3043 820 3074 abalienabit
845 3043 917 3074 ΒΤ.
944 3059 981 3064 -
1008 3041 1066 3072 22.
1093 3043 1259 3081 strepitu,
1288 3041 1536 3072 acclamatione
1562 3040 1716 3072 schedae
1744 3042 1884 3073 Ouden-

145 3089 282 3128 dorpii:
327 3089 489 3128 strepitus
515 3088 722 3122 acclamatio
750 3098 837 3121 corr.
867 3089 995 3121 Cauch.
1013 3113 1022 3126 ‚
1049 3089 1251 3127 strepitum,
1279 3088 1563 3119 acclamationem
1590 3087 1628 3118 E.
1656 3086 1736 3118 Scil.
1763 3089 1885 3128 strepi-

145 3139 199 3166 tus
226 3143 276 3174 pr.
305 3134 330 3165 P
349 3157 358 3171 ‚
385 3136 567 3173 strepitum
592 3136 651 3167 AT
678 3141 711 3168 et
737 3145 823 3168 corr.
852 3136 898 3173 P,
925 3135 1106 3175 strepitum
1133 3139 1193 3165 aut
1220 3136 1247 3165 n
1264 3157 1271 3170 ,
1306 3134 1592 3165 adclamationem
1618 3133 1708 3165 ΛΚΤ
1735 3139 1768 3165 ct
1794 3144 1881 3166 corr.

143 3182 182 3214 Ρ.
211 3180 481 3221 (adclamatione
506 3189 558 3220 pr.
578 3181 630 3221 P.)
653 3198 688 3203 —
716 3183 773 3214 27.
801 3187 990 3214 renovatur
1014 3181 1066 3218 R,
1098 3181 1215 3213 Lami).
1232 3203 1240 3217 ,
1269 3185 1305 3211 ut
1330 3179 1404 3210 Lib.
1432 3180 1465 3215 2,
1491 3177 1528 3218 ἕ.
1556 3179 1614 3211 [49.
1640 3196 1673 3202 —
1702 3180 1757 3211 28.
1787 3187 1817 3212 et
1844 3181 1884 3212 de

143 3229 377 3260 insinuatione
403 3227 542 3259 PART:
571 3233 602 3259 et
626 3229 858 3260 insinuatione
885 3229 954 3260 VE.
983 3245 1021 3249 —
1064 3228 1120 3258 29.
1160 3227 1252 3258 brevi
1277 3227 1500 3257 communiter
1530 3226 1645 3259 PAT:
1682 3227 1827 3258 breviter
1852 3231 1884 3258 et

146 3269 371 3307 communiter
395 3275 466 3306 RE.
506 3290 545 3296 —
588 3275 644 3307 33.
673 3276 888 3307 commendat
913 3274 1058 3306 PART:
1098 3273 1304 3304 commendet
1328 3281 1404 3303 cnm
1431 3271 1503 3303 Eri.
1531 3273 1570 3304 E.
1599 3291 1635 3298 —
1682 3273 1738 3305 37.
1777 3274 1885 3305 vitari

145 3321 190 3356 Ρ,
215 3322 309 3353 Eri.:
337 3322 449 3353 vitare
466 3320 601 3354 ARTE.
624 3338 662 3345 —
691 3321 746 3355 38.
775 3323 942 3354 tralatum
966 3322 1021 3352 hic
1048 3324 1081 3352 et
1106 3319 1193 3351 inira
1206 3319 1247 3350 T.
1273 3335 1310 3342 -
1336 3318 1393 3351 40.
1417 3317 1595 3352 Commune
1620 3320 1762 3353 PART:
1791 3319 1884 3351 Com-

145 3377 246 3401 mune
269 3371 316 3401 est
342 3368 414 3401 VE.
