<?xml version="1.0" encoding="UTF-8"?>
<!DOCTYPE html PUBLIC "-//W3C//DTD XHTML 1.0 Transitional//EN"
    "http://www.w3.org/TR/xhtml1/DTD/xhtml1-transitional.dtd">
<html xmlns="http://www.w3.org/1999/xhtml" xml:lang="en" lang="en">
 <head>
  <title>
</title>
<meta http-equiv="Content-Type" content="text/html;charset=utf-8" />
  <meta name='ocr-system' content='tesseract 3.04.00' />
  <meta name='ocr-capabilities' content='ocr_page ocr_carea ocr_par ocr_line ocrx_word'/>
</head>
<body>
  <div class='ocr_page' id='page_1' title='image "./operaquaesupersu01ciceuoft/operaquaesupersu01ciceuoft_0210.png"; bbox 0 0 2117 3762; ppageno 0'>
   <div class='ocr_carea' id='block_1_1' title="bbox 249 249 1300 298">
    <p class='ocr_par' dir='ltr' id='par_1_1' title="bbox 249 249 1300 298">
     <span class='ocr_line' id='line_1_1' title="bbox 249 249 1300 298; baseline -0.009 0"><span class='ocrx_word' id='word_1_1' title='bbox 249 256 328 298; x_wconf 82' lang='lat'>198</span> <span class='ocrx_word' id='word_1_2' title='bbox 946 251 1016 290; x_wconf 88' lang='lat' dir='ltr'>DE</span> <span class='ocrx_word' id='word_1_3' title='bbox 1053 249 1300 291; x_wconf 87' lang='lat' dir='ltr'>ORATORE</span> 
     </span>
    </p>
   </div>
   <div class='ocr_carea' id='block_1_2' title="bbox 199 353 2013 2971">
    <p class='ocr_par' dir='ltr' id='par_1_2' title="bbox 219 353 2004 906">
     <span class='ocr_line' id='line_1_2' title="bbox 248 353 1998 411; baseline -0.007 -5"><span class='ocrx_word' id='word_1_4' title='bbox 248 364 438 406; x_wconf 87' lang='lat' dir='ltr'>mentiar.</span> <span class='ocrx_word' id='word_1_5' title='bbox 499 363 636 402; x_wconf 82' lang='lat' dir='ltr'>Habet</span> <span class='ocrx_word' id='word_1_6' title='bbox 665 360 774 399; x_wconf 88' lang='lat' dir='ltr'>enim</span> <span class='ocrx_word' id='word_1_7' title='bbox 805 356 1007 411; x_wconf 81' lang='lat' dir='ltr'>quaedam</span> <span class='ocrx_word' id='word_1_8' title='bbox 1038 355 1154 409; x_wconf 90' lang='lat' dir='ltr'><strong>quasi</strong></span> <span class='ocrx_word' id='word_1_9' title='bbox 1184 357 1235 396; x_wconf 91' lang='lat' dir='ltr'>ad</span> <span class='ocrx_word' id='word_1_10' title='bbox 1266 353 1615 395; x_wconf 84' lang='lat' dir='ltr'>commonendum</span> <span class='ocrx_word' id='word_1_11' title='bbox 1648 354 1880 401; x_wconf 88' lang='lat' dir='ltr'>oratorem,</span> <span class='ocrx_word' id='word_1_12' title='bbox 1915 366 1998 407; x_wconf 90' lang='lat' dir='ltr'>quo</span> 
     </span>
     <span class='ocr_line' id='line_1_3' title="bbox 249 413 1997 482; baseline -0.007 -14"><span class='ocrx_word' id='word_1_13' title='bbox 249 425 431 482; x_wconf 91' lang='lat' dir='ltr'>quidque</span> <span class='ocrx_word' id='word_1_14' title='bbox 462 423 614 465; x_wconf 88' lang='lat' dir='ltr'>referat</span> <span class='ocrx_word' id='word_1_15' title='bbox 644 426 684 462; x_wconf 92' lang='lat' dir='ltr'>et</span> <span class='ocrx_word' id='word_1_16' title='bbox 715 432 797 473; x_wconf 94' lang='lat' dir='ltr'>quo</span> <span class='ocrx_word' id='word_1_17' title='bbox 827 417 1013 465; x_wconf 85' lang='lat' dir='ltr'>intuens,</span> <span class='ocrx_word' id='word_1_18' title='bbox 1057 418 1109 457; x_wconf 93' lang='lat' dir='ltr'>ab</span> <span class='ocrx_word' id='word_1_19' title='bbox 1148 430 1222 465; x_wconf 89' lang='lat' dir='ltr'>eo,</span> <span class='ocrx_word' id='word_1_20' title='bbox 1274 419 1552 471; x_wconf 90' lang='lat' dir='ltr'>quodcunque</span> <span class='ocrx_word' id='word_1_21' title='bbox 1593 413 1674 454; x_wconf 90' lang='lat' dir='ltr'>sibi</span> <span class='ocrx_word' id='word_1_22' title='bbox 1712 416 1997 468; x_wconf 84' lang='lat' dir='ltr'>proposuerit,</span> 
     </span>
     <span class='ocr_line' id='line_1_4' title="bbox 248 477 1999 532; baseline -0.007 -2"><span class='ocrx_word' id='word_1_23' title='bbox 248 489 384 530; x_wconf 90' lang='lat' dir='ltr'>minus</span> <span class='ocrx_word' id='word_1_24' title='bbox 414 489 591 528; x_wconf 88' lang='lat' dir='ltr'>aberret.</span> <span class='ocrx_word' id='word_1_25' title='bbox 656 485 749 523; x_wconf 87' lang='grc'><strong>146.</strong></span> <span class='ocrx_word' id='word_1_26' title='bbox 792 483 946 522; x_wconf 89' lang='lat' dir='ltr'>Verum</span> <span class='ocrx_word' id='word_1_27' title='bbox 988 491 1066 532; x_wconf 86' lang='lat' dir='ltr'>ego</span> <span class='ocrx_word' id='word_1_28' title='bbox 1105 480 1207 519; x_wconf 90' lang='lat' dir='ltr'>hanc</span> <span class='ocrx_word' id='word_1_29' title='bbox 1249 479 1331 520; x_wconf 87' lang='lat' dir='ltr'>vim</span> <span class='ocrx_word' id='word_1_30' title='bbox 1361 480 1546 531; x_wconf 76' lang='lat' dir='ltr'>intelligo</span> <span class='ocrx_word' id='word_1_31' title='bbox 1578 489 1669 517; x_wconf 86' lang='lat' dir='ltr'>esse</span> <span class='ocrx_word' id='word_1_32' title='bbox 1699 477 1741 516; x_wconf 90' lang='lat' dir='ltr'>in</span> <span class='ocrx_word' id='word_1_33' title='bbox 1772 480 1999 532; x_wconf 79' lang='lat' dir='ltr'>praeceptis</span> 
     </span>
     <span class='ocr_line' id='line_1_5' title="bbox 251 538 1998 597; baseline -0.007 -5"><span class='ocrx_word' id='word_1_34' title='bbox 251 549 466 597; x_wconf 84' lang='lat' dir='ltr'>omnibus,</span> <span class='ocrx_word' id='word_1_35' title='bbox 513 561 597 587; x_wconf 91' lang='lat' dir='ltr'>non</span> <span class='ocrx_word' id='word_1_36' title='bbox 638 550 682 585; x_wconf 88' lang='lat' dir='ltr'>ut</span> <span class='ocrx_word' id='word_1_37' title='bbox 717 557 765 584; x_wconf 91' lang='lat' dir='ltr'>ea</span> <span class='ocrx_word' id='word_1_38' title='bbox 805 543 935 583; x_wconf 91' lang='lat' dir='ltr'>secuti</span> <span class='ocrx_word' id='word_1_39' title='bbox 973 546 1163 582; x_wconf 91' lang='lat' dir='ltr'>oratores</span> <span class='ocrx_word' id='word_1_40' title='bbox 1211 540 1470 596; x_wconf 77' lang='lat' dir='ltr'>eloquentiae</span> <span class='ocrx_word' id='word_1_41' title='bbox 1509 539 1673 581; x_wconf 88' lang='lat' dir='ltr'>laudem</span> <span class='ocrx_word' id='word_1_42' title='bbox 1716 538 1796 579; x_wconf 90' lang='lat' dir='ltr'>sint</span> <span class='ocrx_word' id='word_1_43' title='bbox 1841 540 1998 592; x_wconf 86' lang='lat' dir='ltr'>adepti,</span> 
     </span>
     <span class='ocr_line' id='line_1_6' title="bbox 219 602 2002 666; baseline -0.007 -12"><span class='ocrx_word' id='word_1_44' title='bbox 219 614 350 660; x_wconf 87' lang='lat' dir='ltr'>⁵sed,</span> <span class='ocrx_word' id='word_1_45' title='bbox 393 624 497 666; x_wconf 89' lang='lat' dir='ltr'>quae</span> <span class='ocrx_word' id='word_1_46' title='bbox 528 622 599 650; x_wconf 89' lang='lat' dir='ltr'>sua</span> <span class='ocrx_word' id='word_1_47' title='bbox 630 611 777 662; x_wconf 87' lang='lat' dir='ltr'>sponte</span> <span class='ocrx_word' id='word_1_48' title='bbox 806 606 997 647; x_wconf 85' lang='lat' dir='ltr'>homines</span> <span class='ocrx_word' id='word_1_49' title='bbox 1028 605 1272 658; x_wconf 85' lang='lat' dir='ltr'>eloquentes</span> <span class='ocrx_word' id='word_1_50' title='bbox 1301 602 1508 651; x_wconf 86' lang='lat' dir='ltr'>facerent,</span> <span class='ocrx_word' id='word_1_51' title='bbox 1549 615 1596 643; x_wconf 87' lang='lat' dir='ltr'>ea</span> <span class='ocrx_word' id='word_1_52' title='bbox 1627 604 1828 656; x_wconf 90' lang='lat' dir='ltr'>quosdam</span> <span class='ocrx_word' id='word_1_53' title='bbox 1859 603 2002 642; x_wconf 91' lang='lat' dir='ltr'>obser-</span> 
     </span>
     <span class='ocr_line' id='line_1_7' title="bbox 249 662 2003 728; baseline -0.007 -12"><span class='ocrx_word' id='word_1_54' title='bbox 249 690 366 717; x_wconf 84' lang='lat' dir='ltr'>vasse</span> <span class='ocrx_word' id='word_1_55' title='bbox 397 679 518 728; x_wconf 91' lang='lat' dir='ltr'>atque</span> <span class='ocrx_word' id='word_1_56' title='bbox 549 672 590 711; x_wconf 88' lang='lat' dir='ltr'>id</span> <span class='ocrx_word' id='word_1_57' title='bbox 621 670 776 723; x_wconf 87' lang='lat' dir='ltr'>egisse;</span> <span class='ocrx_word' id='word_1_58' title='bbox 822 669 880 708; x_wconf 89' lang='lat' dir='ltr'>sic</span> <span class='ocrx_word' id='word_1_59' title='bbox 911 680 1000 707; x_wconf 90' lang='lat' dir='ltr'>esse</span> <span class='ocrx_word' id='word_1_60' title='bbox 1031 680 1115 707; x_wconf 91' lang='lat' dir='ltr'>non</span> <span class='ocrx_word' id='word_1_61' title='bbox 1147 666 1425 720; x_wconf 82' lang='lat' dir='ltr'>eloquentiam</span> <span class='ocrx_word' id='word_1_62' title='bbox 1456 681 1507 706; x_wconf 84' lang='lat' dir='ltr'>ex</span> <span class='ocrx_word' id='word_1_63' title='bbox 1539 664 1740 713; x_wconf 76' lang='lat' dir='ltr'>artificio,</span> <span class='ocrx_word' id='word_1_64' title='bbox 1774 665 1847 704; x_wconf 91' lang='lat' dir='ltr'>sed</span> <span class='ocrx_word' id='word_1_65' title='bbox 1877 662 2003 704; x_wconf 88' lang='lat' dir='ltr'>artifi-</span> 
     </span>
     <span class='ocr_line' id='line_1_8' title="bbox 251 725 2004 787; baseline -0.007 -8"><span class='ocrx_word' id='word_1_66' title='bbox 251 740 359 779; x_wconf 82' lang='lat' dir='ltr'>cium</span> <span class='ocrx_word' id='word_1_67' title='bbox 390 750 442 777; x_wconf 79' lang='lat' dir='ltr'>ex</span> <span class='ocrx_word' id='word_1_68' title='bbox 472 733 712 787; x_wconf 86' lang='lat' dir='ltr'>eloquentia</span> <span class='ocrx_word' id='word_1_69' title='bbox 742 735 909 779; x_wconf 85' lang='lat' dir='ltr'>natum3</span> <span class='ocrx_word' id='word_1_70' title='bbox 953 730 1065 785; x_wconf 91' lang='lat' dir='ltr'>quod</span> <span class='ocrx_word' id='word_1_71' title='bbox 1096 733 1256 775; x_wconf 87' lang='lat' dir='ltr'>tamen,</span> <span class='ocrx_word' id='word_1_72' title='bbox 1287 733 1333 768; x_wconf 89' lang='lat' dir='ltr'>ut</span> <span class='ocrx_word' id='word_1_73' title='bbox 1363 733 1455 768; x_wconf 91' lang='lat' dir='ltr'>ante</span> <span class='ocrx_word' id='word_1_74' title='bbox 1486 727 1594 776; x_wconf 83' lang='lat' dir='ltr'>dixi,</span> <span class='ocrx_word' id='word_1_75' title='bbox 1626 742 1710 768; x_wconf 91' lang='lat' dir='ltr'>non</span> <span class='ocrx_word' id='word_1_76' title='bbox 1743 725 1890 776; x_wconf 84' lang='lat' dir='ltr'>eiici03</span> <span class='ocrx_word' id='word_1_77' title='bbox 1942 732 2004 767; x_wconf 89' lang='lat' dir='ltr'>est</span> 
     </span>
     <span class='ocr_line' id='line_1_9' title="bbox 251 789 2004 846; baseline -0.006 -6"><span class='ocrx_word' id='word_1_78' title='bbox 251 801 386 846; x_wconf 89' lang='lat' dir='ltr'>enim,</span> <span class='ocrx_word' id='word_1_79' title='bbox 430 796 589 837; x_wconf 91' lang='lat' dir='ltr'>etiamsi</span> <span class='ocrx_word' id='word_1_80' title='bbox 620 795 755 834; x_wconf 90' lang='lat' dir='ltr'>minus</span> <span class='ocrx_word' id='word_1_81' title='bbox 785 793 1067 834; x_wconf 88' lang='lat' dir='ltr'>necessarium</span> <span class='ocrx_word' id='word_1_82' title='bbox 1098 790 1150 831; x_wconf 91' lang='lat' dir='ltr'>ad</span> <span class='ocrx_word' id='word_1_83' title='bbox 1180 792 1287 831; x_wconf 90' lang='lat' dir='ltr'>bene</span> <span class='ocrx_word' id='word_1_84' title='bbox 1319 789 1559 838; x_wconf 87' lang='lat' dir='ltr'>dicendum,</span> <span class='ocrx_word' id='word_1_85' title='bbox 1599 796 1737 831; x_wconf 88' lang='lat' dir='ltr'>tamen</span> <span class='ocrx_word' id='word_1_86' title='bbox 1769 791 1819 830; x_wconf 88' lang='lat' dir='ltr'>ad</span> <span class='ocrx_word' id='word_1_87' title='bbox 1851 802 2004 843; x_wconf 85' lang='lat' dir='ltr'>cogno-</span> 
     </span>
     <span class='ocr_line' id='line_1_10' title="bbox 251 850 2003 906; baseline -0.005 -5"><span class='ocrx_word' id='word_1_88' title='bbox 251 863 447 902; x_wconf 88' lang='lat' dir='ltr'>scendum</span> <span class='ocrx_word' id='word_1_89' title='bbox 479 872 561 898; x_wconf 90' lang='lat' dir='ltr'>non</span> <span class='ocrx_word' id='word_1_90' title='bbox 591 856 808 897; x_wconf 89' lang='lat' dir='ltr'>illiberale.</span> <span class='ocrx_word' id='word_1_91' title='bbox 871 857 961 895; x_wconf 92' lang='grc'><strong>147.</strong></span> <span class='ocrx_word' id='word_1_92' title='bbox 1005 856 1056 894; x_wconf 88' lang='lat' dir='ltr'>Et</span> <span class='ocrx_word' id='word_1_93' title='bbox 1087 850 1330 893; x_wconf 85' lang='lat' dir='ltr'>exercitatio</span> <span class='ocrx_word' id='word_1_94' title='bbox 1360 851 1560 906; x_wconf 85' lang='lat' dir='ltr'>quaedam</span> <span class='ocrx_word' id='word_1_95' title='bbox 1592 853 1854 905; x_wconf 85' lang='lat' dir='ltr'>suscipienda</span> <span class='ocrx_word' id='word_1_96' title='bbox 1883 852 2003 893; x_wconf 91' lang='lat' dir='ltr'>vobis</span> 
     </span>
    </p>

    <p class='ocr_par' dir='ltr' id='par_1_3' title="bbox 200 913 2007 1227">
     <span class='ocr_line' id='line_1_11' title="bbox 200 913 2003 976; baseline -0.005 -12"><span class='ocrx_word' id='word_1_97' title='bbox 200 935 236 960; x_wconf 78' lang='lat'>10</span> <span class='ocrx_word' id='word_1_98' title='bbox 252 929 331 972; x_wconf 90' lang='lat' dir='ltr'>est;</span> <span class='ocrx_word' id='word_1_99' title='bbox 378 933 629 976; x_wconf 87' lang='lat' dir='ltr'>quamquam</span> <span class='ocrx_word' id='word_1_100' title='bbox 658 932 733 960; x_wconf 88' lang='lat' dir='ltr'>vos</span> <span class='ocrx_word' id='word_1_101' title='bbox 764 919 932 972; x_wconf 87' lang='lat' dir='ltr'>quidem</span> <span class='ocrx_word' id='word_1_102' title='bbox 962 914 1206 971; x_wconf 91' lang='lat' dir='ltr'>iampridem</span> <span class='ocrx_word' id='word_1_103' title='bbox 1239 913 1334 954; x_wconf 89' lang='lat' dir='ltr'>estis</span> <span class='ocrx_word' id='word_1_104' title='bbox 1366 915 1407 953; x_wconf 92' lang='lat' dir='ltr'>in</span> <span class='ocrx_word' id='word_1_105' title='bbox 1438 928 1581 963; x_wconf 88' lang='lat' dir='ltr'>cursu;</span> <span class='ocrx_word' id='word_1_106' title='bbox 1630 917 1701 955; x_wconf 89' lang='lat' dir='ltr'>sed</span> <span class='ocrx_word' id='word_1_107' title='bbox 1734 914 1808 963; x_wconf 89' lang='lat' dir='ltr'>iis,</span> <span class='ocrx_word' id='word_1_108' title='bbox 1841 915 1911 969; x_wconf 90' lang='lat' dir='ltr'>qui</span> <span class='ocrx_word' id='word_1_109' title='bbox 1941 915 2003 954; x_wconf 92' lang='lat' dir='ltr'>in-</span> 
     </span>
     <span class='ocr_line' id='line_1_12' title="bbox 250 976 2003 1039; baseline -0.005 -13"><span class='ocrx_word' id='word_1_110' title='bbox 250 985 494 1039; x_wconf 88' lang='lat' dir='ltr'>grediuntur</span> <span class='ocrx_word' id='word_1_111' title='bbox 530 984 581 1023; x_wconf 91' lang='lat' dir='ltr'>ad</span> <span class='ocrx_word' id='word_1_112' title='bbox 621 980 796 1023; x_wconf 87' lang='lat' dir='ltr'>stadium</span> <span class='ocrx_word' id='word_1_113' title='bbox 837 982 991 1036; x_wconf 88' lang='lat' dir='ltr'>quique</span> <span class='ocrx_word' id='word_1_114' title='bbox 1028 992 1093 1026; x_wconf 89' lang='lat' dir='ltr'>ea,</span> <span class='ocrx_word' id='word_1_115' title='bbox 1150 990 1257 1032; x_wconf 87' lang='lat' dir='ltr'>quae</span> <span class='ocrx_word' id='word_1_116' title='bbox 1289 977 1448 1029; x_wconf 81' lang='lat' dir='ltr'>agenda</span> <span class='ocrx_word' id='word_1_117' title='bbox 1478 982 1572 1016; x_wconf 87' lang='lat' dir='ltr'>sunt</span> <span class='ocrx_word' id='word_1_118' title='bbox 1599 976 1641 1018; x_wconf 91' lang='lat' dir='ltr'>in</span> <span class='ocrx_word' id='word_1_119' title='bbox 1670 976 1763 1018; x_wconf 85' lang='lat' dir='ltr'>foro</span> <span class='ocrx_word' id='word_1_120' title='bbox 1795 983 2003 1032; x_wconf 87' lang='lat' dir='ltr'>tamquam</span> 
     </span>
     <span class='ocr_line' id='line_1_13' title="bbox 250 1038 2004 1101; baseline -0.004 -14"><span class='ocrx_word' id='word_1_121' title='bbox 250 1049 291 1088; x_wconf 92' lang='lat' dir='ltr'>in</span> <span class='ocrx_word' id='word_1_122' title='bbox 330 1047 440 1094; x_wconf 91' lang='lat' dir='ltr'>acie,</span> <span class='ocrx_word' id='word_1_123' title='bbox 488 1050 662 1101; x_wconf 89' lang='lat' dir='ltr'>possunt</span> <span class='ocrx_word' id='word_1_124' title='bbox 699 1044 934 1085; x_wconf 85' lang='lat' dir='ltr'>etiamnunc</span> <span class='ocrx_word' id='word_1_125' title='bbox 976 1040 1275 1083; x_wconf 82' lang='lat' dir='ltr'>exercitatione</span> <span class='ocrx_word' id='word_1_126' title='bbox 1317 1038 1434 1093; x_wconf 85' lang='lat' dir='ltr'>quasi</span> <span class='ocrx_word' id='word_1_127' title='bbox 1474 1038 1630 1079; x_wconf 89' lang='lat' dir='ltr'>ludicra</span> <span class='ocrx_word' id='word_1_128' title='bbox 1666 1041 1927 1093; x_wconf 88' lang='lat' dir='ltr'>praediscere</span> <span class='ocrx_word' id='word_1_129' title='bbox 1958 1053 2004 1080; x_wconf 87' lang='lat' dir='ltr'>ao</span> 
     </span>
     <span class='ocr_line' id='line_1_14' title="bbox 249 1100 2005 1161; baseline -0.005 -11"><span class='ocrx_word' id='word_1_130' title='bbox 249 1110 455 1150; x_wconf 88' lang='lat' dir='ltr'>meditari.</span> <span class='ocrx_word' id='word_1_131' title='bbox 520 1110 611 1150; x_wconf 80' lang='grc'><strong>148.</strong></span> <span class='ocrx_word' id='word_1_132' title='bbox 644 1109 760 1148; x_wconf 90' lang='lat' dir='ltr'>Hanc</span> <span class='ocrx_word' id='word_1_133' title='bbox 790 1108 946 1161; x_wconf 87' lang='lat' dir='ltr'>ipsam,</span> <span class='ocrx_word' id='word_1_134' title='bbox 979 1102 1112 1159; x_wconf 89' lang='lat' dir='ltr'>inquit</span> <span class='ocrx_word' id='word_1_135' title='bbox 1143 1100 1373 1155; x_wconf 83' lang='lat' dir='ltr'>Sulpicius,</span> <span class='ocrx_word' id='word_1_136' title='bbox 1416 1114 1540 1142; x_wconf 91' lang='lat' dir='ltr'>nosse</span> <span class='ocrx_word' id='word_1_137' title='bbox 1570 1101 1780 1152; x_wconf 85' lang='lat' dir='ltr'>volumus;</span> <span class='ocrx_word' id='word_1_138' title='bbox 1826 1109 2005 1143; x_wconf 87' lang='lat' dir='ltr'>attamen</span> 
     </span>
     <span class='ocr_line' id='line_1_15' title="bbox 250 1162 2007 1227; baseline -0.005 -14"><span class='ocrx_word' id='word_1_139' title='bbox 250 1172 347 1220; x_wconf 88' lang='lat' dir='ltr'>ista,</span> <span class='ocrx_word' id='word_1_140' title='bbox 380 1185 484 1227; x_wconf 91' lang='lat' dir='ltr'>quae</span> <span class='ocrx_word' id='word_1_141' title='bbox 515 1172 588 1211; x_wconf 86' lang='lat' dir='ltr'>abs</span> <span class='ocrx_word' id='word_1_142' title='bbox 618 1175 658 1211; x_wconf 89' lang='lat' dir='ltr'>te</span> <span class='ocrx_word' id='word_1_143' title='bbox 689 1168 872 1210; x_wconf 88' lang='lat' dir='ltr'>breviter</span> <span class='ocrx_word' id='word_1_144' title='bbox 903 1170 953 1209; x_wconf 90' lang='lat' dir='ltr'>de</span> <span class='ocrx_word' id='word_1_145' title='bbox 984 1172 1072 1207; x_wconf 91' lang='lat' dir='ltr'>arte</span> <span class='ocrx_word' id='word_1_146' title='bbox 1104 1167 1279 1206; x_wconf 91' lang='lat' dir='ltr'>decursa</span> <span class='ocrx_word' id='word_1_147' title='bbox 1305 1168 1421 1211; x_wconf 87' lang='lat' dir='ltr'>sunt,</span> <span class='ocrx_word' id='word_1_148' title='bbox 1454 1162 1595 1204; x_wconf 90' lang='lat' dir='ltr'>audire</span> <span class='ocrx_word' id='word_1_149' title='bbox 1617 1163 1828 1218; x_wconf 90' lang='lat' dir='ltr'>cupimus,</span> <span class='ocrx_word' id='word_1_150' title='bbox 1863 1179 2007 1221; x_wconf 90' lang='lat' dir='ltr'>quam-</span> 
     </span>
    </p>

    <p class='ocr_par' dir='ltr' id='par_1_4' title="bbox 199 1225 2007 1350">
     <span class='ocr_line' id='line_1_16' title="bbox 199 1225 2007 1290; baseline -0.004 -14"><span class='ocrx_word' id='word_1_151' title='bbox 199 1251 236 1276; x_wconf 81' lang='lat'>15</span> <span class='ocrx_word' id='word_1_152' title='bbox 252 1248 374 1290; x_wconf 91' lang='lat' dir='ltr'>quam</span> <span class='ocrx_word' id='word_1_153' title='bbox 405 1239 499 1275; x_wconf 91' lang='lat' dir='ltr'>sunt</span> <span class='ocrx_word' id='word_1_154' title='bbox 528 1233 650 1274; x_wconf 89' lang='lat' dir='ltr'>nohis</span> <span class='ocrx_word' id='word_1_155' title='bbox 681 1244 847 1287; x_wconf 89' lang='lat' dir='ltr'>quoque</span> <span class='ocrx_word' id='word_1_156' title='bbox 877 1244 962 1270; x_wconf 88' lang='lat' dir='ltr'>non</span> <span class='ocrx_word' id='word_1_157' title='bbox 994 1226 1192 1269; x_wconf 83' lang='lat' dir='ltr'>inaudita.</span> <span class='ocrx_word' id='word_1_158' title='bbox 1253 1229 1409 1269; x_wconf 87' lang='lat' dir='ltr'>Verum</span> <span class='ocrx_word' id='word_1_159' title='bbox 1440 1225 1509 1266; x_wconf 91' lang='lat' dir='ltr'>illa</span> <span class='ocrx_word' id='word_1_160' title='bbox 1530 1240 1651 1275; x_wconf 83' lang='lat' dir='ltr'>mox3</span> <span class='ocrx_word' id='word_1_161' title='bbox 1685 1240 1815 1276; x_wconf 88' lang='lat' dir='ltr'>nunc,</span> <span class='ocrx_word' id='word_1_162' title='bbox 1848 1230 1898 1269; x_wconf 92' lang='lat' dir='ltr'>de</span> <span class='ocrx_word' id='word_1_163' title='bbox 1919 1230 2007 1282; x_wconf 87' lang='lat' dir='ltr'>ipsa</span> 
     </span>
     <span class='ocr_line' id='line_1_17' title="bbox 251 1292 1173 1350; baseline -0.011 -10"><span class='ocrx_word' id='word_1_164' title='bbox 251 1298 549 1340; x_wconf 82' lang='lat' dir='ltr'>exercitatione</span> <span class='ocrx_word' id='word_1_165' title='bbox 580 1296 679 1350; x_wconf 90' lang='lat' dir='ltr'>quid</span> <span class='ocrx_word' id='word_1_166' title='bbox 711 1294 886 1341; x_wconf 87' lang='lat' dir='ltr'>sentias,</span> <span class='ocrx_word' id='word_1_167' title='bbox 920 1292 1173 1347; x_wconf 90' lang='lat' dir='ltr'>quaerimus.</span> 
     </span>
    </p>

    <p class='ocr_par' dir='ltr' id='par_1_5' title="bbox 252 1350 2008 1537">
     <span class='ocr_line' id='line_1_18' title="bbox 363 1350 2006 1412; baseline -0.004 -11"><span class='ocrx_word' id='word_1_168' title='bbox 363 1361 559 1401; x_wconf 86' lang='lat' dir='ltr'>XXXIII.</span> <span class='ocrx_word' id='word_1_169' title='bbox 595 1359 688 1398; x_wconf 87' lang='grc'><strong>149.</strong></span> <span class='ocrx_word' id='word_1_170' title='bbox 721 1357 926 1412; x_wconf 90' lang='lat' dir='ltr'>Equidem</span> <span class='ocrx_word' id='word_1_171' title='bbox 956 1356 1092 1410; x_wconf 88' lang='lat' dir='ltr'>probo</span> <span class='ocrx_word' id='word_1_172' title='bbox 1122 1354 1220 1401; x_wconf 86' lang='lat' dir='ltr'>ista,</span> <span class='ocrx_word' id='word_1_173' title='bbox 1256 1353 1426 1393; x_wconf 89' lang='lat' dir='ltr'>Crassus</span> <span class='ocrx_word' id='word_1_174' title='bbox 1447 1350 1598 1407; x_wconf 90' lang='lat' dir='ltr'>inquit,</span> <span class='ocrx_word' id='word_1_175' title='bbox 1631 1365 1737 1407; x_wconf 90' lang='lat' dir='ltr'>quae</span> <span class='ocrx_word' id='word_1_176' title='bbox 1767 1366 1841 1393; x_wconf 89' lang='lat' dir='ltr'>vos</span> <span class='ocrx_word' id='word_1_177' title='bbox 1870 1353 2006 1395; x_wconf 86' lang='lat' dir='ltr'>facere</span> 
     </span>
     <span class='ocr_line' id='line_1_19' title="bbox 252 1414 2004 1474; baseline -0.005 -9"><span class='ocrx_word' id='word_1_178' title='bbox 252 1423 415 1471; x_wconf 91' lang='lat' dir='ltr'>soletis,</span> <span class='ocrx_word' id='word_1_179' title='bbox 446 1427 510 1469; x_wconf 90' lang='lat' dir='ltr'>ut,</span> <span class='ocrx_word' id='word_1_180' title='bbox 543 1435 666 1462; x_wconf 90' lang='lat' dir='ltr'>causa</span> <span class='ocrx_word' id='word_1_181' title='bbox 696 1420 832 1474; x_wconf 90' lang='lat' dir='ltr'>aliqua</span> <span class='ocrx_word' id='word_1_182' title='bbox 854 1419 989 1474; x_wconf 90' lang='lat' dir='ltr'>posita</span> <span class='ocrx_word' id='word_1_183' title='bbox 1012 1415 1217 1458; x_wconf 88' lang='lat' dir='ltr'>consimili</span> <span class='ocrx_word' id='word_1_184' title='bbox 1239 1428 1453 1455; x_wconf 89' lang='lat' dir='ltr'>causarum</span> <span class='ocrx_word' id='word_1_185' title='bbox 1477 1428 1621 1455; x_wconf 90' lang='lat' dir='ltr'>earum</span> <span class='ocrx_word' id='word_1_186' title='bbox 1636 1445 1646 1463; x_wconf 89' lang='lat'>,</span> <span class='ocrx_word' id='word_1_187' title='bbox 1681 1428 1786 1469; x_wconf 90' lang='lat' dir='ltr'>quae</span> <span class='ocrx_word' id='word_1_188' title='bbox 1807 1414 1848 1456; x_wconf 94' lang='lat' dir='ltr'>in</span> <span class='ocrx_word' id='word_1_189' title='bbox 1870 1414 2004 1457; x_wconf 91' lang='lat' dir='ltr'>forum</span> 
     </span>
     <span class='ocr_line' id='line_1_20' title="bbox 253 1477 2008 1537; baseline -0.005 -10"><span class='ocrx_word' id='word_1_190' title='bbox 253 1486 520 1531; x_wconf 86' lang='lat' dir='ltr'>deferuntur,</span> <span class='ocrx_word' id='word_1_191' title='bbox 567 1483 710 1524; x_wconf 87' lang='lat' dir='ltr'>dicatis</span> <span class='ocrx_word' id='word_1_192' title='bbox 742 1496 863 1537; x_wconf 87' lang='lat' dir='ltr'>quam</span> <span class='ocrx_word' id='word_1_193' title='bbox 896 1481 1077 1521; x_wconf 80' lang='lat' dir='ltr'>maxime</span> <span class='ocrx_word' id='word_1_194' title='bbox 1107 1477 1159 1519; x_wconf 91' lang='lat' dir='ltr'>ad</span> <span class='ocrx_word' id='word_1_195' title='bbox 1189 1477 1404 1518; x_wconf 88' lang='lat' dir='ltr'>veritatem</span> <span class='ocrx_word' id='word_1_196' title='bbox 1435 1478 1768 1526; x_wconf 79' lang='lat' dir='ltr'>accommodate3</span> <span class='ocrx_word' id='word_1_197' title='bbox 1818 1480 1889 1519; x_wconf 89' lang='lat' dir='ltr'>sed</span> <span class='ocrx_word' id='word_1_198' title='bbox 1918 1480 2008 1533; x_wconf 89' lang='lat' dir='ltr'>ple-</span> 
     </span>
    </p>

    <p class='ocr_par' dir='ltr' id='par_1_6' title="bbox 202 1538 2011 1857">
     <span class='ocr_line' id='line_1_21' title="bbox 202 1538 2008 1605; baseline -0.003 -18"><span class='ocrx_word' id='word_1_199' title='bbox 202 1564 238 1588; x_wconf 87' lang='lat'>20</span> <span class='ocrx_word' id='word_1_200' title='bbox 253 1551 370 1605; x_wconf 91' lang='lat' dir='ltr'>rique</span> <span class='ocrx_word' id='word_1_201' title='bbox 401 1548 442 1589; x_wconf 89' lang='lat' dir='ltr'>in</span> <span class='ocrx_word' id='word_1_202' title='bbox 471 1549 552 1588; x_wconf 91' lang='lat' dir='ltr'>hoc</span> <span class='ocrx_word' id='word_1_203' title='bbox 583 1559 729 1587; x_wconf 88' lang='lat' dir='ltr'>vocem</span> <span class='ocrx_word' id='word_1_204' title='bbox 769 1546 892 1585; x_wconf 90' lang='lat' dir='ltr'>modo</span> <span class='ocrx_word' id='word_1_205' title='bbox 938 1542 1088 1598; x_wconf 90' lang='lat' dir='ltr'>(neque</span> <span class='ocrx_word' id='word_1_206' title='bbox 1118 1555 1208 1582; x_wconf 87' lang='lat' dir='ltr'>eam</span> <span class='ocrx_word' id='word_1_207' title='bbox 1240 1538 1430 1593; x_wconf 85' lang='lat' dir='ltr'>scienter)</span> <span class='ocrx_word' id='word_1_208' title='bbox 1476 1546 1516 1580; x_wconf 89' lang='lat' dir='ltr'>et</span> <span class='ocrx_word' id='word_1_209' title='bbox 1546 1541 1655 1580; x_wconf 89' lang='lat' dir='ltr'>vires</span> <span class='ocrx_word' id='word_1_210' title='bbox 1687 1547 1884 1582; x_wconf 88' lang='lat' dir='ltr'>exercent</span> <span class='ocrx_word' id='word_1_211' title='bbox 1915 1555 2008 1582; x_wconf 90' lang='lat' dir='ltr'>suas</span> 
     </span>
     <span class='ocr_line' id='line_1_22' title="bbox 253 1601 2009 1664; baseline -0.005 -11"><span class='ocrx_word' id='word_1_212' title='bbox 253 1618 294 1654; x_wconf 90' lang='lat' dir='ltr'>et</span> <span class='ocrx_word' id='word_1_213' title='bbox 324 1612 487 1664; x_wconf 87' lang='lat' dir='ltr'>linguae</span> <span class='ocrx_word' id='word_1_214' title='bbox 521 1608 772 1650; x_wconf 88' lang='lat' dir='ltr'>celeritatem</span> <span class='ocrx_word' id='word_1_215' title='bbox 803 1606 976 1647; x_wconf 87' lang='lat' dir='ltr'>incitant</span> <span class='ocrx_word' id='word_1_216' title='bbox 1011 1602 1319 1657; x_wconf 75' lang='lat' dir='ltr'>verborumque</span> <span class='ocrx_word' id='word_1_217' title='bbox 1360 1601 1593 1656; x_wconf 84' lang='lat' dir='ltr'>frequentia</span> <span class='ocrx_word' id='word_1_218' title='bbox 1631 1603 1901 1644; x_wconf 85' lang='lat' dir='ltr'>delectantur.</span> <span class='ocrx_word' id='word_1_219' title='bbox 1962 1606 2009 1645; x_wconf 90' lang='lat' dir='ltr'>ln</span> 
     </span>
     <span class='ocr_line' id='line_1_23' title="bbox 254 1664 2009 1730; baseline -0.005 -15"><span class='ocrx_word' id='word_1_220' title='bbox 254 1689 335 1730; x_wconf 92' lang='lat' dir='ltr'>quo</span> <span class='ocrx_word' id='word_1_221' title='bbox 372 1673 473 1715; x_wconf 88' lang='lat' dir='ltr'>fallit</span> <span class='ocrx_word' id='word_1_222' title='bbox 512 1686 607 1720; x_wconf 87' lang='lat' dir='ltr'>eos,</span> <span class='ocrx_word' id='word_1_223' title='bbox 657 1669 767 1724; x_wconf 88' lang='lat' dir='ltr'>quod</span> <span class='ocrx_word' id='word_1_224' title='bbox 810 1668 1032 1710; x_wconf 89' lang='lat' dir='ltr'>audierunt</span> <span class='ocrx_word' id='word_1_225' title='bbox 1075 1665 1249 1707; x_wconf 87' lang='lat' dir='ltr'>dicendo</span> <span class='ocrx_word' id='word_1_226' title='bbox 1291 1666 1501 1711; x_wconf 80' lang='lat' dir='ltr'>homines,</span> <span class='ocrx_word' id='word_1_227' title='bbox 1547 1671 1591 1705; x_wconf 91' lang='lat' dir='ltr'>ut</span> <span class='ocrx_word' id='word_1_228' title='bbox 1631 1664 1788 1713; x_wconf 85' lang='lat' dir='ltr'>dicant,</span> <span class='ocrx_word' id='word_1_229' title='bbox 1842 1664 2009 1706; x_wconf 88' lang='lat' dir='ltr'>efficere</span> 
     </span>
     <span class='ocr_line' id='line_1_24' title="bbox 253 1727 2010 1782; baseline -0.006 -3"><span class='ocrx_word' id='word_1_230' title='bbox 253 1741 407 1780; x_wconf 90' lang='lat' dir='ltr'>solere.</span> <span class='ocrx_word' id='word_1_231' title='bbox 473 1737 567 1776; x_wconf 84' lang='lat'>150.</span> <span class='ocrx_word' id='word_1_232' title='bbox 613 1737 720 1776; x_wconf 86' lang='lat' dir='ltr'>Vere</span> <span class='ocrx_word' id='word_1_233' title='bbox 752 1732 861 1774; x_wconf 87' lang='lat' dir='ltr'>enim</span> <span class='ocrx_word' id='word_1_234' title='bbox 893 1733 1016 1772; x_wconf 88' lang='lat' dir='ltr'>etiam</span> <span class='ocrx_word' id='word_1_235' title='bbox 1046 1729 1148 1770; x_wconf 92' lang='lat' dir='ltr'>illud</span> <span class='ocrx_word' id='word_1_236' title='bbox 1181 1727 1354 1775; x_wconf 87' lang='lat' dir='ltr'>dicitur,</span> <span class='ocrx_word' id='word_1_237' title='bbox 1407 1741 1602 1782; x_wconf 80' lang='lat' dir='ltr'>perverse</span> <span class='ocrx_word' id='word_1_238' title='bbox 1641 1727 1781 1769; x_wconf 89' lang='lat' dir='ltr'>dicere</span> <span class='ocrx_word' id='word_1_239' title='bbox 1820 1729 2010 1769; x_wconf 91' lang='lat' dir='ltr'>homines</span> 
     </span>
     <span class='ocr_line' id='line_1_25' title="bbox 252 1790 2011 1857; baseline -0.005 -16"><span class='ocrx_word' id='word_1_240' title='bbox 252 1814 450 1857; x_wconf 86' lang='lat' dir='ltr'>perverse</span> <span class='ocrx_word' id='word_1_241' title='bbox 495 1797 673 1838; x_wconf 87' lang='lat' dir='ltr'>dicendo</span> <span class='ocrx_word' id='word_1_242' title='bbox 712 1795 907 1836; x_wconf 85' lang='lat' dir='ltr'>facillime</span> <span class='ocrx_word' id='word_1_243' title='bbox 947 1793 1158 1847; x_wconf 85' lang='lat' dir='ltr'>consequi.</span> <span class='ocrx_word' id='word_1_244' title='bbox 1220 1792 1502 1839; x_wconf 87' lang='lat' dir='ltr'>Quamobrem</span> <span class='ocrx_word' id='word_1_245' title='bbox 1532 1790 1574 1830; x_wconf 90' lang='lat' dir='ltr'>in</span> <span class='ocrx_word' id='word_1_246' title='bbox 1604 1791 1692 1831; x_wconf 88' lang='lat' dir='ltr'>istis</span> <span class='ocrx_word' id='word_1_247' title='bbox 1722 1790 1821 1845; x_wconf 90' lang='lat' dir='ltr'>ipsis</span> <span class='ocrx_word' id='word_1_248' title='bbox 1852 1791 2011 1832; x_wconf 90' lang='lat' dir='ltr'>exerci-</span> 
     </span>
    </p>

    <p class='ocr_par' dir='ltr' id='par_1_7' title="bbox 203 1851 2013 2784">
     <span class='ocr_line' id='line_1_26' title="bbox 203 1851 2007 1909; baseline -0.007 -4"><span class='ocrx_word' id='word_1_249' title='bbox 203 1862 496 1909; x_wconf 73' lang='lat' dir='ltr'>2⁵tati0nibus‚</span> <span class='ocrx_word' id='word_1_250' title='bbox 544 1859 619 1901; x_wconf 89' lang='lat' dir='ltr'>etsi</span> <span class='ocrx_word' id='word_1_251' title='bbox 649 1860 750 1900; x_wconf 92' lang='lat' dir='ltr'>utile</span> <span class='ocrx_word' id='word_1_252' title='bbox 783 1864 844 1899; x_wconf 88' lang='lat' dir='ltr'>est</span> <span class='ocrx_word' id='word_1_253' title='bbox 875 1857 998 1898; x_wconf 87' lang='lat' dir='ltr'>etiam</span> <span class='ocrx_word' id='word_1_254' title='bbox 1028 1856 1165 1896; x_wconf 88' lang='lat' dir='ltr'>subito</span> <span class='ocrx_word' id='word_1_255' title='bbox 1199 1866 1321 1907; x_wconf 84' lang='lat' dir='ltr'>saepe</span> <span class='ocrx_word' id='word_1_256' title='bbox 1352 1851 1511 1899; x_wconf 84' lang='lat' dir='ltr'>dicere,</span> <span class='ocrx_word' id='word_1_257' title='bbox 1543 1857 1679 1892; x_wconf 88' lang='lat' dir='ltr'>tamen</span> <span class='ocrx_word' id='word_1_258' title='bbox 1710 1851 1812 1893; x_wconf 91' lang='lat' dir='ltr'>illud</span> <span class='ocrx_word' id='word_1_259' title='bbox 1842 1852 2007 1900; x_wconf 89' lang='lat' dir='ltr'>utilius,</span> 
     </span>
     <span class='ocr_line' id='line_1_27' title="bbox 253 1913 2011 1980; baseline -0.006 -12"><span class='ocrx_word' id='word_1_260' title='bbox 253 1931 417 1980; x_wconf 84' lang='lat' dir='ltr'>sumpto</span> <span class='ocrx_word' id='word_1_261' title='bbox 463 1925 595 1977; x_wconf 88' lang='lat' dir='ltr'>spatio</span> <span class='ocrx_word' id='word_1_262' title='bbox 637 1924 688 1963; x_wconf 92' lang='lat' dir='ltr'>ad</span> <span class='ocrx_word' id='word_1_263' title='bbox 726 1919 989 1975; x_wconf 83' lang='lat' dir='ltr'>cogitandum</span> <span class='ocrx_word' id='word_1_264' title='bbox 1029 1918 1211 1972; x_wconf 88' lang='lat' dir='ltr'>paratius</span> <span class='ocrx_word' id='word_1_265' title='bbox 1254 1921 1377 1968; x_wconf 88' lang='lat' dir='ltr'>atque</span> <span class='ocrx_word' id='word_1_266' title='bbox 1408 1914 1638 1955; x_wconf 88' lang='lat' dir='ltr'>accuratius</span> <span class='ocrx_word' id='word_1_267' title='bbox 1669 1913 1820 1957; x_wconf 86' lang='lat' dir='ltr'>dicere.</span> <span class='ocrx_word' id='word_1_268' title='bbox 1881 1915 2011 1970; x_wconf 90' lang='lat' dir='ltr'>Caput</span> 
     </span>
     <span class='ocr_line' id='line_1_28' title="bbox 253 1976 2010 2040; baseline -0.006 -11"><span class='ocrx_word' id='word_1_269' title='bbox 253 1994 390 2029; x_wconf 88' lang='lat' dir='ltr'>autem</span> <span class='ocrx_word' id='word_1_270' title='bbox 431 1992 517 2034; x_wconf 86' lang='lat' dir='ltr'>est,</span> <span class='ocrx_word' id='word_1_271' title='bbox 571 1986 682 2040; x_wconf 92' lang='lat' dir='ltr'>quod</span> <span class='ocrx_word' id='word_1_272' title='bbox 725 1982 782 2036; x_wconf 88' lang='lat' dir='ltr'>(ut</span> <span class='ocrx_word' id='word_1_273' title='bbox 818 1997 915 2024; x_wconf 87' lang='lat' dir='ltr'>vere</span> <span class='ocrx_word' id='word_1_274' title='bbox 955 1980 1101 2033; x_wconf 87' lang='lat' dir='ltr'>dicam)</span> <span class='ocrx_word' id='word_1_275' title='bbox 1149 1978 1320 2019; x_wconf 85' lang='lat' dir='ltr'>minime</span> <span class='ocrx_word' id='word_1_276' title='bbox 1358 1976 1553 2017; x_wconf 88' lang='lat' dir='ltr'>facimus:</span> <span class='ocrx_word' id='word_1_277' title='bbox 1607 1979 1684 2025; x_wconf 91' lang='lat' dir='ltr'>(est</span> <span class='ocrx_word' id='word_1_278' title='bbox 1724 1977 1831 2017; x_wconf 88' lang='lat' dir='ltr'>enim</span> <span class='ocrx_word' id='word_1_279' title='bbox 1873 1978 2010 2032; x_wconf 87' lang='lat' dir='ltr'>magni</span> 
     </span>
     <span class='ocr_line' id='line_1_29' title="bbox 253 2040 2011 2104; baseline -0.006 -12"><span class='ocrx_word' id='word_1_280' title='bbox 253 2051 430 2097; x_wconf 90' lang='lat' dir='ltr'>laboris,</span> <span class='ocrx_word' id='word_1_281' title='bbox 463 2063 586 2104; x_wconf 87' lang='lat' dir='ltr'>quem</span> <span class='ocrx_word' id='word_1_282' title='bbox 617 2046 804 2102; x_wconf 84' lang='lat' dir='ltr'>plerique</span> <span class='ocrx_word' id='word_1_283' title='bbox 836 2045 1063 2099; x_wconf 76' lang='lat' dir='ltr'>fugiinusz)</span> <span class='ocrx_word' id='word_1_284' title='bbox 1095 2056 1217 2097; x_wconf 86' lang='lat' dir='ltr'>quam</span> <span class='ocrx_word' id='word_1_285' title='bbox 1248 2041 1468 2096; x_wconf 87' lang='lat' dir='ltr'>plurimum</span> <span class='ocrx_word' id='word_1_286' title='bbox 1502 2042 1697 2081; x_wconf 87' lang='lat' dir='ltr'>scribere.</span> <span class='ocrx_word' id='word_1_287' title='bbox 1759 2040 1883 2082; x_wconf 85' lang='lat' dir='ltr'>Stilus</span> <span class='ocrx_word' id='word_1_288' title='bbox 1905 2041 2011 2096; x_wconf 90' lang='lat' dir='ltr'>opti-</span> 
     </span>
     <span class='ocr_line' id='line_1_30' title="bbox 254 2104 2007 2165; baseline -0.006 -11"><span class='ocrx_word' id='word_1_289' title='bbox 254 2127 345 2154; x_wconf 87' lang='lat' dir='ltr'>mus</span> <span class='ocrx_word' id='word_1_290' title='bbox 384 2119 424 2153; x_wconf 91' lang='lat' dir='ltr'>et</span> <span class='ocrx_word' id='word_1_291' title='bbox 460 2109 834 2165; x_wconf 87' lang='lat' dir='ltr'>praestantissimus</span> <span class='ocrx_word' id='word_1_292' title='bbox 877 2106 1041 2148; x_wconf 88' lang='lat' dir='ltr'>dicendi</span> <span class='ocrx_word' id='word_1_293' title='bbox 1085 2104 1259 2146; x_wconf 84' lang='lat' dir='ltr'>effector</span> <span class='ocrx_word' id='word_1_294' title='bbox 1305 2118 1352 2144; x_wconf 87' lang='lat' dir='ltr'>ac</span> <span class='ocrx_word' id='word_1_295' title='bbox 1397 2105 1613 2157; x_wconf 85' lang='lat' dir='ltr'>inagiste1·;</span> <span class='ocrx_word' id='word_1_296' title='bbox 1664 2117 1798 2157; x_wconf 88' lang='lat' dir='ltr'>neque</span> <span class='ocrx_word' id='word_1_297' title='bbox 1843 2105 2007 2144; x_wconf 87' lang='lat' dir='ltr'>iniuria.</span> 
     </span>
     <span class='ocr_line' id='line_1_31' title="bbox 205 2165 2009 2219; baseline -0.006 -2"><span class='ocrx_word' id='word_1_298' title='bbox 205 2186 241 2211; x_wconf 80' lang='lat'>³0</span> <span class='ocrx_word' id='word_1_299' title='bbox 255 2179 356 2216; x_wconf 90' lang='lat' dir='ltr'>Nam</span> <span class='ocrx_word' id='word_1_300' title='bbox 398 2176 431 2215; x_wconf 87' lang='lat' dir='ltr'>si</span> <span class='ocrx_word' id='word_1_301' title='bbox 472 2172 648 2214; x_wconf 86' lang='lat' dir='ltr'>subitam</span> <span class='ocrx_word' id='word_1_302' title='bbox 680 2177 722 2212; x_wconf 88' lang='lat' dir='ltr'>et</span> <span class='ocrx_word' id='word_1_303' title='bbox 751 2169 960 2211; x_wconf 80' lang='lat' dir='ltr'>fortuitam</span> <span class='ocrx_word' id='word_1_304' title='bbox 1003 2169 1234 2210; x_wconf 90' lang='lat' dir='ltr'>orationem</span> <span class='ocrx_word' id='word_1_305' title='bbox 1267 2166 1561 2207; x_wconf 87' lang='lat' dir='ltr'>commentatio</span> <span class='ocrx_word' id='word_1_306' title='bbox 1595 2171 1635 2205; x_wconf 85' lang='lat' dir='ltr'>ct</span> <span class='ocrx_word' id='word_1_307' title='bbox 1664 2166 1857 2219; x_wconf 84' lang='lat' dir='ltr'>cogitatio</span> <span class='ocrx_word' id='word_1_308' title='bbox 1891 2165 2009 2207; x_wconf 86' lang='lat' dir='ltr'>facile</span> 
     </span>
     <span class='ocr_line' id='line_1_32' title="bbox 254 2227 2009 2288; baseline -0.006 -9"><span class='ocrx_word' id='word_1_309' title='bbox 254 2237 409 2286; x_wconf 80' lang='lat' dir='ltr'>vincit,</span> <span class='ocrx_word' id='word_1_310' title='bbox 462 2236 568 2277; x_wconf 89' lang='lat' dir='ltr'>banc</span> <span class='ocrx_word' id='word_1_311' title='bbox 610 2236 740 2288; x_wconf 88' lang='lat' dir='ltr'>ipsam</span> <span class='ocrx_word' id='word_1_312' title='bbox 784 2233 973 2287; x_wconf 85' lang='lat' dir='ltr'>profecto</span> <span class='ocrx_word' id='word_1_313' title='bbox 1019 2231 1182 2272; x_wconf 88' lang='lat' dir='ltr'>assidua</span> <span class='ocrx_word' id='word_1_314' title='bbox 1224 2244 1269 2270; x_wconf 90' lang='lat' dir='ltr'>ac</span> <span class='ocrx_word' id='word_1_315' title='bbox 1315 2229 1489 2281; x_wconf 82' lang='lat' dir='ltr'>diligens</span> <span class='ocrx_word' id='word_1_316' title='bbox 1537 2227 1741 2280; x_wconf 84' lang='lat' dir='ltr'>scriptura</span> <span class='ocrx_word' id='word_1_317' title='bbox 1786 2227 2009 2282; x_wconf 83' lang='lat' dir='ltr'>superabit.</span> 
     </span>
     <span class='ocr_line' id='line_1_33' title="bbox 259 2290 2013 2346; baseline -0.006 -5"><span class='ocrx_word' id='word_1_318' title='bbox 259 2302 352 2340; x_wconf 83' lang='lat'>151.</span> <span class='ocrx_word' id='word_1_319' title='bbox 388 2301 541 2340; x_wconf 90' lang='lat' dir='ltr'>Omnes</span> <span class='ocrx_word' id='word_1_320' title='bbox 572 2296 705 2343; x_wconf 88' lang='lat' dir='ltr'>enim,</span> <span class='ocrx_word' id='word_1_321' title='bbox 740 2296 826 2336; x_wconf 89' lang='lat' dir='ltr'>sive</span> <span class='ocrx_word' id='word_1_322' title='bbox 859 2295 958 2335; x_wconf 89' lang='lat' dir='ltr'>artis</span> <span class='ocrx_word' id='word_1_323' title='bbox 992 2300 1086 2334; x_wconf 91' lang='lat' dir='ltr'>sunt</span> <span class='ocrx_word' id='word_1_324' title='bbox 1114 2293 1195 2334; x_wconf 88' lang='lat' dir='ltr'>loci</span> <span class='ocrx_word' id='word_1_325' title='bbox 1226 2294 1312 2333; x_wconf 90' lang='lat' dir='ltr'>sive</span> <span class='ocrx_word' id='word_1_326' title='bbox 1345 2290 1499 2345; x_wconf 82' lang='lat' dir='ltr'>ingenii</span> <span class='ocrx_word' id='word_1_327' title='bbox 1531 2290 1743 2332; x_wconf 91' lang='lat' dir='ltr'>cuiusdam</span> <span class='ocrx_word' id='word_1_328' title='bbox 1765 2304 1812 2331; x_wconf 86' lang='lat' dir='ltr'>ac</span> <span class='ocrx_word' id='word_1_329' title='bbox 1833 2293 2013 2346; x_wconf 89' lang='lat' dir='ltr'>pruden-</span> 
     </span>
     <span class='ocr_line' id='line_1_34' title="bbox 256 2353 2012 2416; baseline -0.005 -13"><span class='ocrx_word' id='word_1_330' title='bbox 256 2364 361 2409; x_wconf 88' lang='lat' dir='ltr'>tiae,</span> <span class='ocrx_word' id='word_1_331' title='bbox 396 2362 465 2416; x_wconf 93' lang='lat' dir='ltr'>qui</span> <span class='ocrx_word' id='word_1_332' title='bbox 495 2361 620 2401; x_wconf 91' lang='lat' dir='ltr'>modo</span> <span class='ocrx_word' id='word_1_333' title='bbox 651 2360 792 2399; x_wconf 90' lang='lat' dir='ltr'>insunt</span> <span class='ocrx_word' id='word_1_334' title='bbox 822 2359 863 2398; x_wconf 91' lang='lat' dir='ltr'>in</span> <span class='ocrx_word' id='word_1_335' title='bbox 893 2371 939 2398; x_wconf 91' lang='lat' dir='ltr'>ea</span> <span class='ocrx_word' id='word_1_336' title='bbox 970 2370 1037 2402; x_wconf 87' lang='lat' dir='ltr'>re,</span> <span class='ocrx_word' id='word_1_337' title='bbox 1071 2355 1121 2396; x_wconf 91' lang='lat' dir='ltr'>de</span> <span class='ocrx_word' id='word_1_338' title='bbox 1153 2369 1231 2411; x_wconf 91' lang='lat' dir='ltr'>qua</span> <span class='ocrx_word' id='word_1_339' title='bbox 1263 2354 1505 2400; x_wconf 88' lang='lat' dir='ltr'>scribimus,</span> <span class='ocrx_word' id='word_1_340' title='bbox 1549 2353 1860 2409; x_wconf 88' lang='lat' dir='ltr'>anquirentibus</span> <span class='ocrx_word' id='word_1_341' title='bbox 1889 2355 2012 2395; x_wconf 87' lang='lat' dir='ltr'>nobis</span> 
     </span>
     <span class='ocr_line' id='line_1_35' title="bbox 258 2417 2011 2478; baseline -0.006 -12"><span class='ocrx_word' id='word_1_342' title='bbox 258 2425 453 2478; x_wconf 90' lang='lat' dir='ltr'>omnique</span> <span class='ocrx_word' id='word_1_343' title='bbox 485 2421 572 2464; x_wconf 90' lang='lat' dir='ltr'>acie</span> <span class='ocrx_word' id='word_1_344' title='bbox 601 2420 757 2474; x_wconf 85' lang='lat' dir='ltr'>ingenii</span> <span class='ocrx_word' id='word_1_345' title='bbox 787 2417 1159 2474; x_wconf 84' lang='lat' dir='ltr'>contemplantibus</span> <span class='ocrx_word' id='word_1_346' title='bbox 1190 2419 1411 2458; x_wconf 90' lang='lat' dir='ltr'>ostendunt</span> <span class='ocrx_word' id='word_1_347' title='bbox 1441 2430 1483 2458; x_wconf 94' lang='lat' dir='ltr'>se</span> <span class='ocrx_word' id='word_1_348' title='bbox 1508 2422 1549 2457; x_wconf 90' lang='lat' dir='ltr'>et</span> <span class='ocrx_word' id='word_1_349' title='bbox 1569 2422 1814 2466; x_wconf 85' lang='lat' dir='ltr'>occurrunt3</span> <span class='ocrx_word' id='word_1_350' title='bbox 1848 2430 2011 2456; x_wconf 90' lang='lat' dir='ltr'>omnes-</span> 
     </span>
     <span class='ocr_line' id='line_1_36' title="bbox 208 2478 2011 2544; baseline -0.006 -15"><span class='ocrx_word' id='word_1_351' title='bbox 208 2496 242 2521; x_wconf 83' lang='lat'>³⁵</span> <span class='ocrx_word' id='word_1_352' title='bbox 259 2502 338 2544; x_wconf 88' lang='lat' dir='ltr'>que</span> <span class='ocrx_word' id='word_1_353' title='bbox 384 2485 610 2528; x_wconf 89' lang='lat' dir='ltr'>sententiae</span> <span class='ocrx_word' id='word_1_354' title='bbox 647 2482 858 2539; x_wconf 83' lang='lat' dir='ltr'>verbaque</span> <span class='ocrx_word' id='word_1_355' title='bbox 898 2484 1058 2530; x_wconf 87' lang='lat' dir='ltr'>omnia,</span> <span class='ocrx_word' id='word_1_356' title='bbox 1108 2496 1214 2535; x_wconf 88' lang='lat' dir='ltr'>quae</span> <span class='ocrx_word' id='word_1_357' title='bbox 1257 2485 1352 2521; x_wconf 88' lang='lat' dir='ltr'>sunt</span> <span class='ocrx_word' id='word_1_358' title='bbox 1391 2480 1591 2535; x_wconf 89' lang='lat' dir='ltr'>cuiusque</span> <span class='ocrx_word' id='word_1_359' title='bbox 1631 2478 1793 2532; x_wconf 87' lang='lat' dir='ltr'>generis</span> <span class='ocrx_word' id='word_1_360' title='bbox 1833 2479 2011 2519; x_wconf 85' lang='lat' dir='ltr'>maxime</span> 
     </span>
     <span class='ocr_line' id='line_1_37' title="bbox 257 2543 2013 2596; baseline -0.006 -5"><span class='ocrx_word' id='word_1_361' title='bbox 257 2548 449 2594; x_wconf 86' lang='lat' dir='ltr'>illustria,</span> <span class='ocrx_word' id='word_1_362' title='bbox 495 2549 570 2589; x_wconf 91' lang='lat' dir='ltr'>sub</span> <span class='ocrx_word' id='word_1_363' title='bbox 613 2560 786 2587; x_wconf 89' lang='lat' dir='ltr'>acumen</span> <span class='ocrx_word' id='word_1_364' title='bbox 828 2545 910 2586; x_wconf 90' lang='lat' dir='ltr'>stili</span> <span class='ocrx_word' id='word_1_365' title='bbox 948 2547 1123 2586; x_wconf 89' lang='lat' dir='ltr'>subeant</span> <span class='ocrx_word' id='word_1_366' title='bbox 1153 2548 1193 2584; x_wconf 89' lang='lat' dir='ltr'>et</span> <span class='ocrx_word' id='word_1_367' title='bbox 1222 2545 1444 2583; x_wconf 89' lang='lat' dir='ltr'>succedant</span> <span class='ocrx_word' id='word_1_368' title='bbox 1474 2556 1642 2583; x_wconf 92' lang='lat' dir='ltr'>necesse</span> <span class='ocrx_word' id='word_1_369' title='bbox 1674 2548 1755 2590; x_wconf 89' lang='lat' dir='ltr'>est;</span> <span class='ocrx_word' id='word_1_370' title='bbox 1806 2546 1892 2582; x_wconf 87' lang='lat' dir='ltr'>tum</span> <span class='ocrx_word' id='word_1_371' title='bbox 1924 2543 2013 2596; x_wconf 89' lang='lat' dir='ltr'>ipsa</span> 
     </span>
     <span class='ocr_line' id='line_1_38' title="bbox 261 2603 2010 2664; baseline -0.006 -11"><span class='ocrx_word' id='word_1_372' title='bbox 261 2611 475 2653; x_wconf 90' lang='lat' dir='ltr'>collocatio</span> <span class='ocrx_word' id='word_1_373' title='bbox 507 2608 863 2664; x_wconf 87' lang='lat' dir='ltr'>conformatioque</span> <span class='ocrx_word' id='word_1_374' title='bbox 893 2610 1119 2648; x_wconf 87' lang='lat' dir='ltr'>verborum</span> <span class='ocrx_word' id='word_1_375' title='bbox 1149 2604 1361 2660; x_wconf 87' lang='lat' dir='ltr'>perficitur</span> <span class='ocrx_word' id='word_1_376' title='bbox 1390 2606 1431 2645; x_wconf 93' lang='lat' dir='ltr'>in</span> <span class='ocrx_word' id='word_1_377' title='bbox 1463 2603 1703 2651; x_wconf 87' lang='lat' dir='ltr'>scribendo,</span> <span class='ocrx_word' id='word_1_378' title='bbox 1734 2616 1817 2644; x_wconf 90' lang='lat' dir='ltr'>non</span> <span class='ocrx_word' id='word_1_379' title='bbox 1847 2604 2010 2658; x_wconf 70' lang='lat' dir='ltr'>poetico</span> 
     </span>
     <span class='ocr_line' id='line_1_39' title="bbox 260 2667 2012 2729; baseline -0.005 -14"><span class='ocrx_word' id='word_1_380' title='bbox 260 2673 332 2716; x_wconf 91' lang='lat' dir='ltr'>sed</span> <span class='ocrx_word' id='word_1_381' title='bbox 363 2672 540 2729; x_wconf 91' lang='lat' dir='ltr'>quodam</span> <span class='ocrx_word' id='word_1_382' title='bbox 571 2673 751 2714; x_wconf 88' lang='lat' dir='ltr'>oratorio</span> <span class='ocrx_word' id='word_1_383' title='bbox 784 2684 958 2712; x_wconf 88' lang='lat' dir='ltr'>numero</span> <span class='ocrx_word' id='word_1_384' title='bbox 990 2676 1032 2711; x_wconf 89' lang='lat' dir='ltr'>et</span> <span class='ocrx_word' id='word_1_385' title='bbox 1062 2671 1203 2710; x_wconf 87' lang='lat' dir='ltr'>modo.</span> <span class='ocrx_word' id='word_1_386' title='bbox 1268 2671 1359 2709; x_wconf 79' lang='lat'>152.</span> <span class='ocrx_word' id='word_1_387' title='bbox 1390 2669 1503 2708; x_wconf 91' lang='lat' dir='ltr'>Haec</span> <span class='ocrx_word' id='word_1_388' title='bbox 1533 2673 1644 2714; x_wconf 88' lang='lat' dir='ltr'>sunt,</span> <span class='ocrx_word' id='word_1_389' title='bbox 1676 2679 1782 2722; x_wconf 90' lang='lat' dir='ltr'>quae</span> <span class='ocrx_word' id='word_1_390' title='bbox 1812 2667 2012 2708; x_wconf 89' lang='lat' dir='ltr'>clamores</span> 
     </span>
     <span class='ocr_line' id='line_1_40' title="bbox 261 2728 2012 2784; baseline -0.005 -7"><span class='ocrx_word' id='word_1_391' title='bbox 261 2742 302 2777; x_wconf 93' lang='lat' dir='ltr'>et</span> <span class='ocrx_word' id='word_1_392' title='bbox 331 2736 624 2777; x_wconf 89' lang='lat' dir='ltr'>admirationes</span> <span class='ocrx_word' id='word_1_393' title='bbox 655 2736 696 2775; x_wconf 90' lang='lat' dir='ltr'>in</span> <span class='ocrx_word' id='word_1_394' title='bbox 728 2733 847 2776; x_wconf 87' lang='lat' dir='ltr'>honis</span> <span class='ocrx_word' id='word_1_395' title='bbox 879 2734 1114 2774; x_wconf 90' lang='lat' dir='ltr'>oratoribus</span> <span class='ocrx_word' id='word_1_396' title='bbox 1147 2730 1351 2780; x_wconf 88' lang='lat' dir='ltr'>efficiunt;</span> <span class='ocrx_word' id='word_1_397' title='bbox 1402 2743 1536 2784; x_wconf 90' lang='lat' dir='ltr'>neque</span> <span class='ocrx_word' id='word_1_398' title='bbox 1567 2742 1615 2770; x_wconf 89' lang='lat' dir='ltr'>ea</span> <span class='ocrx_word' id='word_1_399' title='bbox 1645 2728 1886 2783; x_wconf 83' lang='lat' dir='ltr'>quisquam,</span> <span class='ocrx_word' id='word_1_400' title='bbox 1934 2728 2012 2770; x_wconf 89' lang='lat' dir='ltr'>nisi</span> 
     </span>
    </p>

    <p class='ocr_par' dir='ltr' id='par_1_8' title="bbox 217 2790 2012 2971">
     <span class='ocr_line' id='line_1_41' title="bbox 217 2790 2012 2853; baseline -0.005 -13"><span class='ocrx_word' id='word_1_401' title='bbox 217 2800 333 2840; x_wconf 79' lang='lat' dir='ltr'>‘⁴⁰diu</span> <span class='ocrx_word' id='word_1_402' title='bbox 377 2799 634 2853; x_wconf 89' lang='lat' dir='ltr'>multumque</span> <span class='ocrx_word' id='word_1_403' title='bbox 679 2795 942 2850; x_wconf 87' lang='lat' dir='ltr'>scriptitarit,</span> <span class='ocrx_word' id='word_1_404' title='bbox 993 2794 1152 2836; x_wconf 86' lang='lat' dir='ltr'>etiamsi</span> <span class='ocrx_word' id='word_1_405' title='bbox 1195 2792 1557 2835; x_wconf 87' lang='lat' dir='ltr'>vehementissime</span> <span class='ocrx_word' id='word_1_406' title='bbox 1601 2805 1644 2832; x_wconf 91' lang='lat' dir='ltr'>se</span> <span class='ocrx_word' id='word_1_407' title='bbox 1689 2792 1730 2831; x_wconf 91' lang='lat' dir='ltr'>in</span> <span class='ocrx_word' id='word_1_408' title='bbox 1768 2791 1829 2832; x_wconf 90' lang='lat' dir='ltr'>his</span> <span class='ocrx_word' id='word_1_409' title='bbox 1865 2790 2012 2832; x_wconf 90' lang='lat' dir='ltr'>subitis</span> 
     </span>
     <span class='ocr_line' id='line_1_42' title="bbox 265 2853 2012 2911; baseline -0.005 -8"><span class='ocrx_word' id='word_1_410' title='bbox 265 2861 512 2903; x_wconf 91' lang='lat' dir='ltr'>dictionibus</span> <span class='ocrx_word' id='word_1_411' title='bbox 543 2858 798 2906; x_wconf 86' lang='lat' dir='ltr'>exercuerit,</span> <span class='ocrx_word' id='word_1_412' title='bbox 830 2863 1129 2911; x_wconf 83' lang='lat' dir='ltr'>consequetur3</span> <span class='ocrx_word' id='word_1_413' title='bbox 1172 2862 1211 2897; x_wconf 86' lang='lat' dir='ltr'>et</span> <span class='ocrx_word' id='word_1_414' title='bbox 1243 2856 1313 2910; x_wconf 90' lang='lat' dir='ltr'>qui</span> <span class='ocrx_word' id='word_1_415' title='bbox 1343 2870 1366 2896; x_wconf 92' lang='lat' dir='ltr'>a</span> <span class='ocrx_word' id='word_1_416' title='bbox 1397 2853 1602 2895; x_wconf 88' lang='lat' dir='ltr'>scribendi</span> <span class='ocrx_word' id='word_1_417' title='bbox 1634 2853 1931 2895; x_wconf 82' lang='lat' dir='ltr'>consuetudine</span> <span class='ocrx_word' id='word_1_418' title='bbox 1961 2856 2012 2895; x_wconf 89' lang='lat' dir='ltr'>ad</span> 
     </span>
     <span class='ocr_line' id='line_1_43' title="bbox 265 2915 2011 2971; baseline -0.005 -5"><span class='ocrx_word' id='word_1_419' title='bbox 265 2924 483 2966; x_wconf 88' lang='lat' dir='ltr'>dicendum</span> <span class='ocrx_word' id='word_1_420' title='bbox 513 2922 646 2971; x_wconf 87' lang='lat' dir='ltr'>venit,</span> <span class='ocrx_word' id='word_1_421' title='bbox 681 2924 786 2962; x_wconf 88' lang='lat' dir='ltr'>hanc</span> <span class='ocrx_word' id='word_1_422' title='bbox 815 2919 934 2961; x_wconf 81' lang='lat' dir='ltr'>affert</span> <span class='ocrx_word' id='word_1_423' title='bbox 962 2919 1219 2970; x_wconf 81' lang='lat' dir='ltr'>facultatem,</span> <span class='ocrx_word' id='word_1_424' title='bbox 1253 2924 1317 2966; x_wconf 87' lang='lat' dir='ltr'>ut,</span> <span class='ocrx_word' id='word_1_425' title='bbox 1350 2917 1471 2958; x_wconf 91' lang='lat' dir='ltr'>etiam</span> <span class='ocrx_word' id='word_1_426' title='bbox 1495 2918 1632 2958; x_wconf 92' lang='lat' dir='ltr'>subito</span> <span class='ocrx_word' id='word_1_427' title='bbox 1655 2915 1840 2966; x_wconf 90' lang='lat' dir='ltr'>sidicat,</span> <span class='ocrx_word' id='word_1_428' title='bbox 1874 2922 2011 2958; x_wconf 89' lang='lat' dir='ltr'>tamen</span> 
     </span>
    </p>
   </div>
   <div class='ocr_carea' id='block_1_3' title="bbox 265 3047 2012 3374">
    <p class='ocr_par' dir='ltr' id='par_1_9' title="bbox 265 3047 2012 3374">
     <span class='ocr_line' id='line_1_44' title="bbox 356 3047 2012 3096; baseline -0.004 -10"><span class='ocrx_word' id='word_1_429' title='bbox 356 3057 388 3087; x_wconf 74' lang='lat'>9..</span> <span class='ocrx_word' id='word_1_430' title='bbox 418 3055 564 3093; x_wconf 81' lang='lat' dir='ltr'>referat,</span> <span class='ocrx_word' id='word_1_431' title='bbox 594 3064 659 3096; x_wconf 86' lang='lat' dir='ltr'>quo</span> <span class='ocrx_word' id='word_1_432' title='bbox 686 3055 756 3086; x_wconf 89' lang='lat' dir='ltr'>BR.</span> <span class='ocrx_word' id='word_1_433' title='bbox 790 3069 823 3074; x_wconf 92' lang='lat'><strong>—</strong></span> <span class='ocrx_word' id='word_1_434' title='bbox 854 3053 886 3084; x_wconf 89' lang='lat'>3.</span> <span class='ocrx_word' id='word_1_435' title='bbox 915 3053 1115 3084; x_wconf 76' lang='lat' dir='ltr'>abhorreret</span> <span class='ocrx_word' id='word_1_436' title='bbox 1140 3052 1180 3082; x_wconf 90' lang='lat' dir='ltr'>B.</span> <span class='ocrx_word' id='word_1_437' title='bbox 1211 3068 1246 3072; x_wconf 97' lang='lat'><strong>—</strong></span> <span class='ocrx_word' id='word_1_438' title='bbox 1286 3050 1319 3081; x_wconf 80' lang='grc'><strong>4.</strong></span> <span class='ocrx_word' id='word_1_439' title='bbox 1349 3047 1499 3089; x_wconf 83' lang='lat' dir='ltr'>laudem]</span> <span class='ocrx_word' id='word_1_440' title='bbox 1530 3054 1639 3081; x_wconf 80' lang='lat' dir='ltr'>artem</span> <span class='ocrx_word' id='word_1_441' title='bbox 1664 3050 1703 3080; x_wconf 90' lang='grc' dir='ltr'><strong>Β.</strong></span> <span class='ocrx_word' id='word_1_442' title='bbox 1733 3066 1772 3072; x_wconf 92' lang='lat'>--</span> <span class='ocrx_word' id='word_1_443' title='bbox 1815 3049 1849 3081; x_wconf 82' lang='lat'>9.</span> <span class='ocrx_word' id='word_1_444' title='bbox 1875 3048 1933 3087; x_wconf 83' lang='lat' dir='ltr'>Et]</span> <span class='ocrx_word' id='word_1_445' title='bbox 1958 3049 2012 3079; x_wconf 87' lang='lat' dir='ltr'>Ea</span> 
     </span>
     <span class='ocr_line' id='line_1_45' title="bbox 265 3095 2011 3138; baseline -0.005 -5"><span class='ocrx_word' id='word_1_446' title='bbox 265 3102 346 3138; x_wconf 87' lang='lat' dir='ltr'>BR,</span> <span class='ocrx_word' id='word_1_447' title='bbox 382 3101 426 3133; x_wconf 75' lang='lat' dir='ltr'>At</span> <span class='ocrx_word' id='word_1_448' title='bbox 453 3102 635 3138; x_wconf 85' lang='lat' dir='ltr'>Thanner.</span> <span class='ocrx_word' id='word_1_449' title='bbox 664 3101 727 3133; x_wconf 86' lang='lat' dir='ltr'>Sed</span> <span class='ocrx_word' id='word_1_450' title='bbox 753 3101 892 3132; x_wconf 85' lang='lat' dir='ltr'>Bakius.</span> <span class='ocrx_word' id='word_1_451' title='bbox 917 3116 951 3120; x_wconf 97' lang='lat'><strong>—</strong></span> <span class='ocrx_word' id='word_1_452' title='bbox 982 3101 1036 3131; x_wconf 85' lang='lat'>10.</span> <span class='ocrx_word' id='word_1_453' title='bbox 1064 3100 1107 3130; x_wconf 77' lang='lat' dir='ltr'>iis</span> <span class='ocrx_word' id='word_1_454' title='bbox 1134 3097 1243 3130; x_wconf 89' lang='lat' dir='ltr'>Codd.</span> <span class='ocrx_word' id='word_1_455' title='bbox 1273 3097 1343 3128; x_wconf 63' lang='lat' dir='ltr'>ab:</span> <span class='ocrx_word' id='word_1_456' title='bbox 1372 3097 1423 3127; x_wconf 77' lang='lat' dir='ltr'>his</span> <span class='ocrx_word' id='word_1_457' title='bbox 1449 3096 1496 3133; x_wconf 92' lang='lat' dir='ltr'>B,</span> <span class='ocrx_word' id='word_1_458' title='bbox 1523 3098 1549 3127; x_wconf 71' lang='lat' dir='ltr'>ii</span> <span class='ocrx_word' id='word_1_459' title='bbox 1575 3097 1644 3127; x_wconf 87' lang='lat' dir='ltr'>RE.</span> <span class='ocrx_word' id='word_1_460' title='bbox 1665 3113 1703 3118; x_wconf 92' lang='lat'>—</span> <span class='ocrx_word' id='word_1_461' title='bbox 1733 3097 1788 3128; x_wconf 92' lang='lat'>11.</span> <span class='ocrx_word' id='word_1_462' title='bbox 1815 3096 1861 3126; x_wconf 82' lang='lat' dir='ltr'>ad</span> <span class='ocrx_word' id='word_1_463' title='bbox 1887 3095 1913 3125; x_wconf 90' lang='lat' dir='ltr'>B</span> <span class='ocrx_word' id='word_1_464' title='bbox 1939 3095 2011 3126; x_wconf 82' lang='lat' dir='ltr'>atii-</span> 
     </span>
     <span class='ocr_line' id='line_1_46' title="bbox 267 3141 2006 3188; baseline -0.004 -10"><span class='ocrx_word' id='word_1_465' title='bbox 267 3157 336 3187; x_wconf 86' lang='lat' dir='ltr'>que</span> <span class='ocrx_word' id='word_1_466' title='bbox 354 3171 361 3183; x_wconf 83' lang='lat'>.</span> <span class='ocrx_word' id='word_1_467' title='bbox 389 3149 439 3179; x_wconf 89' lang='lat' dir='ltr'>R:</span> <span class='ocrx_word' id='word_1_468' title='bbox 468 3149 504 3179; x_wconf 82' lang='lat' dir='ltr'>in</span> <span class='ocrx_word' id='word_1_469' title='bbox 533 3149 570 3178; x_wconf 83' lang='lat' dir='ltr'>E.</span> <span class='ocrx_word' id='word_1_470' title='bbox 593 3166 633 3171; x_wconf 94' lang='lat'>-—-</span> <span class='ocrx_word' id='word_1_471' title='bbox 660 3149 716 3180; x_wconf 76' lang='lat'>12.</span> <span class='ocrx_word' id='word_1_472' title='bbox 741 3148 937 3188; x_wconf 81' lang='lat' dir='ltr'>perdiscere</span> <span class='ocrx_word' id='word_1_473' title='bbox 962 3151 1065 3186; x_wconf 77' lang='lat' dir='ltr'>alque</span> <span class='ocrx_word' id='word_1_474' title='bbox 1090 3145 1130 3176; x_wconf 92' lang='lat' dir='ltr'>B.</span> <span class='ocrx_word' id='word_1_475' title='bbox 1152 3161 1191 3166; x_wconf 92' lang='lat'>—</span> <span class='ocrx_word' id='word_1_476' title='bbox 1218 3143 1274 3176; x_wconf 86' lang='grc'><strong>17.</strong></span> <span class='ocrx_word' id='word_1_477' title='bbox 1304 3144 1414 3182; x_wconf 77' lang='lat' dir='ltr'>inquit</span> <span class='ocrx_word' id='word_1_478' title='bbox 1435 3142 1578 3174; x_wconf 82' lang='lat' dir='ltr'>Crassus</span> <span class='ocrx_word' id='word_1_479' title='bbox 1604 3143 1754 3174; x_wconf 87' lang='lat' dir='ltr'>malebat</span> <span class='ocrx_word' id='word_1_480' title='bbox 1773 3141 2006 3174; x_wconf 76' lang='lat' dir='ltr'>Heindorfius.</span> 
     </span>
     <span class='ocr_line' id='line_1_47' title="bbox 265 3188 2010 3233; baseline -0.003 -8"><span class='ocrx_word' id='word_1_481' title='bbox 265 3211 310 3218; x_wconf 86' lang='lat'>—-</span> <span class='ocrx_word' id='word_1_482' title='bbox 335 3195 391 3225; x_wconf 74' lang='lat'>20.</span> <span class='ocrx_word' id='word_1_483' title='bbox 419 3192 491 3233; x_wconf 79' lang='lat' dir='ltr'>hoc]</span> <span class='ocrx_word' id='word_1_484' title='bbox 519 3195 607 3226; x_wconf 81' lang='lat' dir='ltr'>hanc</span> <span class='ocrx_word' id='word_1_485' title='bbox 634 3196 671 3226; x_wconf 87' lang='lat' dir='ltr'>B.</span> <span class='ocrx_word' id='word_1_486' title='bbox 702 3211 741 3216; x_wconf 89' lang='lat'>—</span> <span class='ocrx_word' id='word_1_487' title='bbox 767 3196 868 3226; x_wconf 87' lang='lat' dir='ltr'>moclo</span> <span class='ocrx_word' id='word_1_488' title='bbox 895 3203 962 3225; x_wconf 71' lang='lat' dir='ltr'>orn.</span> <span class='ocrx_word' id='word_1_489' title='bbox 991 3194 1031 3223; x_wconf 92' lang='lat' dir='ltr'>B.</span> <span class='ocrx_word' id='word_1_490' title='bbox 1061 3208 1101 3214; x_wconf 89' lang='lat'>—</span> <span class='ocrx_word' id='word_1_491' title='bbox 1134 3192 1191 3223; x_wconf 80' lang='lat'>29.</span> <span class='ocrx_word' id='word_1_492' title='bbox 1218 3195 1320 3229; x_wconf 83' lang='lat' dir='ltr'>atque</span> <span class='ocrx_word' id='word_1_493' title='bbox 1347 3190 1388 3221; x_wconf 90' lang='lat' dir='ltr'>R.</span> <span class='ocrx_word' id='word_1_494' title='bbox 1418 3206 1457 3211; x_wconf 90' lang='lat'>—</span> <span class='ocrx_word' id='word_1_495' title='bbox 1495 3190 1551 3220; x_wconf 76' lang='lat'>32.</span> <span class='ocrx_word' id='word_1_496' title='bbox 1581 3198 1622 3220; x_wconf 86' lang='lat' dir='ltr'>ac</span> <span class='ocrx_word' id='word_1_497' title='bbox 1649 3190 1759 3221; x_wconf 90' lang='lat' dir='ltr'>Codd.</span> <span class='ocrx_word' id='word_1_498' title='bbox 1786 3188 1853 3224; x_wconf 69' lang='lat' dir='ltr'>ah,</span> <span class='ocrx_word' id='word_1_499' title='bbox 1882 3188 1932 3219; x_wconf 87' lang='lat' dir='ltr'>R:</span> <span class='ocrx_word' id='word_1_500' title='bbox 1959 3191 2010 3219; x_wconf 83' lang='grc' dir='ltr'>αι-</span> 
     </span>
     <span class='ocr_line' id='line_1_48' title="bbox 267 3234 2012 3283; baseline -0.005 -10"><span class='ocrx_word' id='word_1_501' title='bbox 267 3249 329 3283; x_wconf 81' lang='lat' dir='ltr'>que</span> <span class='ocrx_word' id='word_1_502' title='bbox 354 3240 422 3271; x_wconf 86' lang='lat' dir='ltr'>BE.</span> <span class='ocrx_word' id='word_1_503' title='bbox 464 3257 502 3262; x_wconf 93' lang='lat'>—</span> <span class='ocrx_word' id='word_1_504' title='bbox 542 3240 597 3273; x_wconf 88' lang='lat'>33.</span> <span class='ocrx_word' id='word_1_505' title='bbox 637 3241 888 3282; x_wconf 75' lang='lat' dir='ltr'>inquirentibus</span> <span class='ocrx_word' id='word_1_506' title='bbox 916 3240 1024 3272; x_wconf 87' lang='lat' dir='ltr'>Codd.</span> <span class='ocrx_word' id='word_1_507' title='bbox 1053 3240 1120 3276; x_wconf 79' lang='lat' dir='ltr'>al.‚</span> <span class='ocrx_word' id='word_1_508' title='bbox 1155 3239 1195 3270; x_wconf 86' lang='lat' dir='ltr'>R.</span> <span class='ocrx_word' id='word_1_509' title='bbox 1240 3237 1374 3272; x_wconf 86' lang='lat' dir='ltr'>(Rarius</span> <span class='ocrx_word' id='word_1_510' title='bbox 1401 3235 1543 3268; x_wconf 87' lang='lat' dir='ltr'>verbum</span> <span class='ocrx_word' id='word_1_511' title='bbox 1572 3237 1605 3266; x_wconf 86' lang='lat' dir='ltr'>in</span> <span class='ocrx_word' id='word_1_512' title='bbox 1633 3235 1742 3268; x_wconf 87' lang='lat' dir='ltr'>Codd.</span> <span class='ocrx_word' id='word_1_513' title='bbox 1778 3234 1952 3275; x_wconf 81' lang='lat' dir='ltr'>plerisque</span> <span class='ocrx_word' id='word_1_514' title='bbox 1977 3238 2012 3266; x_wconf 82' lang='lat' dir='ltr'>et</span> 
     </span>
     <span class='ocr_line' id='line_1_49' title="bbox 267 3281 2012 3327; baseline -0.006 -6"><span class='ocrx_word' id='word_1_515' title='bbox 267 3288 358 3327; x_wconf 81' lang='lat' dir='ltr'>apud</span> <span class='ocrx_word' id='word_1_516' title='bbox 379 3288 503 3318; x_wconf 81' lang='lat' dir='ltr'>lulium</span> <span class='ocrx_word' id='word_1_517' title='bbox 522 3287 694 3320; x_wconf 85' lang='lat' dir='ltr'>Victorem</span> <span class='ocrx_word' id='word_1_518' title='bbox 713 3290 786 3319; x_wconf 79' lang='lat' dir='ltr'>Art.</span> <span class='ocrx_word' id='word_1_519' title='bbox 810 3289 898 3319; x_wconf 86' lang='lat' dir='ltr'>rhet.</span> <span class='ocrx_word' id='word_1_520' title='bbox 928 3296 960 3326; x_wconf 88' lang='lat' dir='ltr'>p.</span> <span class='ocrx_word' id='word_1_521' title='bbox 989 3287 1066 3318; x_wconf 85' lang='lat'>116.</span> <span class='ocrx_word' id='word_1_522' title='bbox 1095 3284 1274 3325; x_wconf 81' lang='lat' dir='ltr'>expulsum</span> <span class='ocrx_word' id='word_1_523' title='bbox 1301 3288 1353 3315; x_wconf 87' lang='lat' dir='ltr'>est</span> <span class='ocrx_word' id='word_1_524' title='bbox 1378 3291 1394 3313; x_wconf 88' lang='lat' dir='ltr'>a</span> <span class='ocrx_word' id='word_1_525' title='bbox 1418 3282 1665 3323; x_wconf 74' lang='lat' dir='ltr'>frequentiore.</span> <span class='ocrx_word' id='word_1_526' title='bbox 1694 3283 1742 3314; x_wconf 85' lang='lat' dir='ltr'>Ex</span> <span class='ocrx_word' id='word_1_527' title='bbox 1761 3281 1786 3312; x_wconf 93' lang='lat' dir='ltr'>B</span> <span class='ocrx_word' id='word_1_528' title='bbox 1807 3281 1890 3312; x_wconf 83' lang='lat' dir='ltr'>nihil</span> <span class='ocrx_word' id='word_1_529' title='bbox 1916 3285 2012 3312; x_wconf 88' lang='lat' dir='ltr'>nota-</span> 
     </span>
     <span class='ocr_line' id='line_1_50' title="bbox 268 3327 2009 3374; baseline -0.006 -6"><span class='ocrx_word' id='word_1_530' title='bbox 268 3335 353 3371; x_wconf 83' lang='lat' dir='ltr'>tur.)</span> <span class='ocrx_word' id='word_1_531' title='bbox 372 3350 411 3356; x_wconf 93' lang='lat'><em>-</em></span> <span class='ocrx_word' id='word_1_532' title='bbox 439 3332 495 3365; x_wconf 85' lang='grc'><strong>34.</strong></span> <span class='ocrx_word' id='word_1_533' title='bbox 516 3332 602 3374; x_wconf 79' lang='lat' dir='ltr'>acie]</span> <span class='ocrx_word' id='word_1_534' title='bbox 623 3339 696 3367; x_wconf 84' lang='lat' dir='ltr'>arte</span> <span class='ocrx_word' id='word_1_535' title='bbox 714 3335 753 3368; x_wconf 87' lang='lat' dir='ltr'>R.</span> <span class='ocrx_word' id='word_1_536' title='bbox 775 3351 813 3358; x_wconf 88' lang='lat'>—</span> <span class='ocrx_word' id='word_1_537' title='bbox 840 3335 896 3368; x_wconf 83' lang='lat'>37.</span> <span class='ocrx_word' id='word_1_538' title='bbox 918 3334 1056 3367; x_wconf 82' lang='lat' dir='ltr'>collatio</span> <span class='ocrx_word' id='word_1_539' title='bbox 1074 3332 1145 3365; x_wconf 87' lang='lat' dir='ltr'>BR.</span> <span class='ocrx_word' id='word_1_540' title='bbox 1168 3349 1205 3356; x_wconf 96' lang='lat'>—</span> <span class='ocrx_word' id='word_1_541' title='bbox 1227 3330 1283 3364; x_wconf 88' lang='grc'><strong>37.</strong></span> <span class='ocrx_word' id='word_1_542' title='bbox 1302 3331 1402 3363; x_wconf 83' lang='lat' dir='ltr'>modo</span> <span class='ocrx_word' id='word_1_543' title='bbox 1423 3334 1453 3363; x_wconf 80' lang='lat' dir='ltr'>et</span> <span class='ocrx_word' id='word_1_544' title='bbox 1469 3338 1611 3363; x_wconf 80' lang='lat' dir='ltr'>numero</span> <span class='ocrx_word' id='word_1_545' title='bbox 1628 3330 1670 3362; x_wconf 93' lang='lat' dir='ltr'>R.</span> <span class='ocrx_word' id='word_1_546' title='bbox 1692 3345 1731 3352; x_wconf 96' lang='lat'>—</span> <span class='ocrx_word' id='word_1_547' title='bbox 1758 3328 1815 3361; x_wconf 79' lang='grc'><strong>42.</strong></span> <span class='ocrx_word' id='word_1_548' title='bbox 1838 3328 1867 3360; x_wconf 78' lang='lat' dir='ltr'>si</span> <span class='ocrx_word' id='word_1_549' title='bbox 1884 3337 1953 3361; x_wconf 90' lang='lat' dir='ltr'>om.</span> <span class='ocrx_word' id='word_1_550' title='bbox 1968 3327 2009 3359; x_wconf 88' lang='lat' dir='ltr'>B.</span> 
     </span>
    </p>
   </div>
  </div>
 </body>
</html>
