2117 3762
702 240 799 279 LlB.
835 239 902 279 IV.
965 240 1007 281 C.
1041 241 1079 282 st.
1111 243 1149 282 5.
1185 243 1223 282 6.
1790 250 1841 288 53

94 352 251 392 discere
283 348 396 393 vult,
432 353 568 387 utrum
600 359 727 385 unum
759 346 893 385 omnia
915 377 923 392 ,
958 361 1006 386 an
1040 347 1177 388 omnia
1210 348 1439 394 neminem,
1473 350 1544 389 sed
1577 350 1684 391 aliud
1719 351 1841 393 alium

93 418 208 468 putet
237 411 430 464 consequi
464 422 599 462 posse.
675 409 716 447 Si
748 409 855 448 enim
889 411 1047 462 putabit
1088 424 1207 464 posse
1249 411 1384 450 omnia
1423 423 1548 464 penes
1589 427 1713 453 unum
1746 429 1844 454 con-

93 476 263 519 sistere.
310 475 395 528 ipse
427 485 591 526 quoque
623 471 673 510 ad
706 471 888 510 omnium
922 473 1072 512 nitetur
1105 474 1366 519 facultatem:
1413 473 1474 513 sin
1519 474 1557 513 id
1590 473 1839 529 desperabit,

92 539 133 578 in
165 536 303 592 paucis
335 550 376 575 se
411 531 642 580 exercebit3
677 534 775 588 ipsis
807 533 913 574 enim
946 542 1161 575 contentus
1192 535 1292 581 erit:
1328 550 1400 575 ner
1433 536 1606 582 mirum,
1642 539 1841 592 cumipse

91 605 336 656 praeceptor
365 598 461 637 artis
492 596 629 636 omnia
661 608 786 649 penes
818 610 942 637 unum
973 598 1156 651 reperire
1185 613 1266 637 non
1291 600 1484 652 potuerit.
1547 598 1688 639 Allatis
1720 600 1871 651 igiturs

93 664 291 718 exemplis
322 674 343 701 a
376 660 558 703 Catone,
604 672 627 698 a
659 659 875 705 Gracchis,
909 674 932 699 a
963 659 1126 706 Laelio,
1160 673 1180 698 a
1213 661 1427 713 Scipione,
1465 663 1617 708 Galba,
1652 663 1839 710 Porcina,

92 729 260 772 Crasso,
308 724 485 764 Antonio
516 722 773 775 ceterisque,
818 723 912 762 item
946 722 1116 775 sumptis
1157 723 1246 762 aliis
1278 737 1299 761 a
1331 725 1461 776 poetis
1500 730 1539 764 et
1578 725 1841 766 historiarum

90 787 388 841 scriptoribus,
436 797 605 824 necesse
637 785 714 824 erit
744 798 835 825 eum
857 816 865 831 ,
910 786 979 838 qui
1011 786 1160 832 discet,
1206 791 1348 839 putare
1381 788 1431 825 ab
1465 788 1656 827 omnibus
1688 789 1839 835 omnia,

90 850 140 892 ab
170 863 251 890 uno
281 861 409 902 pauca
439 847 507 887 vix
539 847 720 899 potuisse
752 847 872 887 sumi.
934 848 974 887 8.
1024 848 1160 895 Quare
1193 861 1235 887 se
1280 849 1399 896 unius
1440 850 1612 889 alicuius
1656 864 1744 890 esse
1788 851 1842 890 si-

89 913 224 954 milem
270 911 368 951 satis
413 907 607 957 liabebit;
662 911 827 956 omnia,
881 922 985 963 quae
1029 922 1172 949 onmes
1214 911 1458 956 habuerint,
1510 913 1642 952 solum
1685 911 1889 954 haberem

88 991 130 1017 se
176 986 296 1029 posse
341 970 510 1014 diffidet.
569 973 677 1023 Ergo
711 972 852 1012 inutile
885 977 945 1012 est
985 971 1049 1019 ei,
1101 972 1170 1026 qui
1208 973 1366 1012 discere
1410 974 1520 1019 vult,
1570 988 1650 1014 non
1696 981 1838 1029 putare

86 1050 211 1079 unum
243 1035 380 1076 omnia
411 1047 546 1088 posse.
611 1035 737 1087 Igitur
769 1047 890 1075 nenio
931 1035 971 1073 in
1011 1035 1117 1074 hanc
1159 1033 1359 1074 incideret
1404 1036 1663 1089 opinionem,
1712 1039 1744 1077 si
1786 1039 1838 1077 ab

86 1113 170 1141 uno
198 1098 387 1150 exempla
419 1096 700 1151 sumpsissent.
760 1099 871 1137 Nunc
902 1097 981 1136 hoc
1013 1096 1117 1149 signi
1149 1102 1211 1136 est
1240 1096 1353 1149 ipsos
1384 1098 1482 1137 artis
1514 1097 1734 1152 scriptores
1756 1114 1837 1141 non

86 1168 249 1217 putasse
280 1173 406 1200 unum
438 1160 618 1213 potuisse
651 1159 689 1199 in
722 1160 913 1199 omnibus
944 1159 1190 1199 elocutionis
1221 1159 1405 1211 partibus
1436 1164 1610 1205 enitere,
1643 1163 1837 1215 quoniam

88 1237 222 1279 neque
263 1237 335 1263 sua
373 1222 634 1275 protulerunt
673 1236 806 1276 neque
844 1220 964 1261 unius
995 1220 1167 1261 alicuius
1198 1226 1267 1261 aut
1298 1223 1475 1275 denique
1506 1220 1711 1270 duorum,
1764 1226 1886 1266 sed15

86 1290 137 1329 ab
170 1287 360 1328 omnibus
391 1286 626 1326 oratoribus
658 1291 698 1325 et
727 1284 860 1337 poetis
891 1285 1078 1338 exempla
1119 1290 1394 1337 sumpserunt.
1452 1284 1636 1331 Deinde,
1685 1286 1716 1325 si
1749 1287 1838 1340 quis

86 1350 186 1391 velit
216 1355 344 1390 artem
376 1349 659 1388 demonstrare
691 1346 793 1387 nihil
825 1348 1021 1399 prodesse
1053 1348 1104 1386 ad
1143 1348 1410 1394 discendum,
1452 1361 1535 1387 non
1568 1347 1670 1387 male
1704 1354 1838 1388 utatur

86 1414 166 1454 hoc
195 1412 432 1453 adiumento
455 1442 465 1457 ‚
510 1409 620 1464 quod
653 1424 757 1450 unus
789 1422 932 1449 omnes
963 1408 1061 1449 artis
1091 1415 1227 1464 partes
1258 1410 1455 1462 consequi
1487 1423 1607 1449 nemo
1640 1411 1834 1464 potuerit.

87 1474 207 1525 Quod
241 1474 365 1527 igitur
395 1474 504 1513 iuvat
535 1487 679 1513 eorum
712 1473 937 1519 rationem,
990 1472 1058 1527 qui
1101 1471 1270 1512 omnino
1311 1473 1547 1524 improbant
1586 1479 1714 1513 artem
1736 1505 1745 1520 ,
1798 1471 1837 1513 id

85 1553 169 1579 non
201 1536 418 1579 ridiculum
450 1541 511 1576 est
541 1535 673 1588 ipsum
705 1536 949 1589 scriptorem
981 1535 1078 1574 artis
1109 1549 1182 1575 suo
1215 1535 1368 1575 iudicio
1391 1536 1697 1589 comprobare?
1730 1537 1835 1587 Ergo
1852 1553 1886 1578 20

86 1603 136 1641 ab
178 1613 260 1640 uno
302 1601 501 1641 sumenda
545 1599 668 1639 fuisse
712 1599 928 1638 docuimus
969 1597 1180 1652 exempla,
1227 1597 1260 1638 si
1299 1611 1462 1652 semper
1497 1599 1661 1638 aliunde
1701 1613 1839 1638 sume-

86 1669 241 1704 rentur.
303 1663 368 1702 vl.
414 1664 453 1701 9.
502 1664 616 1701 Nune
648 1660 814 1701 omnino
856 1662 1021 1700 aliunde
1053 1661 1253 1700 sumenda
1282 1673 1363 1700 non
1396 1660 1520 1700 fuisse
1551 1660 1608 1700 sic
1639 1660 1839 1713 intellige-

87 1739 190 1766 nius.
252 1724 431 1765 Primum
464 1725 646 1765 onmium
667 1755 676 1770 ‚
711 1724 821 1777 quod
852 1724 901 1762 ab
933 1724 1031 1762 artis
1062 1722 1264 1775 scriptore
1296 1722 1465 1762 affertur
1494 1722 1751 1776 exemplum,
1786 1724 1836 1763 de

86 1788 270 1829 eiusdem
301 1786 476 1827 artificio
508 1786 629 1826 debet
660 1800 781 1834 esse;
826 1800 906 1825 non
939 1792 1009 1833 ut,
1040 1788 1071 1826 si
1103 1786 1193 1839 quis
1224 1798 1447 1839 purpuram
1480 1792 1549 1825 aut
1578 1786 1686 1825 aliud
1719 1786 1838 1840 quid-

86 1851 194 1906 piam
227 1852 408 1890 vendens
439 1851 570 1896 dicat,
607 1850 729 1888 Sume
761 1862 783 1888 a
816 1863 908 1896 me;
944 1849 1014 1887 sed
1046 1848 1166 1887 huius
1200 1849 1434 1901 exemplum
1465 1846 1630 1888 aliunde
1661 1849 1886 1901 rogabo,2⁵

87 1915 159 1955 tibi
191 1915 302 1968 quod
335 1912 565 1952 ostendam.
648 1912 688 1951 Si
721 1924 877 1950 merces
909 1911 984 1964 ipsi
1017 1909 1086 1964 qui
1117 1909 1356 1957 venditant,
1408 1909 1572 1950 aliunde
1603 1911 1838 1964 exemplum

87 1978 343 2031 quaeritent,
394 1983 463 2015 aut
506 1975 545 2014 in
591 1973 699 2014 areis
746 1986 916 2013 acervos
962 1986 1005 2012 se
1053 1971 1190 2012 dicant
1234 1973 1355 2012 tritici
1401 1973 1558 2012 habere
1610 1978 1650 2013 et
1695 1985 1837 2013 eorum

87 2039 319 2094 exemplum
351 2050 492 2091 pugno
523 2050 603 2076 non
634 2038 838 2080 habeant,
891 2036 1003 2089 quod
1034 2034 1277 2081 ostendant:
1330 2034 1361 2074 si
1394 2036 1695 2087 Triptolemus,
1746 2048 1836 2074 cum

86 2102 322 2143 hominibus
353 2113 492 2140 semen
523 2100 766 2154 largiretur,
800 2099 886 2152 ipse
919 2099 969 2137 ab
1002 2098 1092 2137 aliis
1123 2096 1161 2137 id
1186 2096 1424 2137 hominibus
1456 2103 1737 2144 mutuaretur3
1770 2102 1839 2136 aut

87 2164 119 2205 si
151 2164 449 2210 Prometheus,
497 2176 590 2202 cum
637 2159 878 2202 mortalibus
920 2159 1057 2213 ignem
1101 2159 1286 2199 dividere
1318 2159 1458 2209 vellet,
1509 2159 1595 2214 ipse
1634 2174 1656 2200 a
1696 2160 1837 2199 vicinis
1854 2177 1888 2202 30

87 2240 179 2268 cum
211 2232 313 2267 testa
342 2224 554 2266 ambulans
599 2224 871 2264 carbunculos
916 2227 1185 2276 corrogaret,
1233 2235 1316 2263 non
1355 2221 1553 2262 ridiculus
1596 2222 1839 2263 videretur?

88 2289 156 2329 Isti
188 2287 404 2342 magistri,
447 2289 631 2329 omnium
663 2286 825 2327 dicendi
856 2292 1147 2340 praeceptores
1167 2317 1177 2333 ‚
1223 2298 1305 2324 non
1338 2287 1529 2325 videntur
1559 2285 1637 2325 sibi
1668 2284 1840 2325 ridicule

87 2351 249 2398 facere,
303 2364 395 2391 cum
428 2351 468 2391 id
488 2382 497 2399 ,
548 2349 659 2404 quod
690 2348 778 2390 aliis
809 2349 1085 2404 pollicentur,
1132 2350 1181 2388 ab
1213 2347 1304 2387 aliis
1342 2351 1560 2402 quaerunt.
1625 2348 1665 2387 Si
1697 2347 1766 2400 qui
1798 2359 1840 2386 se

88 2413 220 2454 sontes
252 2413 477 2461 maximos,
512 2414 675 2468 penitus
705 2413 969 2461 absconditos
999 2411 1209 2465 aperuisse
1241 2411 1349 2451 dicat
1379 2415 1420 2450 et
1449 2409 1548 2450 haec
1579 2409 1718 2450 sitiens
1749 2422 1840 2449 cum

89 2477 264 2516 maxime
294 2475 513 2530 loquatur,
561 2488 696 2530 neque
736 2475 908 2520 habeat,
956 2473 1023 2528 qui
1057 2473 1165 2513 sitim
1195 2471 1333 2520 sedet,
1386 2485 1467 2512 non
1508 2473 1720 2511 rideatur?
1770 2469 1887 2512 lsti³⁵

89 2552 180 2579 cum
212 2553 293 2579 non
324 2538 448 2580 modo
482 2538 670 2578 dominos
702 2551 744 2578 se
776 2536 949 2578 fontium
969 2567 979 2583 ‚
1027 2537 1099 2576 sed
1130 2549 1173 2575 se
1206 2537 1317 2589 ipsos
1348 2535 1483 2575 fontes
1515 2548 1603 2575 esse
1636 2533 1770 2573 dicant
1801 2537 1840 2571 et

90 2602 271 2642 omnium
303 2602 440 2655 rigare
471 2603 649 2641 debeant
680 2601 841 2653 ingenia
860 2631 868 2646 ‚
902 2612 985 2639 non
1015 2603 1160 2654 putant
1189 2598 1280 2638 fore
1312 2596 1529 2637 ridiculum
1548 2627 1557 2642 ‚
1590 2597 1644 2642 si,
1677 2608 1767 2635 eum
1798 2594 1839 2633 id

90 2664 387 2716 polliceantur,
439 2669 627 2705 arescant
670 2662 748 2718 ipsi
791 2661 986 2705 siccitate.
1065 2661 1216 2701 Chares
1259 2674 1282 2700 a
1314 2659 1492 2714 Lysippo
1525 2663 1674 2700 statuas
1705 2657 1840 2696 facere

185 2821 216 2851 1.
245 2821 302 2851 sed
328 2829 365 2852 ex
394 2822 517 2852 nostris
545 2821 721 2852 dumtaxat
739 2820 765 2850 B
793 2825 826 2852 et
852 2829 937 2851 corr.
969 2818 1015 2853 P;
1045 2822 1151 2850 ceteri
1173 2822 1339 2858 quattuor
1359 2819 1418 2848 etsi
1447 2818 1537 2847 varie
1564 2815 1740 2844 turbantes
1767 2822 1848 2851 pro-

93 2866 246 2906 pendent
272 2869 303 2897 in
331 2876 400 2902 an,
442 2873 478 2898 ut
505 2868 575 2898 (lic.
605 2868 645 2898 ad
675 2868 742 2897 Au.
772 2867 808 2900 9.
835 2868 868 2898 2.
907 2867 977 2897 Liv.
1008 2866 1064 2898 ⁶2¹,
1094 2866 1149 2896 10.
1191 2882 1228 2887 —
1271 2864 1302 2894 3.
1330 2864 1517 2901 desperarit
1548 2863 1570 2890 Α
1600 2865 1633 2891 et
1659 2869 1746 2891 corr.
1770 2860 1843 2896 PF,

90 2914 283 2951 desperavit
310 2913 336 2943 R
364 2919 396 2944 et
426 2922 476 2952 pr.
500 2914 547 2950 P,
575 2915 756 2952 desperare
783 2923 832 2952 pr.
858 2914 894 2944 F.
919 2927 951 2934 -n
983 2912 1014 2942 8.
1042 2917 1168 2951 putare
1195 2911 1236 2942 ab
1264 2910 1419 2940 omnibus
1447 2907 1640 2939 leirn‘r:
1670 2907 1712 2937 ab
1740 2909 1848 2937 omni-

91 2962 152 2991 bus
176 2966 302 2999 putare
329 2959 365 2991 E.
396 2977 438 2981 —
465 2961 497 2992 9.
525 2969 558 2992 se
584 2964 684 2991 unius
711 2960 858 2991 alicuius
885 2967 952 2990 esse
977 2959 1119 2989 similem
1146 2958 1192 2994 T,
1232 2957 1376 2988 Duisb.:
1419 2957 1519 2985 nnius
1550 2962 1583 2983 se
1608 2953 1754 2984 alicuius
1780 2962 1848 2984 esse

91 3008 234 3038 similem
255 3006 331 3040 Bu,
360 3008 463 3037 unius
481 3006 562 3046 (om.
588 3010 637 3047 se)
663 3009 813 3038 alicuius
839 3016 906 3038 esse
931 3006 1073 3036 similem
1091 3005 1193 3040 PAF,
1222 3005 1253 3034 si·
1270 3005 1369 3035 unius
1392 3003 1537 3032 alicuius
1556 3008 1622 3031 esse
1646 3008 1679 3031 se
1703 3000 1849 3031 similem

94 3054 130 3085 E.
154 3072 183 3076 —
219 3055 271 3084 10.
303 3054 419 3083 omniu
439 3055 577 3084 seclusit
598 3054 622 3085 E
638 3078 645 3089 ,
674 3057 839 3092 expunxit
857 3054 938 3084 Scn.
993 3052 1162 3090 Equidem
1183 3051 1396 3081 attribuerim
1418 3048 1689 3085 amplificationi.
1719 3046 1783 3078 On,
1809 3062 1846 3067 —

93 3100 147 3131 12.
177 3102 293 3130 omnin
317 3108 415 3139 posse
443 3099 609 3130 PAFRT:
635 3109 733 3139 posse
760 3101 876 3130 omnia
896 3099 965 3130 BE.
990 3116 1027 3121 —
1057 3099 1111 3130 19.
1142 3099 1259 3128 horum
1281 3095 1445 3130 PAFnT,
1468 3094 1504 3126 L.
1526 3110 1567 3116 —-
1594 3093 1650 3124 21.
1679 3093 1849 3123 sumenda

90 3156 160 3177 non
186 3147 290 3186 [nisse
314 3148 362 3175 sic
390 3147 450 3176 int.
481 3146 679 3177 PABFR'l':
707 3148 754 3177 sic
781 3147 1005 3186 intelliyemus
1034 3146 1199 3176 sumenda
1225 3152 1295 3173 mm
1323 3142 1425 3181 fuisse
1452 3141 1491 3172 E.
1520 3157 1558 3162 —
1585 3141 1642 3171 26.
1669 3139 1731 3170 eibi
1757 3139 1850 3179 quod

94 3193 139 3227 P,
169 3192 280 3224 Oxou.
303 3201 411 3227 unus.
444 3192 489 3222 L:
519 3193 646 3233 tibique
671 3193 865 3225 ABFRTE.
900 3209 937 3215 —
966 3200 1107 3222 mercem
1131 3190 1246 3221 Alit-‘n
1275 3194 1308 3220 et
1335 3197 1386 3227 pr.
1416 3188 1451 3218 P.
1482 3203 1521 3209 —
1555 3187 1612 3218 27.
1642 3195 1759 3226 quaer.
1787 3190 1848 3216 auc

93 3240 131 3270 in
157 3240 248 3270 areis
267 3248 417 3270 *acervos
443 3238 492 3269 T:
532 3241 724 3277 quaeritent
764 3240 862 3270 alind
895 3239 1038 3272 mercis,
1077 3243 1138 3269 aut
1165 3237 1195 3266 st
1219 3244 1360 3267 aceruos
1387 3235 1424 3266 E.
1470 3232 1599 3273 (Ceteri
1626 3235 1730 3264 nostri
1758 3234 1849 3263 varie

95 3284 279 3325 corrupti.)
309 3303 345 3308 —
385 3286 440 3315 31.
469 3285 631 3316 ridiculus
659 3285 855 3316 t‘A-xBFn'r:
883 3284 1071 3314 ridiculum
1099 3285 1134 3314 E.
1162 3299 1204 3304 —
1231 3281 1286 3313 34.
1314 3282 1396 3313 haec
1424 3281 1561 3312 PAFT:
1590 3281 1651 3311 hoc
1676 3280 1776 3310 BRE.
1808 3294 1845 3302 -

97 3342 174 3364 cum
199 3333 246 3365 13:
276 3336 347 3364 tum
373 3332 508 3370 PAFT,
537 3340 642 3373 quam
667 3331 738 3363 RE.
767 3347 806 3355 —
833 3330 888 3362 38.
914 3331 1148 3370 polliceantur
1173 3329 1344 3361 PABR'l':
1369 3329 1602 3368 polliceantur
1627 3326 1706 3358 aliis
1731 3326 1798 3357 FE.
