<?xml version="1.0" encoding="UTF-8"?>
<!DOCTYPE html PUBLIC "-//W3C//DTD XHTML 1.0 Transitional//EN"
    "http://www.w3.org/TR/xhtml1/DTD/xhtml1-transitional.dtd">
<html xmlns="http://www.w3.org/1999/xhtml" xml:lang="en" lang="en">
 <head>
  <title>
</title>
<meta http-equiv="Content-Type" content="text/html;charset=utf-8" />
  <meta name='ocr-system' content='tesseract 3.04.00' />
  <meta name='ocr-capabilities' content='ocr_page ocr_carea ocr_par ocr_line ocrx_word'/>
</head>
<body>
  <div class='ocr_page' id='page_1' title='image "./operaquaesupersu01ciceuoft_0149.png"; bbox 0 0 2117 3762; ppageno 0'>
   <div class='ocr_carea' id='block_1_1' title="bbox 693 274 1861 325">
    <p class='ocr_par' dir='ltr' id='par_1_1' title="bbox 693 274 1861 325">
     <span class='ocr_line' id='line_1_1' title="bbox 693 274 1861 325; baseline 0.007 -8"><span class='ocrx_word' id='word_1_1' title='bbox 693 276 794 317; x_wconf 89' lang='lat' dir='ltr'>LIB.</span> <span class='ocrx_word' id='word_1_2' title='bbox 828 274 879 316; x_wconf 93' lang='lat'>11.</span> <span class='ocrx_word' id='word_1_3' title='bbox 939 274 982 317; x_wconf 91' lang='lat' dir='ltr'>C.</span> <span class='ocrx_word' id='word_1_4' title='bbox 1016 277 1080 318; x_wconf 91' lang='lat'>11.</span> <span class='ocrx_word' id='word_1_5' title='bbox 1114 277 1177 319; x_wconf 78' lang='lat'>12.</span> <span class='ocrx_word' id='word_1_6' title='bbox 1211 277 1274 318; x_wconf 80' lang='lat'>13.</span> <span class='ocrx_word' id='word_1_7' title='bbox 1784 283 1861 325; x_wconf 86' lang='lat'>137</span> 
     </span>
    </p>
   </div>
   <div class='ocr_carea' id='block_1_2' title="bbox 99 379 1914 2622">
    <p class='ocr_par' dir='ltr' id='par_1_2' title="bbox 108 379 1857 501">
     <span class='ocr_line' id='line_1_2' title="bbox 108 379 1857 438; baseline 0.001 -13"><span class='ocrx_word' id='word_1_8' title='bbox 108 382 189 425; x_wconf 81' lang='lat' dir='ltr'>vita</span> <span class='ocrx_word' id='word_1_9' title='bbox 221 381 310 424; x_wconf 90' lang='lat' dir='ltr'>eius</span> <span class='ocrx_word' id='word_1_10' title='bbox 341 387 380 424; x_wconf 93' lang='lat' dir='ltr'>et</span> <span class='ocrx_word' id='word_1_11' title='bbox 410 385 460 425; x_wconf 91' lang='lat' dir='ltr'>de</span> <span class='ocrx_word' id='word_1_12' title='bbox 490 379 677 424; x_wconf 85' lang='lat' dir='ltr'>moribus</span> <span class='ocrx_word' id='word_1_13' title='bbox 707 382 877 435; x_wconf 85' lang='lat' dir='ltr'>quaeri,</span> <span class='ocrx_word' id='word_1_14' title='bbox 924 381 996 424; x_wconf 90' lang='lat' dir='ltr'>sed</span> <span class='ocrx_word' id='word_1_15' title='bbox 1027 381 1077 424; x_wconf 91' lang='lat' dir='ltr'>de</span> <span class='ocrx_word' id='word_1_16' title='bbox 1109 396 1159 424; x_wconf 92' lang='lat' dir='ltr'>eo</span> <span class='ocrx_word' id='word_1_17' title='bbox 1190 384 1384 431; x_wconf 86' lang='lat' dir='ltr'>crimine,</span> <span class='ocrx_word' id='word_1_18' title='bbox 1432 396 1513 438; x_wconf 91' lang='lat' dir='ltr'>quo</span> <span class='ocrx_word' id='word_1_19' title='bbox 1557 382 1608 425; x_wconf 93' lang='lat' dir='ltr'>de</span> <span class='ocrx_word' id='word_1_20' title='bbox 1638 391 1857 438; x_wconf 82' lang='lat' dir='ltr'>arguatur3</span> 
     </span>
     <span class='ocr_line' id='line_1_3' title="bbox 108 443 1564 501; baseline 0 -14"><span class='ocrx_word' id='word_1_21' title='bbox 108 459 260 500; x_wconf 84' lang='lat' dir='ltr'>quare.</span> <span class='ocrx_word' id='word_1_22' title='bbox 292 451 385 486; x_wconf 90' lang='lat' dir='ltr'>ante</span> <span class='ocrx_word' id='word_1_23' title='bbox 417 444 532 487; x_wconf 88' lang='lat' dir='ltr'>factis</span> <span class='ocrx_word' id='word_1_24' title='bbox 562 443 751 491; x_wconf 87' lang='lat' dir='ltr'>omissis,</span> <span class='ocrx_word' id='word_1_25' title='bbox 786 443 907 492; x_wconf 92' lang='lat' dir='ltr'>illud,</span> <span class='ocrx_word' id='word_1_26' title='bbox 939 445 1050 499; x_wconf 84' lang='lat' dir='ltr'>quod</span> <span class='ocrx_word' id='word_1_27' title='bbox 1080 445 1223 494; x_wconf 88' lang='lat' dir='ltr'>instet,</span> <span class='ocrx_word' id='word_1_28' title='bbox 1259 445 1324 498; x_wconf 88' lang='lat' dir='ltr'>agi</span> <span class='ocrx_word' id='word_1_29' title='bbox 1354 452 1564 501; x_wconf 81' lang='lat' dir='ltr'>oportere.</span> 
     </span>
    </p>

    <p class='ocr_par' dir='ltr' id='par_1_3' title="bbox 99 505 1914 2498">
     <span class='ocr_line' id='line_1_4' title="bbox 221 505 1864 561; baseline 0.002 -13"><span class='ocrx_word' id='word_1_30' title='bbox 221 509 313 548; x_wconf 78' lang='lat' dir='ltr'>xli.</span> <span class='ocrx_word' id='word_1_31' title='bbox 362 509 427 550; x_wconf 88' lang='lat'>38.</span> <span class='ocrx_word' id='word_1_32' title='bbox 471 509 533 548; x_wconf 82' lang='lat' dir='ltr'>Ex</span> <span class='ocrx_word' id='word_1_33' title='bbox 563 505 668 547; x_wconf 86' lang='lat' dir='ltr'>facto</span> <span class='ocrx_word' id='word_1_34' title='bbox 700 512 833 546; x_wconf 87' lang='lat' dir='ltr'>autem</span> <span class='ocrx_word' id='word_1_35' title='bbox 866 506 955 560; x_wconf 88' lang='lat' dir='ltr'>ipso</span> <span class='ocrx_word' id='word_1_36' title='bbox 988 507 1242 561; x_wconf 84' lang='lat' dir='ltr'>suspiciones</span> <span class='ocrx_word' id='word_1_37' title='bbox 1274 508 1500 558; x_wconf 76' lang='lat' dir='ltr'><strong>ducentur,</strong></span> <span class='ocrx_word' id='word_1_38' title='bbox 1551 508 1585 550; x_wconf 92' lang='lat' dir='ltr'>si</span> <span class='ocrx_word' id='word_1_39' title='bbox 1627 509 1751 551; x_wconf 89' lang='lat' dir='ltr'>totius</span> <span class='ocrx_word' id='word_1_40' title='bbox 1792 512 1864 552; x_wconf 87' lang='lat' dir='ltr'>ad·-</span> 
     </span>
     <span class='ocr_line' id='line_1_5' title="bbox 106 567 1863 627; baseline 0.002 -16"><span class='ocrx_word' id='word_1_41' title='bbox 106 569 354 612; x_wconf 86' lang='lat' dir='ltr'>ministratio</span> <span class='ocrx_word' id='word_1_42' title='bbox 385 569 540 623; x_wconf 88' lang='lat' dir='ltr'>negotii</span> <span class='ocrx_word' id='word_1_43' title='bbox 570 582 622 610; x_wconf 81' lang='lat' dir='ltr'>ex</span> <span class='ocrx_word' id='word_1_44' title='bbox 653 567 846 610; x_wconf 89' lang='lat' dir='ltr'>omnibus</span> <span class='ocrx_word' id='word_1_45' title='bbox 877 569 1061 625; x_wconf 87' lang='lat' dir='ltr'>partibus</span> <span class='ocrx_word' id='word_1_46' title='bbox 1092 569 1414 623; x_wconf 79' lang='lat' dir='ltr'>pertentabitur;</span> <span class='ocrx_word' id='word_1_47' title='bbox 1457 577 1579 626; x_wconf 88' lang='lat' dir='ltr'>atque</span> <span class='ocrx_word' id='word_1_48' title='bbox 1621 584 1693 612; x_wconf 88' lang='lat' dir='ltr'>eae</span> <span class='ocrx_word' id='word_1_49' title='bbox 1730 573 1863 627; x_wconf 86' lang='lat' dir='ltr'>suspi-</span> 
     </span>
     <span class='ocr_line' id='line_1_6' title="bbox 105 630 1894 690; baseline 0.002 -16"><span class='ocrx_word' id='word_1_50' title='bbox 105 634 245 675; x_wconf 91' lang='lat' dir='ltr'>ciones</span> <span class='ocrx_word' id='word_1_51' title='bbox 286 631 432 688; x_wconf 84' lang='lat' dir='ltr'>partim</span> <span class='ocrx_word' id='word_1_52' title='bbox 473 644 527 673; x_wconf 82' lang='lat' dir='ltr'>ex</span> <span class='ocrx_word' id='word_1_53' title='bbox 565 630 733 684; x_wconf 89' lang='lat' dir='ltr'>negotio</span> <span class='ocrx_word' id='word_1_54' title='bbox 773 632 1020 687; x_wconf 82' lang='lat' dir='ltr'>separatim,</span> <span class='ocrx_word' id='word_1_55' title='bbox 1080 632 1229 685; x_wconf 90' lang='lat' dir='ltr'>partim</span> <span class='ocrx_word' id='word_1_56' title='bbox 1269 633 1544 675; x_wconf 88' lang='lat' dir='ltr'>communiter</span> <span class='ocrx_word' id='word_1_57' title='bbox 1582 648 1634 675; x_wconf 87' lang='lat' dir='ltr'>ex</span> <span class='ocrx_word' id='word_1_58' title='bbox 1675 635 1894 690; x_wconf 84' lang='lat' dir='ltr'>personis⁵</span> 
     </span>
     <span class='ocr_line' id='line_1_7' title="bbox 105 692 1862 750; baseline 0.002 -13"><span class='ocrx_word' id='word_1_59' title='bbox 105 701 229 750; x_wconf 89' lang='lat' dir='ltr'>atque</span> <span class='ocrx_word' id='word_1_60' title='bbox 270 708 323 736; x_wconf 82' lang='lat' dir='ltr'>ex</span> <span class='ocrx_word' id='word_1_61' title='bbox 362 693 528 749; x_wconf 90' lang='lat' dir='ltr'>negotio</span> <span class='ocrx_word' id='word_1_62' title='bbox 560 692 883 748; x_wconf 83' lang='lat' dir='ltr'>proficiscentur.</span> <span class='ocrx_word' id='word_1_63' title='bbox 941 698 1004 736; x_wconf 80' lang='lat' dir='ltr'>Ex</span> <span class='ocrx_word' id='word_1_64' title='bbox 1035 694 1200 747; x_wconf 88' lang='lat' dir='ltr'>negotio</span> <span class='ocrx_word' id='word_1_65' title='bbox 1232 696 1323 735; x_wconf 89' lang='lat' dir='ltr'>duci</span> <span class='ocrx_word' id='word_1_66' title='bbox 1355 702 1573 750; x_wconf 87' lang='lat' dir='ltr'>poterunt,</span> <span class='ocrx_word' id='word_1_67' title='bbox 1614 698 1648 738; x_wconf 91' lang='lat' dir='ltr'>si</span> <span class='ocrx_word' id='word_1_68' title='bbox 1681 711 1748 739; x_wconf 90' lang='lat' dir='ltr'>eas</span> <span class='ocrx_word' id='word_1_69' title='bbox 1781 712 1862 747; x_wconf 89' lang='lat' dir='ltr'>res,</span> 
     </span>
     <span class='ocr_line' id='line_1_8' title="bbox 106 755 1866 816; baseline 0.002 -17"><span class='ocrx_word' id='word_1_70' title='bbox 106 770 212 814; x_wconf 89' lang='lat' dir='ltr'>quae</span> <span class='ocrx_word' id='word_1_71' title='bbox 249 756 428 810; x_wconf 89' lang='lat' dir='ltr'>negotiis</span> <span class='ocrx_word' id='word_1_72' title='bbox 467 755 690 797; x_wconf 77' lang='lat' dir='ltr'>attributae</span> <span class='ocrx_word' id='word_1_73' title='bbox 730 763 847 805; x_wconf 86' lang='lat' dir='ltr'>sunt,</span> <span class='ocrx_word' id='word_1_74' title='bbox 894 756 1113 811; x_wconf 84' lang='lat' dir='ltr'>diligenter</span> <span class='ocrx_word' id='word_1_75' title='bbox 1143 755 1512 800; x_wconf 88' lang='lat' dir='ltr'>considerabimus.</span> <span class='ocrx_word' id='word_1_76' title='bbox 1569 760 1630 800; x_wconf 86' lang='lat' dir='ltr'>Ex</span> <span class='ocrx_word' id='word_1_77' title='bbox 1659 758 1710 801; x_wconf 88' lang='lat' dir='ltr'>iis</span> <span class='ocrx_word' id='word_1_78' title='bbox 1741 760 1866 816; x_wconf 87' lang='lat' dir='ltr'>igitur</span> 
     </span>
     <span class='ocr_line' id='line_1_9' title="bbox 104 817 1865 878; baseline 0.002 -17"><span class='ocrx_word' id='word_1_79' title='bbox 104 820 148 861; x_wconf 89' lang='lat' dir='ltr'>in</span> <span class='ocrx_word' id='word_1_80' title='bbox 177 818 280 860; x_wconf 89' lang='lat' dir='ltr'>hanc</span> <span class='ocrx_word' id='word_1_81' title='bbox 311 817 643 860; x_wconf 89' lang='lat' dir='ltr'>constitutionem</span> <span class='ocrx_word' id='word_1_82' title='bbox 675 819 894 861; x_wconf 82' lang='lat' dir='ltr'>convenire</span> <span class='ocrx_word' id='word_1_83' title='bbox 926 818 1118 861; x_wconf 85' lang='lat' dir='ltr'>videntur</span> <span class='ocrx_word' id='word_1_84' title='bbox 1149 832 1301 872; x_wconf 90' lang='lat' dir='ltr'>genera</span> <span class='ocrx_word' id='word_1_85' title='bbox 1332 833 1473 861; x_wconf 86' lang='lat' dir='ltr'>earum</span> <span class='ocrx_word' id='word_1_86' title='bbox 1516 821 1654 863; x_wconf 89' lang='lat' dir='ltr'>omnia</span> <span class='ocrx_word' id='word_1_87' title='bbox 1674 854 1685 871; x_wconf 91' lang='lat'>,</span> <span class='ocrx_word' id='word_1_88' title='bbox 1728 830 1865 878; x_wconf 89' lang='lat' dir='ltr'>partes</span> 
     </span>
     <span class='ocr_line' id='line_1_10' title="bbox 105 881 1865 939; baseline 0.002 -16"><span class='ocrx_word' id='word_1_89' title='bbox 105 895 304 937; x_wconf 84' lang='lat' dir='ltr'>generum</span> <span class='ocrx_word' id='word_1_90' title='bbox 348 881 586 936; x_wconf 85' lang='lat' dir='ltr'>pleraeque.</span> <span class='ocrx_word' id='word_1_91' title='bbox 656 883 724 922; x_wconf 80' lang='lat'>39.</span> <span class='ocrx_word' id='word_1_92' title='bbox 773 881 922 923; x_wconf 70' lang='lat' dir='ltr'>Videre</span> <span class='ocrx_word' id='word_1_93' title='bbox 965 881 1092 935; x_wconf 90' lang='lat' dir='ltr'>igitur</span> <span class='ocrx_word' id='word_1_94' title='bbox 1129 884 1309 935; x_wconf 84' lang='lat' dir='ltr'>primum</span> <span class='ocrx_word' id='word_1_95' title='bbox 1349 884 1588 935; x_wconf 89' lang='lat' dir='ltr'>oportebit,</span> <span class='ocrx_word' id='word_1_96' title='bbox 1637 898 1742 939; x_wconf 90' lang='lat' dir='ltr'>quae</span> <span class='ocrx_word' id='word_1_97' title='bbox 1783 885 1865 927; x_wconf 85' lang='lat' dir='ltr'>sint</span> 
     </span>
     <span class='ocr_line' id='line_1_11' title="bbox 105 942 1914 1001; baseline 0.003 -16"><span class='ocrx_word' id='word_1_98' title='bbox 105 942 356 986; x_wconf 87' lang='lat' dir='ltr'>continentia</span> <span class='ocrx_word' id='word_1_99' title='bbox 386 956 478 984; x_wconf 93' lang='lat' dir='ltr'>cum</span> <span class='ocrx_word' id='word_1_100' title='bbox 510 943 602 996; x_wconf 92' lang='lat' dir='ltr'>ipso</span> <span class='ocrx_word' id='word_1_101' title='bbox 633 946 818 996; x_wconf 82' lang='lat' dir='ltr'>negotio,</span> <span class='ocrx_word' id='word_1_102' title='bbox 852 943 928 986; x_wconf 86' lang='lat' dir='ltr'>hoc</span> <span class='ocrx_word' id='word_1_103' title='bbox 960 949 1050 991; x_wconf 88' lang='lat' dir='ltr'>est,</span> <span class='ocrx_word' id='word_1_104' title='bbox 1083 956 1188 997; x_wconf 88' lang='lat' dir='ltr'>quae</span> <span class='ocrx_word' id='word_1_105' title='bbox 1219 945 1271 984; x_wconf 91' lang='lat' dir='ltr'>ab</span> <span class='ocrx_word' id='word_1_106' title='bbox 1302 957 1348 984; x_wconf 88' lang='lat' dir='ltr'>re</span> <span class='ocrx_word' id='word_1_107' title='bbox 1371 946 1558 997; x_wconf 87' lang='lat' dir='ltr'>separari</span> <span class='ocrx_word' id='word_1_108' title='bbox 1580 959 1662 987; x_wconf 91' lang='lat' dir='ltr'>non</span> <span class='ocrx_word' id='word_1_109' title='bbox 1684 947 1859 1001; x_wconf 84' lang='lat' dir='ltr'>possint.</span> <span class='ocrx_word' id='word_1_110' title='bbox 1880 955 1914 980; x_wconf 92' lang='lat'>¹⁰</span> 
     </span>
     <span class='ocr_line' id='line_1_12' title="bbox 104 1005 1859 1060; baseline 0.002 -12"><span class='ocrx_word' id='word_1_111' title='bbox 104 1007 200 1056; x_wconf 92' lang='lat' dir='ltr'>Quo</span> <span class='ocrx_word' id='word_1_112' title='bbox 228 1006 271 1047; x_wconf 90' lang='lat' dir='ltr'>in</span> <span class='ocrx_word' id='word_1_113' title='bbox 301 1007 397 1047; x_wconf 91' lang='lat' dir='ltr'>loco</span> <span class='ocrx_word' id='word_1_114' title='bbox 427 1005 524 1047; x_wconf 90' lang='lat' dir='ltr'>satis</span> <span class='ocrx_word' id='word_1_115' title='bbox 556 1006 634 1047; x_wconf 88' lang='lat' dir='ltr'>erit</span> <span class='ocrx_word' id='word_1_116' title='bbox 664 1007 883 1060; x_wconf 82' lang='lat' dir='ltr'>diligenter</span> <span class='ocrx_word' id='word_1_117' title='bbox 913 1005 1224 1054; x_wconf 84' lang='lat' dir='ltr'>considerasse,</span> <span class='ocrx_word' id='word_1_118' title='bbox 1257 1007 1356 1060; x_wconf 92' lang='lat' dir='ltr'>quid</span> <span class='ocrx_word' id='word_1_119' title='bbox 1387 1009 1439 1048; x_wconf 90' lang='lat' dir='ltr'>sit</span> <span class='ocrx_word' id='word_1_120' title='bbox 1467 1015 1558 1050; x_wconf 91' lang='lat' dir='ltr'>ante</span> <span class='ocrx_word' id='word_1_121' title='bbox 1579 1022 1668 1051; x_wconf 91' lang='lat' dir='ltr'>rem</span> <span class='ocrx_word' id='word_1_122' title='bbox 1689 1010 1859 1058; x_wconf 88' lang='lat' dir='ltr'>sactum,</span> 
     </span>
     <span class='ocr_line' id='line_1_13' title="bbox 103 1066 1862 1127; baseline 0.003 -17"><span class='ocrx_word' id='word_1_123' title='bbox 103 1083 158 1111; x_wconf 78' lang='lat' dir='ltr'>ex</span> <span class='ocrx_word' id='word_1_124' title='bbox 185 1082 268 1123; x_wconf 89' lang='lat' dir='ltr'>quo</span> <span class='ocrx_word' id='word_1_125' title='bbox 300 1082 394 1122; x_wconf 92' lang='lat' dir='ltr'>spes</span> <span class='ocrx_word' id='word_1_126' title='bbox 424 1067 665 1122; x_wconf 87' lang='lat' dir='ltr'>perficiendi</span> <span class='ocrx_word' id='word_1_127' title='bbox 695 1076 789 1110; x_wconf 86' lang='lat' dir='ltr'>nata</span> <span class='ocrx_word' id='word_1_128' title='bbox 818 1075 859 1110; x_wconf 88' lang='lat' dir='ltr'>et</span> <span class='ocrx_word' id='word_1_129' title='bbox 887 1067 1064 1109; x_wconf 87' lang='lat' dir='ltr'>faciendi</span> <span class='ocrx_word' id='word_1_130' title='bbox 1094 1066 1264 1109; x_wconf 83' lang='lat' dir='ltr'>facultas</span> <span class='ocrx_word' id='word_1_131' title='bbox 1296 1069 1480 1122; x_wconf 88' lang='lat' dir='ltr'>quaesita</span> <span class='ocrx_word' id='word_1_132' title='bbox 1511 1070 1716 1122; x_wconf 82' lang='lat' dir='ltr'>videatur;</span> <span class='ocrx_word' id='word_1_133' title='bbox 1764 1072 1862 1127; x_wconf 89' lang='lat' dir='ltr'>quid</span> 
     </span>
     <span class='ocr_line' id='line_1_14' title="bbox 102 1130 1865 1187; baseline 0.002 -14"><span class='ocrx_word' id='word_1_134' title='bbox 102 1131 146 1173; x_wconf 91' lang='lat' dir='ltr'>in</span> <span class='ocrx_word' id='word_1_135' title='bbox 189 1130 279 1186; x_wconf 89' lang='lat' dir='ltr'>ipsa</span> <span class='ocrx_word' id='word_1_136' title='bbox 319 1144 366 1172; x_wconf 91' lang='lat' dir='ltr'>re</span> <span class='ocrx_word' id='word_1_137' title='bbox 412 1133 618 1185; x_wconf 89' lang='lat' dir='ltr'>gerenda,</span> <span class='ocrx_word' id='word_1_138' title='bbox 668 1133 767 1186; x_wconf 91' lang='lat' dir='ltr'>quid</span> <span class='ocrx_word' id='word_1_139' title='bbox 804 1136 948 1187; x_wconf 87' lang='lat' dir='ltr'>postea</span> <span class='ocrx_word' id='word_1_140' title='bbox 987 1136 1253 1171; x_wconf 89' lang='lat' dir='ltr'>consecutum</span> <span class='ocrx_word' id='word_1_141' title='bbox 1298 1132 1362 1173; x_wconf 90' lang='lat' dir='ltr'>sit.</span> <span class='ocrx_word' id='word_1_142' title='bbox 1437 1131 1595 1174; x_wconf 88' lang='lat' dir='ltr'>Deinde</span> <span class='ocrx_word' id='word_1_143' title='bbox 1635 1133 1764 1187; x_wconf 90' lang='lat' dir='ltr'>ipsius</span> <span class='ocrx_word' id='word_1_144' title='bbox 1803 1140 1865 1177; x_wconf 88' lang='lat' dir='ltr'>est</span> 
     </span>
     <span class='ocr_line' id='line_1_15' title="bbox 102 1193 1862 1251; baseline 0.002 -17"><span class='ocrx_word' id='word_1_145' title='bbox 102 1193 419 1247; x_wconf 84' lang='lat' dir='ltr'>negotii&#39;gestio</span> <span class='ocrx_word' id='word_1_146' title='bbox 453 1196 753 1249; x_wconf 86' lang='lat' dir='ltr'>pertractanda.</span> <span class='ocrx_word' id='word_1_147' title='bbox 813 1197 914 1235; x_wconf 84' lang='lat' dir='ltr'>Nam</span> <span class='ocrx_word' id='word_1_148' title='bbox 943 1195 1024 1234; x_wconf 87' lang='lat' dir='ltr'>hoe</span> <span class='ocrx_word' id='word_1_149' title='bbox 1055 1206 1182 1247; x_wconf 90' lang='lat' dir='ltr'>genus</span> <span class='ocrx_word' id='word_1_150' title='bbox 1205 1206 1349 1234; x_wconf 90' lang='lat' dir='ltr'>earum</span> <span class='ocrx_word' id='word_1_151' title='bbox 1371 1207 1536 1243; x_wconf 87' lang='lat' dir='ltr'>rerum,</span> <span class='ocrx_word' id='word_1_152' title='bbox 1570 1208 1674 1249; x_wconf 91' lang='lat' dir='ltr'>quae</span> <span class='ocrx_word' id='word_1_153' title='bbox 1696 1198 1862 1251; x_wconf 90' lang='lat' dir='ltr'>negotio</span> 
     </span>
     <span class='ocr_line' id='line_1_16' title="bbox 102 1254 1911 1313; baseline 0.002 -16"><span class='ocrx_word' id='word_1_154' title='bbox 102 1261 198 1297; x_wconf 92' lang='lat' dir='ltr'>sunt</span> <span class='ocrx_word' id='word_1_155' title='bbox 226 1255 470 1303; x_wconf 89' lang='lat' dir='ltr'>attributae,</span> <span class='ocrx_word' id='word_1_156' title='bbox 504 1258 686 1298; x_wconf 89' lang='lat' dir='ltr'>secundo</span> <span class='ocrx_word' id='word_1_157' title='bbox 716 1255 758 1297; x_wconf 91' lang='lat' dir='ltr'>in</span> <span class='ocrx_word' id='word_1_158' title='bbox 787 1255 880 1298; x_wconf 91' lang='lat' dir='ltr'>loco</span> <span class='ocrx_word' id='word_1_159' title='bbox 912 1254 1031 1298; x_wconf 89' lang='lat' dir='ltr'>nobis</span> <span class='ocrx_word' id='word_1_160' title='bbox 1062 1261 1122 1296; x_wconf 90' lang='lat' dir='ltr'>est</span> <span class='ocrx_word' id='word_1_161' title='bbox 1152 1255 1402 1310; x_wconf 82' lang='lat' dir='ltr'>expositum.</span> <span class='ocrx_word' id='word_1_162' title='bbox 1463 1259 1533 1298; x_wconf 69' lang='grc' dir='ltr'><strong>ΔΟ.</strong></span> <span class='ocrx_word' id='word_1_163' title='bbox 1568 1259 1658 1298; x_wconf 85' lang='lat' dir='ltr'>Hoc</span> <span class='ocrx_word' id='word_1_164' title='bbox 1689 1273 1788 1313; x_wconf 85' lang='lat' dir='ltr'>ergo</span> <span class='ocrx_word' id='word_1_165' title='bbox 1819 1261 1859 1301; x_wconf 92' lang='lat' dir='ltr'>in</span> <span class='ocrx_word' id='word_1_166' title='bbox 1876 1267 1911 1292; x_wconf 80' lang='lat'>¹⁶</span> 
     </span>
     <span class='ocr_line' id='line_1_17' title="bbox 103 1317 1861 1374; baseline 0.002 -15"><span class='ocrx_word' id='word_1_167' title='bbox 103 1330 260 1372; x_wconf 85' lang='lat' dir='ltr'>genere</span> <span class='ocrx_word' id='word_1_168' title='bbox 301 1317 558 1373; x_wconf 81' lang='lat' dir='ltr'>spectabitur</span> <span class='ocrx_word' id='word_1_169' title='bbox 601 1318 737 1367; x_wconf 90' lang='lat' dir='ltr'>locus,</span> <span class='ocrx_word' id='word_1_170' title='bbox 787 1325 968 1373; x_wconf 89' lang='lat' dir='ltr'>tempus,</span> <span class='ocrx_word' id='word_1_171' title='bbox 1019 1317 1206 1365; x_wconf 88' lang='lat' dir='ltr'>occasio,</span> <span class='ocrx_word' id='word_1_172' title='bbox 1252 1317 1452 1368; x_wconf 82' lang='lat' dir='ltr'>facultas3</span> <span class='ocrx_word' id='word_1_173' title='bbox 1515 1333 1693 1374; x_wconf 90' lang='lat' dir='ltr'>quorum</span> <span class='ocrx_word' id='word_1_174' title='bbox 1740 1322 1861 1363; x_wconf 87' lang='lat' dir='ltr'>unius</span> 
     </span>
     <span class='ocr_line' id='line_1_18' title="bbox 102 1380 1859 1436; baseline 0.001 -13"><span class='ocrx_word' id='word_1_175' title='bbox 102 1380 303 1435; x_wconf 90' lang='lat' dir='ltr'>cuiusque</span> <span class='ocrx_word' id='word_1_176' title='bbox 333 1381 393 1422; x_wconf 84' lang='lat' dir='ltr'>vis</span> <span class='ocrx_word' id='word_1_177' title='bbox 425 1380 643 1434; x_wconf 83' lang='lat' dir='ltr'>diligenter</span> <span class='ocrx_word' id='word_1_178' title='bbox 672 1381 714 1422; x_wconf 92' lang='lat' dir='ltr'>in</span> <span class='ocrx_word' id='word_1_179' title='bbox 745 1380 1070 1423; x_wconf 87' lang='lat' dir='ltr'>confirmationis</span> <span class='ocrx_word' id='word_1_180' title='bbox 1100 1380 1335 1436; x_wconf 86' lang='lat' dir='ltr'>praeceptis</span> <span class='ocrx_word' id='word_1_181' title='bbox 1359 1380 1559 1434; x_wconf 63' lang='lat' dir='ltr'>explicata</span> <span class='ocrx_word' id='word_1_182' title='bbox 1584 1386 1659 1423; x_wconf 87' lang='lat' dir='ltr'>est.</span> <span class='ocrx_word' id='word_1_183' title='bbox 1705 1383 1859 1433; x_wconf 90' lang='lat' dir='ltr'>Quare,</span> 
     </span>
     <span class='ocr_line' id='line_1_19' title="bbox 101 1442 1863 1494; baseline 0.002 -10"><span class='ocrx_word' id='word_1_184' title='bbox 101 1457 153 1484; x_wconf 90' lang='lat' dir='ltr'>ne</span> <span class='ocrx_word' id='word_1_185' title='bbox 183 1451 253 1485; x_wconf 91' lang='lat' dir='ltr'>aut</span> <span class='ocrx_word' id='word_1_186' title='bbox 283 1443 349 1484; x_wconf 92' lang='lat' dir='ltr'>hic</span> <span class='ocrx_word' id='word_1_187' title='bbox 379 1457 462 1484; x_wconf 91' lang='lat' dir='ltr'>non</span> <span class='ocrx_word' id='word_1_188' title='bbox 483 1445 749 1485; x_wconf 86' lang='lat' dir='ltr'>admonuisse</span> <span class='ocrx_word' id='word_1_189' title='bbox 781 1450 851 1485; x_wconf 90' lang='lat' dir='ltr'>aut</span> <span class='ocrx_word' id='word_1_190' title='bbox 879 1459 931 1485; x_wconf 90' lang='lat' dir='ltr'>ne</span> <span class='ocrx_word' id='word_1_191' title='bbox 964 1442 1109 1484; x_wconf 88' lang='lat' dir='ltr'>eadem</span> <span class='ocrx_word' id='word_1_192' title='bbox 1138 1443 1289 1484; x_wconf 90' lang='lat' dir='ltr'>iterum</span> <span class='ocrx_word' id='word_1_193' title='bbox 1321 1443 1474 1484; x_wconf 81' lang='lat' dir='ltr'>dixisse</span> <span class='ocrx_word' id='word_1_194' title='bbox 1494 1442 1736 1494; x_wconf 82' lang='lat' dir='ltr'>videamur,</span> <span class='ocrx_word' id='word_1_195' title='bbox 1769 1444 1863 1487; x_wconf 88' lang='lat' dir='ltr'>bre-</span> 
     </span>
     <span class='ocr_line' id='line_1_20' title="bbox 101 1504 1861 1562; baseline 0.001 -15"><span class='ocrx_word' id='word_1_196' title='bbox 101 1505 209 1547; x_wconf 88' lang='lat' dir='ltr'>viter</span> <span class='ocrx_word' id='word_1_197' title='bbox 248 1504 507 1552; x_wconf 88' lang='lat' dir='ltr'>iniiciemus,</span> <span class='ocrx_word' id='word_1_198' title='bbox 557 1505 656 1562; x_wconf 93' lang='lat' dir='ltr'>quid</span> <span class='ocrx_word' id='word_1_199' title='bbox 698 1520 861 1562; x_wconf 88' lang='lat' dir='ltr'>quaque</span> <span class='ocrx_word' id='word_1_200' title='bbox 904 1506 943 1548; x_wconf 91' lang='lat' dir='ltr'>in</span> <span class='ocrx_word' id='word_1_201' title='bbox 984 1512 1098 1561; x_wconf 91' lang='lat' dir='ltr'>parte</span> <span class='ocrx_word' id='word_1_202' title='bbox 1139 1505 1393 1547; x_wconf 90' lang='lat' dir='ltr'>considerari</span> <span class='ocrx_word' id='word_1_203' title='bbox 1431 1511 1633 1559; x_wconf 88' lang='lat' dir='ltr'>oporteat.</span> <span class='ocrx_word' id='word_1_204' title='bbox 1691 1509 1737 1548; x_wconf 90' lang='lat' dir='ltr'>In</span> <span class='ocrx_word' id='word_1_205' title='bbox 1767 1509 1861 1550; x_wconf 77' lang='lat' dir='ltr'>loco</span> 
     </span>
     <span class='ocr_line' id='line_1_21' title="bbox 101 1567 1911 1624; baseline 0.001 -14"><span class='ocrx_word' id='word_1_206' title='bbox 101 1568 228 1623; x_wconf 90' lang='lat' dir='ltr'>igitur</span> <span class='ocrx_word' id='word_1_207' title='bbox 258 1568 568 1624; x_wconf 87' lang='lat' dir='ltr'>opportunitas,</span> <span class='ocrx_word' id='word_1_208' title='bbox 616 1570 657 1610; x_wconf 95' lang='lat' dir='ltr'>in</span> <span class='ocrx_word' id='word_1_209' title='bbox 696 1575 883 1624; x_wconf 90' lang='lat' dir='ltr'>tempore</span> <span class='ocrx_word' id='word_1_210' title='bbox 914 1568 1220 1623; x_wconf 83' lang='lat' dir='ltr'>longinquitas,</span> <span class='ocrx_word' id='word_1_211' title='bbox 1267 1567 1309 1609; x_wconf 93' lang='lat' dir='ltr'>in</span> <span class='ocrx_word' id='word_1_212' title='bbox 1340 1570 1561 1610; x_wconf 90' lang='lat' dir='ltr'>occasione</span> <span class='ocrx_word' id='word_1_213' title='bbox 1591 1571 1860 1612; x_wconf 91' lang='lat' dir='ltr'>commoditas</span> <span class='ocrx_word' id='word_1_214' title='bbox 1876 1581 1911 1606; x_wconf 86' lang='lat'>20</span> 
     </span>
     <span class='ocr_line' id='line_1_22' title="bbox 102 1629 1861 1687; baseline 0.002 -16"><span class='ocrx_word' id='word_1_215' title='bbox 102 1632 153 1671; x_wconf 90' lang='lat' dir='ltr'>ad</span> <span class='ocrx_word' id='word_1_216' title='bbox 183 1629 416 1672; x_wconf 88' lang='lat' dir='ltr'>faciendum</span> <span class='ocrx_word' id='word_1_217' title='bbox 438 1630 607 1680; x_wconf 91' lang='lat' dir='ltr'>idonea,</span> <span class='ocrx_word' id='word_1_218' title='bbox 640 1634 681 1672; x_wconf 90' lang='lat' dir='ltr'>in</span> <span class='ocrx_word' id='word_1_219' title='bbox 711 1630 902 1673; x_wconf 82' lang='lat' dir='ltr'>facultate</span> <span class='ocrx_word' id='word_1_220' title='bbox 926 1630 1045 1686; x_wconf 89' lang='lat' dir='ltr'>copia</span> <span class='ocrx_word' id='word_1_221' title='bbox 1066 1636 1106 1672; x_wconf 90' lang='lat' dir='ltr'>et</span> <span class='ocrx_word' id='word_1_222' title='bbox 1125 1636 1304 1686; x_wconf 90' lang='lat' dir='ltr'>potestas</span> <span class='ocrx_word' id='word_1_223' title='bbox 1325 1644 1466 1672; x_wconf 89' lang='lat' dir='ltr'>earum</span> <span class='ocrx_word' id='word_1_224' title='bbox 1495 1644 1660 1680; x_wconf 89' lang='lat' dir='ltr'>rerum,</span> <span class='ocrx_word' id='word_1_225' title='bbox 1690 1639 1861 1687; x_wconf 85' lang='lat' dir='ltr'>propter</span> 
     </span>
     <span class='ocr_line' id='line_1_23' title="bbox 102 1692 1860 1750; baseline 0.002 -16"><span class='ocrx_word' id='word_1_226' title='bbox 102 1706 203 1749; x_wconf 89' lang='lat' dir='ltr'>quas</span> <span class='ocrx_word' id='word_1_227' title='bbox 232 1692 388 1747; x_wconf 92' lang='lat' dir='ltr'>aliquid</span> <span class='ocrx_word' id='word_1_228' title='bbox 418 1692 579 1736; x_wconf 90' lang='lat' dir='ltr'>facilius</span> <span class='ocrx_word' id='word_1_229' title='bbox 608 1693 653 1735; x_wconf 89' lang='lat' dir='ltr'>fit</span> <span class='ocrx_word' id='word_1_230' title='bbox 683 1700 751 1735; x_wconf 91' lang='lat' dir='ltr'>aut</span> <span class='ocrx_word' id='word_1_231' title='bbox 781 1693 932 1750; x_wconf 89' lang='lat' dir='ltr'>quibus</span> <span class='ocrx_word' id='word_1_232' title='bbox 962 1694 1050 1734; x_wconf 88' lang='lat' dir='ltr'>sine</span> <span class='ocrx_word' id='word_1_233' title='bbox 1081 1693 1249 1734; x_wconf 88' lang='lat' dir='ltr'>omnino</span> <span class='ocrx_word' id='word_1_234' title='bbox 1282 1692 1426 1735; x_wconf 83' lang='lat' dir='ltr'>confici</span> <span class='ocrx_word' id='word_1_235' title='bbox 1457 1707 1540 1735; x_wconf 88' lang='lat' dir='ltr'>nou</span> <span class='ocrx_word' id='word_1_236' title='bbox 1570 1699 1728 1748; x_wconf 86' lang='lat' dir='ltr'>potest,</span> <span class='ocrx_word' id='word_1_237' title='bbox 1761 1709 1860 1737; x_wconf 86' lang='lat' dir='ltr'>con-</span> 
     </span>
     <span class='ocr_line' id='line_1_24' title="bbox 101 1755 1856 1812; baseline 0.003 -16"><span class='ocrx_word' id='word_1_238' title='bbox 101 1755 322 1797; x_wconf 89' lang='lat' dir='ltr'>sideranda</span> <span class='ocrx_word' id='word_1_239' title='bbox 353 1762 428 1797; x_wconf 90' lang='lat' dir='ltr'>est.</span> <span class='ocrx_word' id='word_1_240' title='bbox 505 1759 572 1798; x_wconf 68' lang='lat'>41.</span> <span class='ocrx_word' id='word_1_241' title='bbox 617 1756 775 1799; x_wconf 89' lang='lat' dir='ltr'>Deinde</span> <span class='ocrx_word' id='word_1_242' title='bbox 807 1755 1027 1798; x_wconf 78' lang='lat' dir='ltr'>videndum</span> <span class='ocrx_word' id='word_1_243' title='bbox 1060 1761 1145 1804; x_wconf 89' lang='lat' dir='ltr'>est,</span> <span class='ocrx_word' id='word_1_244' title='bbox 1195 1755 1295 1810; x_wconf 91' lang='lat' dir='ltr'>quid</span> <span class='ocrx_word' id='word_1_245' title='bbox 1324 1755 1561 1797; x_wconf 89' lang='lat' dir='ltr'>adiunctum</span> <span class='ocrx_word' id='word_1_246' title='bbox 1591 1757 1643 1799; x_wconf 91' lang='lat' dir='ltr'>sit</span> <span class='ocrx_word' id='word_1_247' title='bbox 1672 1761 1856 1812; x_wconf 86' lang='lat' dir='ltr'>negotio,</span> 
     </span>
     <span class='ocr_line' id='line_1_25' title="bbox 100 1817 1856 1875; baseline 0.002 -17"><span class='ocrx_word' id='word_1_248' title='bbox 100 1820 181 1859; x_wconf 92' lang='lat' dir='ltr'>hoc</span> <span class='ocrx_word' id='word_1_249' title='bbox 210 1822 295 1865; x_wconf 86' lang='lat' dir='ltr'>est,</span> <span class='ocrx_word' id='word_1_250' title='bbox 329 1818 427 1872; x_wconf 90' lang='lat' dir='ltr'>quid</span> <span class='ocrx_word' id='word_1_251' title='bbox 460 1819 612 1867; x_wconf 89' lang='lat' dir='ltr'>maius,</span> <span class='ocrx_word' id='word_1_252' title='bbox 645 1819 744 1873; x_wconf 90' lang='lat' dir='ltr'>quid</span> <span class='ocrx_word' id='word_1_253' title='bbox 775 1821 928 1866; x_wconf 90' lang='lat' dir='ltr'>minus,</span> <span class='ocrx_word' id='word_1_254' title='bbox 961 1817 1060 1874; x_wconf 92' lang='lat' dir='ltr'>quid</span> <span class='ocrx_word' id='word_1_255' title='bbox 1091 1831 1221 1872; x_wconf 84' lang='lat' dir='ltr'>aeque</span> <span class='ocrx_word' id='word_1_256' title='bbox 1253 1832 1446 1872; x_wconf 89' lang='lat' dir='ltr'>magnum</span> <span class='ocrx_word' id='word_1_257' title='bbox 1478 1818 1552 1867; x_wconf 90' lang='lat' dir='ltr'>sit,</span> <span class='ocrx_word' id='word_1_258' title='bbox 1585 1819 1682 1875; x_wconf 91' lang='lat' dir='ltr'>quid</span> <span class='ocrx_word' id='word_1_259' title='bbox 1704 1821 1856 1871; x_wconf 90' lang='lat' dir='ltr'>simile;</span> 
     </span>
     <span class='ocr_line' id='line_1_26' title="bbox 101 1880 1908 1937; baseline 0.001 -17"><span class='ocrx_word' id='word_1_260' title='bbox 101 1893 152 1921; x_wconf 86' lang='lat' dir='ltr'>ex</span> <span class='ocrx_word' id='word_1_261' title='bbox 184 1880 337 1935; x_wconf 90' lang='lat' dir='ltr'>quibus</span> <span class='ocrx_word' id='word_1_262' title='bbox 368 1880 607 1922; x_wconf 87' lang='lat' dir='ltr'>coniectura</span> <span class='ocrx_word' id='word_1_263' title='bbox 637 1883 840 1937; x_wconf 89' lang='lat' dir='ltr'>quaedam</span> <span class='ocrx_word' id='word_1_264' title='bbox 871 1881 1056 1929; x_wconf 79' lang='lat' dir='ltr'>ducitur,</span> <span class='ocrx_word' id='word_1_265' title='bbox 1098 1880 1155 1928; x_wconf 88' lang='lat' dir='ltr'>si,</span> <span class='ocrx_word' id='word_1_266' title='bbox 1188 1880 1535 1935; x_wconf 90' lang='lat' dir='ltr'>quemadmodum</span> <span class='ocrx_word' id='word_1_267' title='bbox 1565 1895 1633 1924; x_wconf 91' lang='lat' dir='ltr'>res</span> <span class='ocrx_word' id='word_1_268' title='bbox 1663 1887 1908 1933; x_wconf 81' lang='lat' dir='ltr'>maiores,2⁵</span> 
     </span>
     <span class='ocr_line' id='line_1_27' title="bbox 100 1941 1854 1998; baseline 0.003 -16"><span class='ocrx_word' id='word_1_269' title='bbox 100 1941 305 1989; x_wconf 91' lang='lat' dir='ltr'>minores,</span> <span class='ocrx_word' id='word_1_270' title='bbox 337 1955 469 1997; x_wconf 90' lang='lat' dir='ltr'>aeque</span> <span class='ocrx_word' id='word_1_271' title='bbox 499 1956 671 1997; x_wconf 89' lang='lat' dir='ltr'>magnae</span> <span class='ocrx_word' id='word_1_272' title='bbox 702 1943 938 1998; x_wconf 87' lang='lat' dir='ltr'>similesque</span> <span class='ocrx_word' id='word_1_273' title='bbox 968 1943 1033 1997; x_wconf 90' lang='lat' dir='ltr'>agi</span> <span class='ocrx_word' id='word_1_274' title='bbox 1063 1942 1241 1990; x_wconf 83' lang='lat' dir='ltr'>soleant,</span> <span class='ocrx_word' id='word_1_275' title='bbox 1274 1943 1493 1998; x_wconf 84' lang='lat' dir='ltr'>diligenter</span> <span class='ocrx_word' id='word_1_276' title='bbox 1513 1944 1854 1988; x_wconf 84' lang='lat' dir='ltr'>considerabitur.</span> 
     </span>
     <span class='ocr_line' id='line_1_28' title="bbox 102 2004 1855 2062; baseline 0.002 -17"><span class='ocrx_word' id='word_1_277' title='bbox 102 2005 196 2054; x_wconf 88' lang='lat' dir='ltr'>Quo</span> <span class='ocrx_word' id='word_1_278' title='bbox 240 2006 283 2046; x_wconf 93' lang='lat' dir='ltr'>in</span> <span class='ocrx_word' id='word_1_279' title='bbox 328 2018 480 2059; x_wconf 86' lang='lat' dir='ltr'>genere</span> <span class='ocrx_word' id='word_1_280' title='bbox 525 2012 696 2047; x_wconf 85' lang='lat' dir='ltr'>eventus</span> <span class='ocrx_word' id='word_1_281' title='bbox 732 2019 900 2060; x_wconf 88' lang='lat' dir='ltr'>quoque</span> <span class='ocrx_word' id='word_1_282' title='bbox 935 2004 1136 2048; x_wconf 87' lang='lat' dir='ltr'>videndus</span> <span class='ocrx_word' id='word_1_283' title='bbox 1169 2006 1269 2052; x_wconf 92' lang='lat' dir='ltr'>erit,</span> <span class='ocrx_word' id='word_1_284' title='bbox 1318 2008 1398 2048; x_wconf 93' lang='lat' dir='ltr'>hoc</span> <span class='ocrx_word' id='word_1_285' title='bbox 1426 2013 1513 2055; x_wconf 84' lang='lat' dir='ltr'>est,</span> <span class='ocrx_word' id='word_1_286' title='bbox 1561 2007 1658 2062; x_wconf 91' lang='lat' dir='ltr'>quid</span> <span class='ocrx_word' id='word_1_287' title='bbox 1691 2021 1743 2049; x_wconf 82' lang='lat' dir='ltr'>ex</span> <span class='ocrx_word' id='word_1_288' title='bbox 1773 2023 1855 2050; x_wconf 82' lang='lat' dir='ltr'>una</span> 
     </span>
     <span class='ocr_line' id='line_1_29' title="bbox 101 2066 1855 2123; baseline 0.002 -15"><span class='ocrx_word' id='word_1_289' title='bbox 101 2080 266 2122; x_wconf 91' lang='lat' dir='ltr'>quaque</span> <span class='ocrx_word' id='word_1_290' title='bbox 296 2082 341 2108; x_wconf 91' lang='lat' dir='ltr'>re</span> <span class='ocrx_word' id='word_1_291' title='bbox 371 2069 503 2109; x_wconf 89' lang='lat' dir='ltr'>soleat</span> <span class='ocrx_word' id='word_1_292' title='bbox 536 2068 731 2117; x_wconf 88' lang='lat' dir='ltr'>evenire,</span> <span class='ocrx_word' id='word_1_293' title='bbox 783 2067 947 2122; x_wconf 89' lang='lat' dir='ltr'>[magno</span> <span class='ocrx_word' id='word_1_294' title='bbox 981 2081 1109 2123; x_wconf 88' lang='lat' dir='ltr'>opere</span> <span class='ocrx_word' id='word_1_295' title='bbox 1139 2066 1483 2110; x_wconf 88' lang='lat' dir='ltr'>considerandum</span> <span class='ocrx_word' id='word_1_296' title='bbox 1515 2067 1590 2123; x_wconf 86' lang='lat' dir='ltr'>est]</span> <span class='ocrx_word' id='word_1_297' title='bbox 1633 2075 1678 2112; x_wconf 91' lang='lat' dir='ltr'>ut</span> <span class='ocrx_word' id='word_1_298' title='bbox 1707 2077 1855 2119; x_wconf 89' lang='lat' dir='ltr'>metus,</span> 
     </span>
     <span class='ocr_line' id='line_1_30' title="bbox 99 2128 1859 2187; baseline 0.002 -17"><span class='ocrx_word' id='word_1_299' title='bbox 99 2128 272 2178; x_wconf 91' lang='lat' dir='ltr'>laetitia,</span> <span class='ocrx_word' id='word_1_300' title='bbox 317 2128 524 2172; x_wconf 90' lang='lat' dir='ltr'>titubatio.</span> <span class='ocrx_word' id='word_1_301' title='bbox 603 2133 671 2171; x_wconf 71' lang='lat'>42.</span> <span class='ocrx_word' id='word_1_302' title='bbox 716 2131 870 2180; x_wconf 88' lang='lat' dir='ltr'>Quarta</span> <span class='ocrx_word' id='word_1_303' title='bbox 909 2136 1045 2172; x_wconf 88' lang='lat' dir='ltr'>autem</span> <span class='ocrx_word' id='word_1_304' title='bbox 1077 2143 1173 2183; x_wconf 87' lang='lat' dir='ltr'>pars</span> <span class='ocrx_word' id='word_1_305' title='bbox 1206 2135 1293 2171; x_wconf 86' lang='lat' dir='ltr'>erat</span> <span class='ocrx_word' id='word_1_306' title='bbox 1333 2144 1386 2172; x_wconf 81' lang='lat' dir='ltr'>ex</span> <span class='ocrx_word' id='word_1_307' title='bbox 1425 2130 1498 2179; x_wconf 89' lang='lat' dir='ltr'>iis,</span> <span class='ocrx_word' id='word_1_308' title='bbox 1547 2145 1647 2186; x_wconf 88' lang='lat' dir='ltr'>quas</span> <span class='ocrx_word' id='word_1_309' title='bbox 1685 2132 1859 2187; x_wconf 80' lang='lat' dir='ltr'>negotiis</span> 
     </span>
     <span class='ocr_line' id='line_1_31' title="bbox 102 2189 1909 2249; baseline -0.001 -17"><span class='ocrx_word' id='word_1_310' title='bbox 102 2189 340 2233; x_wconf 89' lang='lat' dir='ltr'>dicebamus</span> <span class='ocrx_word' id='word_1_311' title='bbox 361 2205 452 2234; x_wconf 89' lang='lat' dir='ltr'>esse</span> <span class='ocrx_word' id='word_1_312' title='bbox 474 2191 710 2241; x_wconf 88' lang='lat' dir='ltr'>attributas,</span> <span class='ocrx_word' id='word_1_313' title='bbox 744 2193 997 2235; x_wconf 85' lang='lat' dir='ltr'>consecutio.</span> <span class='ocrx_word' id='word_1_314' title='bbox 1055 2194 1102 2233; x_wconf 87' lang='lat' dir='ltr'>In</span> <span class='ocrx_word' id='word_1_315' title='bbox 1123 2206 1171 2233; x_wconf 88' lang='lat' dir='ltr'>ea</span> <span class='ocrx_word' id='word_1_316' title='bbox 1192 2198 1448 2246; x_wconf 86' lang='lat' dir='ltr'>quaeruntur</span> <span class='ocrx_word' id='word_1_317' title='bbox 1468 2206 1516 2234; x_wconf 90' lang='lat' dir='ltr'>ea</span> <span class='ocrx_word' id='word_1_318' title='bbox 1531 2224 1542 2242; x_wconf 92' lang='lat'>,</span> <span class='ocrx_word' id='word_1_319' title='bbox 1571 2207 1677 2249; x_wconf 89' lang='lat' dir='ltr'>quae</span> <span class='ocrx_word' id='word_1_320' title='bbox 1698 2202 1857 2248; x_wconf 84' lang='lat' dir='ltr'>gestum</span> <span class='ocrx_word' id='word_1_321' title='bbox 1874 2207 1909 2232; x_wconf 76' lang='lat' dir='ltr'>so</span> 
     </span>
     <span class='ocr_line' id='line_1_32' title="bbox 100 2253 1856 2311; baseline 0.002 -17"><span class='ocrx_word' id='word_1_322' title='bbox 100 2253 314 2308; x_wconf 86' lang='lat' dir='ltr'>negotium</span> <span class='ocrx_word' id='word_1_323' title='bbox 347 2254 564 2297; x_wconf 87' lang='lat' dir='ltr'>confestim</span> <span class='ocrx_word' id='word_1_324' title='bbox 602 2261 673 2298; x_wconf 87' lang='lat' dir='ltr'>aut</span> <span class='ocrx_word' id='word_1_325' title='bbox 702 2269 754 2297; x_wconf 87' lang='lat' dir='ltr'>ex</span> <span class='ocrx_word' id='word_1_326' title='bbox 785 2255 1006 2297; x_wconf 87' lang='lat' dir='ltr'>intervallo</span> <span class='ocrx_word' id='word_1_327' title='bbox 1038 2260 1362 2309; x_wconf 87' lang='lat' dir='ltr'>consequuntur.</span> <span class='ocrx_word' id='word_1_328' title='bbox 1424 2257 1470 2296; x_wconf 93' lang='lat' dir='ltr'>In</span> <span class='ocrx_word' id='word_1_329' title='bbox 1501 2269 1581 2311; x_wconf 89' lang='lat' dir='ltr'>qua</span> <span class='ocrx_word' id='word_1_330' title='bbox 1612 2256 1856 2305; x_wconf 85' lang='lat' dir='ltr'>videbimus,</span> 
     </span>
     <span class='ocr_line' id='line_1_33' title="bbox 102 2316 1858 2373; baseline 0.002 -16"><span class='ocrx_word' id='word_1_331' title='bbox 102 2329 232 2371; x_wconf 88' lang='lat' dir='ltr'>ecqua</span> <span class='ocrx_word' id='word_1_332' title='bbox 261 2319 518 2359; x_wconf 91' lang='lat' dir='ltr'>consuetudo</span> <span class='ocrx_word' id='word_1_333' title='bbox 548 2319 624 2367; x_wconf 89' lang='lat' dir='ltr'>sit,</span> <span class='ocrx_word' id='word_1_334' title='bbox 657 2332 788 2372; x_wconf 89' lang='lat' dir='ltr'>ecqua</span> <span class='ocrx_word' id='word_1_335' title='bbox 818 2317 907 2366; x_wconf 83' lang='lat' dir='ltr'>lex,</span> <span class='ocrx_word' id='word_1_336' title='bbox 939 2331 1068 2372; x_wconf 86' lang='lat' dir='ltr'>ecqua</span> <span class='ocrx_word' id='word_1_337' title='bbox 1099 2316 1231 2366; x_wconf 88' lang='lat' dir='ltr'>actio,</span> <span class='ocrx_word' id='word_1_338' title='bbox 1266 2320 1427 2373; x_wconf 88' lang='lat' dir='ltr'>ecquod</span> <span class='ocrx_word' id='word_1_339' title='bbox 1451 2320 1538 2360; x_wconf 90' lang='lat' dir='ltr'>eius</span> <span class='ocrx_word' id='word_1_340' title='bbox 1558 2320 1620 2359; x_wconf 91' lang='lat' dir='ltr'>rei</span> <span class='ocrx_word' id='word_1_341' title='bbox 1641 2320 1858 2361; x_wconf 81' lang='lat' dir='ltr'>artificium</span> 
     </span>
     <span class='ocr_line' id='line_1_34' title="bbox 101 2378 1860 2438; baseline 0.002 -19"><span class='ocrx_word' id='word_1_342' title='bbox 101 2385 172 2420; x_wconf 91' lang='lat' dir='ltr'>aut</span> <span class='ocrx_word' id='word_1_343' title='bbox 199 2392 299 2420; x_wconf 91' lang='lat' dir='ltr'>usus</span> <span class='ocrx_word' id='word_1_344' title='bbox 328 2385 398 2421; x_wconf 88' lang='lat' dir='ltr'>aut</span> <span class='ocrx_word' id='word_1_345' title='bbox 427 2380 692 2428; x_wconf 83' lang='lat' dir='ltr'>exercitatio,</span> <span class='ocrx_word' id='word_1_346' title='bbox 725 2380 940 2422; x_wconf 91' lang='lat' dir='ltr'>hominum</span> <span class='ocrx_word' id='word_1_347' title='bbox 970 2386 1040 2421; x_wconf 89' lang='lat' dir='ltr'>aut</span> <span class='ocrx_word' id='word_1_348' title='bbox 1070 2378 1314 2433; x_wconf 89' lang='lat' dir='ltr'>approbatio</span> <span class='ocrx_word' id='word_1_349' title='bbox 1346 2386 1415 2422; x_wconf 84' lang='lat' dir='ltr'>aut</span> <span class='ocrx_word' id='word_1_350' title='bbox 1445 2380 1644 2433; x_wconf 79' lang='lat' dir='ltr'>offensi03</span> <span class='ocrx_word' id='word_1_351' title='bbox 1689 2396 1740 2423; x_wconf 80' lang='lat' dir='ltr'>ex</span> <span class='ocrx_word' id='word_1_352' title='bbox 1771 2383 1860 2438; x_wconf 80' lang='lat' dir='ltr'>qui-</span> 
     </span>
     <span class='ocr_line' id='line_1_35' title="bbox 100 2441 1185 2498; baseline 0.001 -16"><span class='ocrx_word' id='word_1_353' title='bbox 100 2442 180 2482; x_wconf 92' lang='lat' dir='ltr'>bus</span> <span class='ocrx_word' id='word_1_354' title='bbox 210 2454 507 2496; x_wconf 87' lang='lat' dir='ltr'>nonnunquam</span> <span class='ocrx_word' id='word_1_355' title='bbox 540 2442 704 2484; x_wconf 89' lang='lat' dir='ltr'>elicitur</span> <span class='ocrx_word' id='word_1_356' title='bbox 733 2442 891 2497; x_wconf 89' lang='lat' dir='ltr'>aliquid</span> <span class='ocrx_word' id='word_1_357' title='bbox 922 2441 1185 2498; x_wconf 89' lang='lat' dir='ltr'>suspicionis.</span> 
     </span>
    </p>

    <p class='ocr_par' dir='ltr' id='par_1_4' title="bbox 102 2504 1908 2622">
     <span class='ocr_line' id='line_1_36' title="bbox 217 2504 1908 2560; baseline 0.002 -15"><span class='ocrx_word' id='word_1_358' title='bbox 217 2504 333 2545; x_wconf 90' lang='lat' dir='ltr'>XIII.</span> <span class='ocrx_word' id='word_1_359' title='bbox 379 2506 482 2546; x_wconf 91' lang='lat' dir='ltr'>Sunt</span> <span class='ocrx_word' id='word_1_360' title='bbox 512 2511 648 2546; x_wconf 87' lang='lat' dir='ltr'>autem</span> <span class='ocrx_word' id='word_1_361' title='bbox 678 2504 839 2560; x_wconf 90' lang='lat' dir='ltr'>aliquae</span> <span class='ocrx_word' id='word_1_362' title='bbox 869 2506 1151 2558; x_wconf 84' lang='lat' dir='ltr'>suspiciones,</span> <span class='ocrx_word' id='word_1_363' title='bbox 1200 2519 1306 2560; x_wconf 91' lang='lat' dir='ltr'>quae</span> <span class='ocrx_word' id='word_1_364' title='bbox 1337 2508 1611 2549; x_wconf 88' lang='lat' dir='ltr'>communiter</span> <span class='ocrx_word' id='word_1_365' title='bbox 1638 2513 1678 2549; x_wconf 90' lang='lat' dir='ltr'>et</span> <span class='ocrx_word' id='word_1_366' title='bbox 1707 2521 1758 2549; x_wconf 83' lang='lat' dir='ltr'>ex</span> <span class='ocrx_word' id='word_1_367' title='bbox 1789 2520 1858 2548; x_wconf 88' lang='lat' dir='ltr'>ne·</span> <span class='ocrx_word' id='word_1_368' title='bbox 1874 2516 1908 2543; x_wconf 84' lang='lat'>³⁵</span> 
     </span>
     <span class='ocr_line' id='line_1_37' title="bbox 102 2566 1860 2622; baseline 0.001 -13"><span class='ocrx_word' id='word_1_369' title='bbox 102 2566 313 2622; x_wconf 87' lang='lat' dir='ltr'>gotiorum</span> <span class='ocrx_word' id='word_1_370' title='bbox 354 2572 395 2608; x_wconf 89' lang='lat' dir='ltr'>et</span> <span class='ocrx_word' id='word_1_371' title='bbox 431 2582 483 2608; x_wconf 87' lang='lat' dir='ltr'>ex</span> <span class='ocrx_word' id='word_1_372' title='bbox 519 2580 795 2621; x_wconf 87' lang='lat' dir='ltr'>personarum</span> <span class='ocrx_word' id='word_1_373' title='bbox 824 2566 1164 2609; x_wconf 89' lang='lat' dir='ltr'>attributionibus</span> <span class='ocrx_word' id='word_1_374' title='bbox 1195 2574 1425 2610; x_wconf 91' lang='lat' dir='ltr'>sumuntur.</span> <span class='ocrx_word' id='word_1_375' title='bbox 1488 2571 1591 2611; x_wconf 89' lang='lat' dir='ltr'>Nam</span> <span class='ocrx_word' id='word_1_376' title='bbox 1622 2575 1663 2612; x_wconf 91' lang='lat' dir='ltr'>et</span> <span class='ocrx_word' id='word_1_377' title='bbox 1693 2583 1745 2611; x_wconf 76' lang='lat' dir='ltr'>ex</span> <span class='ocrx_word' id='word_1_378' title='bbox 1774 2570 1860 2610; x_wconf 88' lang='lat' dir='ltr'>sor-</span> 
     </span>
    </p>
   </div>
   <div class='ocr_carea' id='block_1_3' title="bbox 101 2705 1860 3403">
    <p class='ocr_par' dir='ltr' id='par_1_5' title="bbox 101 2705 1860 3403">
     <span class='ocr_line' id='line_1_38' title="bbox 194 2705 1858 2749; baseline -0.001 -10"><span class='ocrx_word' id='word_1_379' title='bbox 194 2707 228 2739; x_wconf 90' lang='lat'>1.</span> <span class='ocrx_word' id='word_1_380' title='bbox 256 2711 287 2739; x_wconf 84' lang='lat' dir='ltr'>et</span> <span class='ocrx_word' id='word_1_381' title='bbox 313 2706 354 2738; x_wconf 74' lang='lat' dir='ltr'>de</span> <span class='ocrx_word' id='word_1_382' title='bbox 377 2707 534 2739; x_wconf 79' lang='lat' dir='ltr'>moribus</span> <span class='ocrx_word' id='word_1_383' title='bbox 560 2706 698 2739; x_wconf 88' lang='lat' dir='ltr'>PART:</span> <span class='ocrx_word' id='word_1_384' title='bbox 726 2710 758 2739; x_wconf 86' lang='lat' dir='ltr'>et</span> <span class='ocrx_word' id='word_1_385' title='bbox 781 2707 936 2739; x_wconf 81' lang='lat' dir='ltr'>moribus</span> <span class='ocrx_word' id='word_1_386' title='bbox 961 2708 1046 2744; x_wconf 85' lang='lat' dir='ltr'>(om.</span> <span class='ocrx_word' id='word_1_387' title='bbox 1075 2705 1129 2746; x_wconf 82' lang='lat' dir='ltr'>de)</span> <span class='ocrx_word' id='word_1_388' title='bbox 1155 2707 1194 2739; x_wconf 91' lang='lat' dir='ltr'>E.</span> <span class='ocrx_word' id='word_1_389' title='bbox 1221 2724 1265 2728; x_wconf 97' lang='lat'><strong>—</strong></span> <span class='ocrx_word' id='word_1_390' title='bbox 1291 2708 1384 2747; x_wconf 85' lang='lat' dir='ltr'>quod</span> <span class='ocrx_word' id='word_1_391' title='bbox 1409 2708 1448 2739; x_wconf 84' lang='lat' dir='ltr'>de</span> <span class='ocrx_word' id='word_1_392' title='bbox 1473 2708 1554 2745; x_wconf 90' lang='lat' dir='ltr'>AT,</span> <span class='ocrx_word' id='word_1_393' title='bbox 1581 2708 1623 2739; x_wconf 81' lang='lat' dir='ltr'>de</span> <span class='ocrx_word' id='word_1_394' title='bbox 1648 2717 1714 2749; x_wconf 85' lang='lat' dir='ltr'>quo</span> <span class='ocrx_word' id='word_1_395' title='bbox 1741 2707 1858 2739; x_wconf 84' lang='lat' dir='ltr'>Schol.</span> 
     </span>
     <span class='ocr_line' id='line_1_39' title="bbox 103 2753 1860 2795; baseline -0.001 -9"><span class='ocrx_word' id='word_1_396' title='bbox 103 2753 198 2786; x_wconf 90' lang='lat' dir='ltr'>Oud.</span> <span class='ocrx_word' id='word_1_397' title='bbox 225 2758 259 2786; x_wconf 83' lang='lat' dir='ltr'>et</span> <span class='ocrx_word' id='word_1_398' title='bbox 283 2753 381 2785; x_wconf 87' lang='lat' dir='ltr'>Leid.</span> <span class='ocrx_word' id='word_1_399' title='bbox 409 2755 464 2791; x_wconf 90' lang='lat'>1.,</span> <span class='ocrx_word' id='word_1_400' title='bbox 507 2763 573 2794; x_wconf 87' lang='lat' dir='ltr'>quo</span> <span class='ocrx_word' id='word_1_401' title='bbox 616 2754 699 2795; x_wconf 87' lang='lat' dir='ltr'>(om.</span> <span class='ocrx_word' id='word_1_402' title='bbox 737 2753 791 2794; x_wconf 80' lang='lat' dir='ltr'>de)</span> <span class='ocrx_word' id='word_1_403' title='bbox 829 2754 1014 2786; x_wconf 81' lang='lat' dir='ltr'>Scbutzius</span> <span class='ocrx_word' id='word_1_404' title='bbox 1058 2755 1149 2786; x_wconf 90' lang='lat' dir='ltr'>coni.</span> <span class='ocrx_word' id='word_1_405' title='bbox 1189 2770 1228 2776; x_wconf 94' lang='lat'><em>—</em></span> <span class='ocrx_word' id='word_1_406' title='bbox 1274 2754 1306 2785; x_wconf 86' lang='lat'>2.</span> <span class='ocrx_word' id='word_1_407' title='bbox 1344 2755 1471 2785; x_wconf 79' lang='lat' dir='ltr'>institit</span> <span class='ocrx_word' id='word_1_408' title='bbox 1497 2755 1557 2786; x_wconf 85' lang='lat' dir='ltr'>AT</span> <span class='ocrx_word' id='word_1_409' title='bbox 1583 2759 1616 2786; x_wconf 82' lang='lat' dir='ltr'>et</span> <span class='ocrx_word' id='word_1_410' title='bbox 1642 2763 1693 2794; x_wconf 87' lang='lat' dir='ltr'>pr.</span> <span class='ocrx_word' id='word_1_411' title='bbox 1723 2754 1770 2791; x_wconf 85' lang='grc' dir='ltr'>Ρ,</span> <span class='ocrx_word' id='word_1_412' title='bbox 1811 2755 1860 2785; x_wconf 77' lang='lat' dir='ltr'>in-</span> 
     </span>
     <span class='ocr_line' id='line_1_40' title="bbox 101 2799 1857 2838; baseline 0.001 -6"><span class='ocrx_word' id='word_1_413' title='bbox 101 2804 166 2832; x_wconf 76' lang='lat' dir='ltr'>stet</span> <span class='ocrx_word' id='word_1_414' title='bbox 190 2799 227 2830; x_wconf 83' lang='lat' dir='ltr'>id</span> <span class='ocrx_word' id='word_1_415' title='bbox 252 2808 341 2831; x_wconf 88' lang='lat' dir='ltr'>corr.</span> <span class='ocrx_word' id='word_1_416' title='bbox 369 2800 413 2838; x_wconf 91' lang='lat' dir='ltr'>P,</span> <span class='ocrx_word' id='word_1_417' title='bbox 440 2801 551 2832; x_wconf 78' lang='lat' dir='ltr'>instat</span> <span class='ocrx_word' id='word_1_418' title='bbox 577 2801 620 2833; x_wconf 90' lang='lat' dir='ltr'>R.</span> <span class='ocrx_word' id='word_1_419' title='bbox 649 2816 691 2825; x_wconf 90' lang='lat'>—</span> <span class='ocrx_word' id='word_1_420' title='bbox 716 2800 749 2833; x_wconf 71' lang='grc'><strong>4.</strong></span> <span class='ocrx_word' id='word_1_421' title='bbox 779 2809 836 2833; x_wconf 86' lang='lat' dir='ltr'>eae</span> <span class='ocrx_word' id='word_1_422' title='bbox 860 2801 886 2832; x_wconf 93' lang='lat' dir='ltr'><strong>P</strong></span> <span class='ocrx_word' id='word_1_423' title='bbox 913 2807 947 2833; x_wconf 87' lang='lat' dir='ltr'>et</span> <span class='ocrx_word' id='word_1_424' title='bbox 972 2801 1089 2833; x_wconf 87' lang='lat' dir='ltr'>Schol.</span> <span class='ocrx_word' id='word_1_425' title='bbox 1123 2800 1240 2832; x_wconf 89' lang='lat' dir='ltr'>Oud.:</span> <span class='ocrx_word' id='word_1_426' title='bbox 1268 2801 1331 2833; x_wconf 81' lang='lat' dir='ltr'>hae</span> <span class='ocrx_word' id='word_1_427' title='bbox 1359 2801 1495 2832; x_wconf 81' lang='lat' dir='ltr'>ARTE.</span> <span class='ocrx_word' id='word_1_428' title='bbox 1531 2817 1567 2823; x_wconf 89' lang='lat'>—</span> <span class='ocrx_word' id='word_1_429' title='bbox 1594 2800 1628 2832; x_wconf 84' lang='lat'>7.</span> <span class='ocrx_word' id='word_1_430' title='bbox 1649 2801 1701 2831; x_wconf 78' lang='lat' dir='ltr'>his</span> <span class='ocrx_word' id='word_1_431' title='bbox 1722 2801 1857 2833; x_wconf 71' lang='lat' dir='ltr'>PART.</span> 
     </span>
     <span class='ocr_line' id='line_1_41' title="bbox 104 2845 1857 2887; baseline 0.001 -9"><span class='ocrx_word' id='word_1_432' title='bbox 104 2861 144 2868; x_wconf 92' lang='lat'>—</span> <span class='ocrx_word' id='word_1_433' title='bbox 171 2845 205 2878; x_wconf 89' lang='grc'>8.</span> <span class='ocrx_word' id='word_1_434' title='bbox 235 2854 354 2878; x_wconf 82' lang='lat' dir='ltr'>earum</span> <span class='ocrx_word' id='word_1_435' title='bbox 380 2846 588 2880; x_wconf 79' lang='lat' dir='ltr'>Schutzius:</span> <span class='ocrx_word' id='word_1_436' title='bbox 617 2857 735 2880; x_wconf 84' lang='lat' dir='ltr'>eorum</span> <span class='ocrx_word' id='word_1_437' title='bbox 760 2847 786 2879; x_wconf 91' lang='lat' dir='ltr'>E</span> <span class='ocrx_word' id='word_1_438' title='bbox 813 2856 891 2879; x_wconf 89' lang='lat' dir='ltr'>cum</span> <span class='ocrx_word' id='word_1_439' title='bbox 917 2848 1038 2879; x_wconf 81' lang='lat' dir='ltr'>PART</span> <span class='ocrx_word' id='word_1_440' title='bbox 1065 2850 1274 2887; x_wconf 84' lang='lat' dir='ltr'>ceterisque.</span> <span class='ocrx_word' id='word_1_441' title='bbox 1305 2864 1341 2870; x_wconf 92' lang='lat'>—</span> <span class='ocrx_word' id='word_1_442' title='bbox 1383 2849 1439 2879; x_wconf 93' lang='grc'><strong>10.</strong></span> <span class='ocrx_word' id='word_1_443' title='bbox 1463 2847 1600 2886; x_wconf 74' lang='lat' dir='ltr'>possint</span> <span class='ocrx_word' id='word_1_444' title='bbox 1623 2846 1683 2878; x_wconf 86' lang='lat' dir='ltr'>AT</span> <span class='ocrx_word' id='word_1_445' title='bbox 1710 2852 1743 2879; x_wconf 83' lang='lat' dir='ltr'>et.</span> <span class='ocrx_word' id='word_1_446' title='bbox 1769 2856 1857 2880; x_wconf 85' lang='lat' dir='ltr'>corr.</span> 
     </span>
     <span class='ocr_line' id='line_1_42' title="bbox 101 2893 1856 2935; baseline 0.001 -10"><span class='ocrx_word' id='word_1_447' title='bbox 101 2893 150 2925; x_wconf 87' lang='lat' dir='ltr'>P:</span> <span class='ocrx_word' id='word_1_448' title='bbox 175 2896 318 2932; x_wconf 77' lang='lat' dir='ltr'>possunt</span> <span class='ocrx_word' id='word_1_449' title='bbox 344 2893 370 2924; x_wconf 91' lang='lat' dir='ltr'>E</span> <span class='ocrx_word' id='word_1_450' title='bbox 396 2901 473 2926; x_wconf 89' lang='lat' dir='ltr'>cum</span> <span class='ocrx_word' id='word_1_451' title='bbox 498 2895 529 2926; x_wconf 87' lang='lat' dir='ltr'>R</span> <span class='ocrx_word' id='word_1_452' title='bbox 556 2899 589 2927; x_wconf 90' lang='lat' dir='ltr'>et</span> <span class='ocrx_word' id='word_1_453' title='bbox 617 2904 667 2935; x_wconf 87' lang='lat' dir='ltr'>pr.</span> <span class='ocrx_word' id='word_1_454' title='bbox 695 2895 734 2925; x_wconf 87' lang='lat' dir='ltr'>P.</span> <span class='ocrx_word' id='word_1_455' title='bbox 766 2909 800 2916; x_wconf 89' lang='lat'>—-</span> <span class='ocrx_word' id='word_1_456' title='bbox 831 2896 888 2927; x_wconf 94' lang='lat'>11.</span> <span class='ocrx_word' id='word_1_457' title='bbox 915 2895 1149 2926; x_wconf 79' lang='lat' dir='ltr'>considerasse</span> <span class='ocrx_word' id='word_1_458' title='bbox 1174 2894 1221 2931; x_wconf 90' lang='lat' dir='ltr'>P,</span> <span class='ocrx_word' id='word_1_459' title='bbox 1249 2893 1365 2926; x_wconf 87' lang='lat' dir='ltr'>Schol.</span> <span class='ocrx_word' id='word_1_460' title='bbox 1394 2894 1485 2926; x_wconf 85' lang='lat' dir='ltr'>Oud.</span> <span class='ocrx_word' id='word_1_461' title='bbox 1529 2894 1626 2924; x_wconf 79' lang='lat' dir='ltr'>Voss.</span> <span class='ocrx_word' id='word_1_462' title='bbox 1653 2894 1700 2924; x_wconf 84' lang='grc' dir='ltr'><strong>ΙΙ.</strong></span> <span class='ocrx_word' id='word_1_463' title='bbox 1743 2894 1856 2927; x_wconf 70' lang='grc' dir='ltr'><strong>Οιιηι.</strong></span> 
     </span>
     <span class='ocr_line' id='line_1_43' title="bbox 103 2939 1857 2974; baseline 0 -2"><span class='ocrx_word' id='word_1_464' title='bbox 103 2948 216 2972; x_wconf 89' lang='lat' dir='ltr'>unus:</span> <span class='ocrx_word' id='word_1_465' title='bbox 246 2940 464 2973; x_wconf 78' lang='lat' dir='ltr'>considerare</span> <span class='ocrx_word' id='word_1_466' title='bbox 489 2941 623 2974; x_wconf 86' lang='lat' dir='ltr'>ARTE.</span> <span class='ocrx_word' id='word_1_467' title='bbox 654 2957 694 2964; x_wconf 91' lang='lat'><em>-</em></span> <span class='ocrx_word' id='word_1_468' title='bbox 737 2942 791 2974; x_wconf 92' lang='lat'>15.</span> <span class='ocrx_word' id='word_1_469' title='bbox 818 2946 899 2973; x_wconf 81' lang='lat' dir='ltr'>sunt</span> <span class='ocrx_word' id='word_1_470' title='bbox 925 2942 1115 2973; x_wconf 75' lang='lat' dir='ltr'>attributae</span> <span class='ocrx_word' id='word_1_471' title='bbox 1141 2941 1288 2972; x_wconf 79' lang='lat' dir='ltr'>PART:</span> <span class='ocrx_word' id='word_1_472' title='bbox 1331 2941 1522 2971; x_wconf 81' lang='lat' dir='ltr'>attributae</span> <span class='ocrx_word' id='word_1_473' title='bbox 1544 2943 1626 2971; x_wconf 71' lang='lat' dir='ltr'>sunt</span> <span class='ocrx_word' id='word_1_474' title='bbox 1651 2939 1690 2971; x_wconf 93' lang='lat' dir='ltr'>E.</span> <span class='ocrx_word' id='word_1_475' title='bbox 1723 2957 1758 2963; x_wconf 95' lang='lat'>—-</span> <span class='ocrx_word' id='word_1_476' title='bbox 1802 2941 1857 2973; x_wconf 82' lang='lat'>18.</span> 
     </span>
     <span class='ocr_line' id='line_1_44' title="bbox 101 2985 1860 3028; baseline 0 -9"><span class='ocrx_word' id='word_1_477' title='bbox 101 2995 145 3019; x_wconf 76' lang='lat' dir='ltr'>nc</span> <span class='ocrx_word' id='word_1_478' title='bbox 171 2994 239 3019; x_wconf 92' lang='lat' dir='ltr'>om.</span> <span class='ocrx_word' id='word_1_479' title='bbox 266 2985 340 3016; x_wconf 79' lang='lat' dir='ltr'>AT.</span> <span class='ocrx_word' id='word_1_480' title='bbox 378 3002 422 3007; x_wconf 94' lang='lat'>—</span> <span class='ocrx_word' id='word_1_481' title='bbox 462 2988 517 3019; x_wconf 82' lang='lat'>19.</span> <span class='ocrx_word' id='word_1_482' title='bbox 543 2990 723 3021; x_wconf 80' lang='lat' dir='ltr'>iniciemus</span> <span class='ocrx_word' id='word_1_483' title='bbox 759 2990 844 3027; x_wconf 87' lang='lat' dir='ltr'>(sic,</span> <span class='ocrx_word' id='word_1_484' title='bbox 882 2997 1055 3028; x_wconf 85' lang='lat' dir='ltr'>superser.</span> <span class='ocrx_word' id='word_1_485' title='bbox 1083 2986 1406 3026; x_wconf 81' lang='lat' dir='ltr'>demonstrabimus)</span> <span class='ocrx_word' id='word_1_486' title='bbox 1442 2995 1529 3017; x_wconf 89' lang='lat' dir='ltr'>corr.</span> <span class='ocrx_word' id='word_1_487' title='bbox 1568 2986 1619 3017; x_wconf 90' lang='lat' dir='ltr'>P:</span> <span class='ocrx_word' id='word_1_488' title='bbox 1658 2987 1860 3019; x_wconf 81' lang='lat' dir='ltr'>inieciemus</span> 
     </span>
     <span class='ocr_line' id='line_1_45' title="bbox 104 3033 1859 3076; baseline 0 -11"><span class='ocrx_word' id='word_1_489' title='bbox 104 3042 154 3073; x_wconf 83' lang='lat' dir='ltr'>pr.</span> <span class='ocrx_word' id='word_1_490' title='bbox 182 3033 233 3071; x_wconf 89' lang='lat' dir='ltr'>P,</span> <span class='ocrx_word' id='word_1_491' title='bbox 265 3033 447 3064; x_wconf 73' lang='lat' dir='ltr'>iniecimus</span> <span class='ocrx_word' id='word_1_492' title='bbox 472 3033 588 3067; x_wconf 89' lang='lat' dir='ltr'>Schol.</span> <span class='ocrx_word' id='word_1_493' title='bbox 618 3036 709 3069; x_wconf 92' lang='lat' dir='ltr'>Oud.</span> <span class='ocrx_word' id='word_1_494' title='bbox 749 3035 902 3073; x_wconf 86' lang='lat' dir='ltr'>Medic.,</span> <span class='ocrx_word' id='word_1_495' title='bbox 947 3036 1076 3076; x_wconf 86' lang='lat' dir='ltr'>aliique</span> <span class='ocrx_word' id='word_1_496' title='bbox 1112 3034 1210 3074; x_wconf 88' lang='lat' dir='ltr'>prob.</span> <span class='ocrx_word' id='word_1_497' title='bbox 1248 3033 1508 3070; x_wconf 80' lang='lat' dir='ltr'>Lindemanno,</span> <span class='ocrx_word' id='word_1_498' title='bbox 1549 3033 1859 3065; x_wconf 75' lang='lat' dir='ltr'>demonstrabimus</span> 
     </span>
     <span class='ocr_line' id='line_1_46' title="bbox 102 3078 1859 3123; baseline 0 -11"><span class='ocrx_word' id='word_1_499' title='bbox 102 3080 217 3116; x_wconf 85' lang='lat' dir='ltr'>RTE,</span> <span class='ocrx_word' id='word_1_500' title='bbox 245 3078 556 3113; x_wconf 77' lang='lat' dir='ltr'>demonstravimus</span> <span class='ocrx_word' id='word_1_501' title='bbox 582 3083 623 3114; x_wconf 88' lang='lat' dir='ltr'>A.</span> <span class='ocrx_word' id='word_1_502' title='bbox 661 3097 709 3105; x_wconf 89' lang='lat'>—</span> <span class='ocrx_word' id='word_1_503' title='bbox 749 3082 806 3114; x_wconf 89' lang='lat'>21.</span> <span class='ocrx_word' id='word_1_504' title='bbox 845 3080 1006 3123; x_wconf 80' lang='lat' dir='ltr'>propter]</span> <span class='ocrx_word' id='word_1_505' title='bbox 1042 3089 1106 3122; x_wconf 81' lang='lat' dir='ltr'>per</span> <span class='ocrx_word' id='word_1_506' title='bbox 1132 3080 1248 3113; x_wconf 88' lang='lat' dir='ltr'>Schol.</span> <span class='ocrx_word' id='word_1_507' title='bbox 1278 3080 1370 3112; x_wconf 91' lang='lat' dir='ltr'>Oud.</span> <span class='ocrx_word' id='word_1_508' title='bbox 1398 3079 1520 3110; x_wconf 85' lang='lat' dir='ltr'>Lamb.</span> <span class='ocrx_word' id='word_1_509' title='bbox 1562 3096 1598 3103; x_wconf 93' lang='lat'>—-</span> <span class='ocrx_word' id='word_1_510' title='bbox 1640 3079 1696 3113; x_wconf 88' lang='lat'>22.</span> <span class='ocrx_word' id='word_1_511' title='bbox 1736 3081 1859 3121; x_wconf 80' lang='lat' dir='ltr'>quibus</span> 
     </span>
     <span class='ocr_line' id='line_1_47' title="bbox 103 3125 1859 3170; baseline 0.001 -12"><span class='ocrx_word' id='word_1_512' title='bbox 103 3128 176 3158; x_wconf 75' lang='lat' dir='ltr'>sine</span> <span class='ocrx_word' id='word_1_513' title='bbox 200 3125 290 3157; x_wconf 79' lang='lat' dir='ltr'>PAT</span> <span class='ocrx_word' id='word_1_514' title='bbox 317 3128 496 3166; x_wconf 84' lang='lat' dir='ltr'>ceterique</span> <span class='ocrx_word' id='word_1_515' title='bbox 523 3130 670 3167; x_wconf 86' lang='lat' dir='ltr'>optimi:</span> <span class='ocrx_word' id='word_1_516' title='bbox 697 3129 770 3160; x_wconf 77' lang='lat' dir='ltr'>sine</span> <span class='ocrx_word' id='word_1_517' title='bbox 795 3129 917 3170; x_wconf 83' lang='lat' dir='ltr'>quibus</span> <span class='ocrx_word' id='word_1_518' title='bbox 943 3129 1015 3160; x_wconf 85' lang='lat' dir='ltr'>RE.</span> <span class='ocrx_word' id='word_1_519' title='bbox 1055 3143 1094 3150; x_wconf 94' lang='lat'>—</span> <span class='ocrx_word' id='word_1_520' title='bbox 1134 3128 1190 3159; x_wconf 83' lang='lat'>27.</span> <span class='ocrx_word' id='word_1_521' title='bbox 1229 3136 1301 3158; x_wconf 83' lang='lat' dir='ltr'>una</span> <span class='ocrx_word' id='word_1_522' title='bbox 1326 3135 1393 3156; x_wconf 88' lang='lat' dir='ltr'>om.</span> <span class='ocrx_word' id='word_1_523' title='bbox 1422 3126 1481 3157; x_wconf 81' lang='lat' dir='ltr'>AT</span> <span class='ocrx_word' id='word_1_524' title='bbox 1508 3129 1542 3158; x_wconf 85' lang='lat' dir='ltr'>et</span> <span class='ocrx_word' id='word_1_525' title='bbox 1568 3134 1619 3166; x_wconf 81' lang='lat' dir='ltr'>pr.</span> <span class='ocrx_word' id='word_1_526' title='bbox 1645 3125 1685 3158; x_wconf 90' lang='lat' dir='ltr'>P.</span> <span class='ocrx_word' id='word_1_527' title='bbox 1725 3144 1762 3150; x_wconf 94' lang='lat'>—</span> <span class='ocrx_word' id='word_1_528' title='bbox 1803 3129 1859 3166; x_wconf 71' lang='lat' dir='ltr'>(ex</span> 
     </span>
     <span class='ocr_line' id='line_1_48' title="bbox 102 3172 1857 3215; baseline -0.001 -11"><span class='ocrx_word' id='word_1_529' title='bbox 102 3182 174 3215; x_wconf 84' lang='lat' dir='ltr'>qua</span> <span class='ocrx_word' id='word_1_530' title='bbox 197 3182 234 3205; x_wconf 84' lang='lat' dir='ltr'>re</span> <span class='ocrx_word' id='word_1_531' title='bbox 260 3172 361 3204; x_wconf 84' lang='lat' dir='ltr'>Leid.</span> <span class='ocrx_word' id='word_1_532' title='bbox 389 3172 418 3203; x_wconf 91' lang='lat'>1.</span> <span class='ocrx_word' id='word_1_533' title='bbox 445 3173 488 3204; x_wconf 87' lang='grc' dir='ltr'><strong>ΙΙ.</strong></span> <span class='ocrx_word' id='word_1_534' title='bbox 518 3183 569 3214; x_wconf 86' lang='lat' dir='ltr'>pr.</span> <span class='ocrx_word' id='word_1_535' title='bbox 597 3175 713 3207; x_wconf 88' lang='lat' dir='ltr'>Schol.</span> <span class='ocrx_word' id='word_1_536' title='bbox 741 3176 833 3207; x_wconf 89' lang='lat' dir='ltr'>Oud.</span> <span class='ocrx_word' id='word_1_537' title='bbox 851 3198 860 3210; x_wconf 89' lang='lat'>,</span> <span class='ocrx_word' id='word_1_538' title='bbox 900 3178 973 3214; x_wconf 82' lang='lat' dir='ltr'>ipso</span> <span class='ocrx_word' id='word_1_539' title='bbox 1001 3172 1201 3214; x_wconf 85' lang='lat' dir='ltr'>probante.)</span> <span class='ocrx_word' id='word_1_540' title='bbox 1236 3190 1277 3196; x_wconf 94' lang='lat'>—</span> <span class='ocrx_word' id='word_1_541' title='bbox 1319 3172 1375 3203; x_wconf 87' lang='lat'>28.</span> <span class='ocrx_word' id='word_1_542' title='bbox 1412 3173 1476 3205; x_wconf 87' lang='lat' dir='ltr'>Vv.</span> <span class='ocrx_word' id='word_1_543' title='bbox 1495 3180 1625 3213; x_wconf 65' lang='lat' dir='ltr'>magno</span> <span class='ocrx_word' id='word_1_544' title='bbox 1652 3181 1752 3213; x_wconf 84' lang='lat' dir='ltr'>opere</span> <span class='ocrx_word' id='word_1_545' title='bbox 1777 3183 1857 3205; x_wconf 84' lang='lat' dir='ltr'>con-</span> 
     </span>
     <span class='ocr_line' id='line_1_49' title="bbox 102 3218 1857 3260; baseline -0.001 -8"><span class='ocrx_word' id='word_1_546' title='bbox 102 3219 328 3252; x_wconf 74' lang='lat' dir='ltr'>siderandum</span> <span class='ocrx_word' id='word_1_547' title='bbox 354 3222 402 3250; x_wconf 80' lang='lat' dir='ltr'>est</span> <span class='ocrx_word' id='word_1_548' title='bbox 426 3226 588 3258; x_wconf 81' lang='lat' dir='ltr'>suspecta</span> <span class='ocrx_word' id='word_1_549' title='bbox 615 3222 776 3254; x_wconf 85' lang='lat' dir='ltr'>Ernestio</span> <span class='ocrx_word' id='word_1_550' title='bbox 803 3222 872 3254; x_wconf 87' lang='lat' dir='ltr'>del.</span> <span class='ocrx_word' id='word_1_551' title='bbox 902 3223 1106 3258; x_wconf 73' lang='lat' dir='ltr'>Schutqus,</span> <span class='ocrx_word' id='word_1_552' title='bbox 1134 3221 1233 3258; x_wconf 82' lang='lat' dir='ltr'>prob.</span> <span class='ocrx_word' id='word_1_553' title='bbox 1261 3219 1419 3252; x_wconf 85' lang='lat' dir='ltr'>Lindem.</span> <span class='ocrx_word' id='word_1_554' title='bbox 1443 3236 1480 3242; x_wconf 90' lang='lat'>—</span> <span class='ocrx_word' id='word_1_555' title='bbox 1507 3218 1564 3250; x_wconf 81' lang='lat'>32.</span> <span class='ocrx_word' id='word_1_556' title='bbox 1588 3219 1652 3252; x_wconf 88' lang='lat' dir='ltr'>Vv.</span> <span class='ocrx_word' id='word_1_557' title='bbox 1671 3228 1778 3260; x_wconf 82' lang='lat' dir='ltr'>ecqua</span> <span class='ocrx_word' id='word_1_558' title='bbox 1802 3221 1857 3252; x_wconf 69' lang='lat' dir='ltr'>lea</span> 
     </span>
     <span class='ocr_line' id='line_1_50' title="bbox 104 3265 1857 3306; baseline -0.001 -8"><span class='ocrx_word' id='word_1_559' title='bbox 104 3275 200 3298; x_wconf 82' lang='lat' dir='ltr'>mero</span> <span class='ocrx_word' id='word_1_560' title='bbox 226 3274 309 3298; x_wconf 80' lang='lat' dir='ltr'>casu</span> <span class='ocrx_word' id='word_1_561' title='bbox 335 3275 406 3298; x_wconf 89' lang='lat' dir='ltr'>om.</span> <span class='ocrx_word' id='word_1_562' title='bbox 432 3265 532 3298; x_wconf 90' lang='lat' dir='ltr'>Grut.</span> <span class='ocrx_word' id='word_1_563' title='bbox 559 3267 682 3301; x_wconf 86' lang='lat' dir='ltr'>Graev.</span> <span class='ocrx_word' id='word_1_564' title='bbox 708 3269 747 3300; x_wconf 86' lang='lat' dir='ltr'>E.</span> <span class='ocrx_word' id='word_1_565' title='bbox 801 3269 940 3301; x_wconf 82' lang='lat' dir='ltr'>llabent</span> <span class='ocrx_word' id='word_1_566' title='bbox 966 3268 1042 3300; x_wconf 85' lang='lat' dir='ltr'>libri</span> <span class='ocrx_word' id='word_1_567' title='bbox 1069 3275 1189 3299; x_wconf 88' lang='lat' dir='ltr'>omnes</span> <span class='ocrx_word' id='word_1_568' title='bbox 1217 3270 1250 3298; x_wconf 84' lang='lat' dir='ltr'>et</span> <span class='ocrx_word' id='word_1_569' title='bbox 1276 3265 1486 3298; x_wconf 85' lang='lat' dir='ltr'>Victorinus.</span> <span class='ocrx_word' id='word_1_570' title='bbox 1528 3265 1713 3300; x_wconf 80' lang='lat' dir='ltr'>Praeterea</span> <span class='ocrx_word' id='word_1_571' title='bbox 1731 3275 1857 3306; x_wconf 76' lang='lat' dir='ltr'>ecquae</span> 
     </span>
     <span class='ocr_line' id='line_1_51' title="bbox 104 3311 1851 3356; baseline 0.002 -12"><span class='ocrx_word' id='word_1_572' title='bbox 104 3312 157 3345; x_wconf 86' lang='lat' dir='ltr'>bis</span> <span class='ocrx_word' id='word_1_573' title='bbox 182 3313 228 3351; x_wconf 91' lang='lat' dir='ltr'>E,</span> <span class='ocrx_word' id='word_1_574' title='bbox 265 3316 296 3344; x_wconf 85' lang='lat' dir='ltr'>et</span> <span class='ocrx_word' id='word_1_575' title='bbox 320 3322 390 3354; x_wconf 86' lang='lat' dir='ltr'>qua</span> <span class='ocrx_word' id='word_1_576' title='bbox 415 3316 466 3345; x_wconf 81' lang='lat' dir='ltr'>ter</span> <span class='ocrx_word' id='word_1_577' title='bbox 490 3313 531 3346; x_wconf 89' lang='lat' dir='ltr'>P.</span> <span class='ocrx_word' id='word_1_578' title='bbox 582 3315 626 3347; x_wconf 91' lang='lat' dir='ltr'>Ut</span> <span class='ocrx_word' id='word_1_579' title='bbox 657 3323 739 3355; x_wconf 82' lang='lat' dir='ltr'>nos,</span> <span class='ocrx_word' id='word_1_580' title='bbox 779 3315 820 3347; x_wconf 88' lang='lat' dir='ltr'>T.</span> <span class='ocrx_word' id='word_1_581' title='bbox 858 3330 900 3339; x_wconf 90' lang='lat'>—</span> <span class='ocrx_word' id='word_1_582' title='bbox 936 3316 1056 3356; x_wconf 81' lang='lat' dir='ltr'>pactio</span> <span class='ocrx_word' id='word_1_583' title='bbox 1088 3313 1149 3346; x_wconf 75' lang='lat' dir='ltr'>AT</span> <span class='ocrx_word' id='word_1_584' title='bbox 1183 3318 1217 3346; x_wconf 84' lang='lat' dir='ltr'>et</span> <span class='ocrx_word' id='word_1_585' title='bbox 1241 3320 1292 3353; x_wconf 84' lang='lat' dir='ltr'>pr.</span> <span class='ocrx_word' id='word_1_586' title='bbox 1321 3311 1360 3344; x_wconf 82' lang='lat' dir='ltr'>P.</span> <span class='ocrx_word' id='word_1_587' title='bbox 1402 3328 1442 3336; x_wconf 94' lang='lat'>—</span> <span class='ocrx_word' id='word_1_588' title='bbox 1482 3313 1672 3356; x_wconf 85' lang='lat' dir='ltr'>artificium</span> <span class='ocrx_word' id='word_1_589' title='bbox 1707 3313 1851 3347; x_wconf 80' lang='lat' dir='ltr'>PART:</span> 
     </span>
     <span class='ocr_line' id='line_1_52' title="bbox 105 3359 427 3403; baseline 0 -11"><span class='ocrx_word' id='word_1_590' title='bbox 105 3360 296 3403; x_wconf 77' lang='lat' dir='ltr'>artificium</span> <span class='ocrx_word' id='word_1_591' title='bbox 319 3360 364 3391; x_wconf 75' lang='lat' dir='ltr'>sit</span> <span class='ocrx_word' id='word_1_592' title='bbox 389 3359 427 3392; x_wconf 81' lang='lat' dir='ltr'>E.</span> 
     </span>
    </p>
   </div>
  </div>
 </body>
</html>
