2117 3762
240 256 322 298 234
935 250 1004 292 DE
1036 250 1282 295 ORATORE

239 374 288 403 ac
315 360 481 404 nomine
511 359 735 406 excellant,
789 354 869 411 [de]
912 354 1111 410 cuiusque
1148 357 1230 400 vita
1259 363 1380 415 atque
1409 362 1568 401 natura.
1629 359 1697 400 64.
1743 359 1980 404 Verborum

239 429 377 466 autem
420 424 527 466 ratio
572 428 613 464 et
655 432 780 475 genus
823 417 1022 460 orationis
1058 417 1195 461 susum
1232 427 1354 477 atque
1392 427 1567 464 tractum
1607 425 1648 463 et
1684 435 1778 463 cum
1814 423 1980 467 lenitate

241 489 420 542 quadam
456 484 664 541 aequabili
699 483 907 538 profluens
949 482 1036 522 sine
1064 483 1140 522 hac
1169 482 1352 527 iudiciali
1381 485 1600 540 asperitate
1631 489 1672 527 et
1700 484 1788 526 sine
1818 493 1979 530 senten-

241 552 392 592 tiarum
430 547 667 592 forensibus
710 543 863 586 aculeis
900 543 1233 600 persequendum
1272 553 1344 590 est.
1403 550 1559 589 Harum
1600 551 1660 589 tot
1699 552 1984 606 tantarumque

210 622 380 655 ⁵rerum
424 612 623 654 videtisne
666 607 750 650 ulla
793 620 883 649 esse
921 612 1168 664 praecepta,
1215 622 1320 665 quae
1358 610 1400 653 in
1439 609 1594 653 artibus
1623 612 1836 653 rhetorum
1865 625 1987 667 repe-

238 678 427 719 riantur?

349 741 395 780 In
425 734 571 778 eodem
602 733 763 776 silentio
793 732 922 775 multa
951 733 1029 776 alia
1060 737 1274 775 oratorum
1304 733 1439 777 officia
1467 738 1702 785 iacuerunt,
1736 736 1988 779 cohortatio-

237 815 335 850 nes,
383 797 710 846 consolationes,
756 802 1004 851 praecepta,
1047 795 1281 847 admonita3
1336 811 1439 852 quae
1479 800 1689 840 tractanda
1728 805 1822 841 sunt
1852 801 1988 842 omnia

237 862 530 910 disertissime,
562 862 636 903 sed
666 861 804 902 locum
834 873 954 901 suum
984 858 1027 900 in
1057 859 1120 901 his
1150 858 1326 909 artibus,
1362 874 1468 916 quae
1493 861 1666 903 traditae
1686 867 1801 912 sunt,
1834 861 1989 904 habent

187 935 221 960 ¹0
236 926 407 968 nullum.
468 926 536 966 65.
581 926 716 978 Atque
756 923 799 964 in
828 922 909 964 hoc
941 935 1094 977 genere
1124 922 1195 963 illa
1226 935 1394 978 quoque
1426 929 1486 964 est
1515 923 1671 966 infinita
1701 924 1825 974 silva,
1876 927 1988 981 quod

234 990 389 1030 oratori
419 987 606 1043 plerique
653 985 712 1040 (ut
747 985 867 1027 etiam
908 986 1080 1027 Crassus
1119 984 1310 1038 ostendit)
1354 987 1434 1026 duo
1476 999 1631 1040 genera
1674 986 1725 1028 ad
1767 987 1987 1030 dicendum

235 1050 464 1093 dederunt:
498 1062 626 1091 unum
647 1051 698 1090 de
720 1054 828 1090 certa
851 1046 1100 1103 definitaque
1124 1061 1270 1096 causa,
1304 1047 1445 1103 quales
1467 1053 1560 1089 sunt
1577 1080 1588 1097 ,
1621 1063 1724 1104 quae
1754 1049 1797 1091 in
1828 1050 1985 1100 litibus,

234 1113 413 1169 quaein
442 1110 811 1154 deliberationibus
841 1116 1081 1161 versantur3
1127 1109 1271 1159 addat,
1314 1109 1348 1151 si
1389 1112 1459 1165 qui
1500 1110 1638 1160 volet,
1683 1111 1806 1153 etiam
1848 1112 1989 1154 lauda-

233 1178 393 1219 tiones:
440 1175 615 1217 alterum
633 1206 644 1223 ,
677 1175 789 1230 quod
819 1173 1024 1229 appellant
1053 1187 1198 1215 omnes
1227 1174 1316 1214 fere
1347 1173 1595 1228 scriptores,
1639 1173 1818 1229 explicat
1846 1189 1985 1225 nem0,

184 1239 435 1282 ¹⁵infinitam
466 1238 629 1292 generis
660 1236 747 1278 sine
777 1241 967 1290 tempore
998 1241 1039 1277 et
1070 1236 1158 1277 sine
1188 1249 1366 1291 persona
1398 1236 1694 1291 quaestionem.
1767 1238 1858 1278 Hoc
1888 1237 1987 1292 quid

233 1308 275 1344 et
304 1306 502 1356 quantum
533 1301 613 1349 sit,
646 1312 739 1341 cum
771 1298 932 1347 dicunt,
963 1298 1194 1353 intelligere
1215 1299 1315 1339 mihi
1336 1313 1420 1339 non
1440 1297 1648 1340 videntur.
1709 1299 1777 1340 66.
1812 1299 1854 1340 Si
1875 1299 1987 1342 enim

233 1370 294 1407 est
324 1363 552 1411 orationis,
604 1375 877 1417 quaecunque
906 1375 975 1403 res
1013 1360 1170 1402 infinite
1208 1363 1341 1417 posita
1380 1362 1451 1409 sit,
1506 1359 1556 1402 de
1593 1374 1642 1402 ea
1679 1374 1802 1414 posse
1831 1362 1985 1412 dicere,

234 1426 452 1469 dicendum
484 1425 562 1467 erit
592 1424 652 1474 ei,
701 1430 851 1481 quanta
886 1424 939 1465 sit
978 1424 1077 1466 solis
1116 1423 1377 1478 magnitudo,
1422 1437 1527 1480 quae
1557 1424 1690 1464 forma'
1730 1427 1893 1475 terrae;
1935 1426 1987 1466 de

232 1487 555 1538 mathematicis,
611 1490 661 1529 de
700 1487 866 1529 musicis
904 1489 1029 1529 rebus
1068 1501 1151 1529 non
1189 1486 1362 1542 poterit,
1413 1485 1513 1541 quin
1554 1485 1686 1535 dicat,
1737 1487 1818 1527 hoc
1858 1499 1987 1528 onere

183 1560 219 1585 2⁰
232 1557 424 1608 suscepto
454 1564 663 1593 recusare.
721 1552 909 1605 Denique
941 1550 1002 1598 ei,
1042 1549 1113 1606 qui
1142 1548 1357 1606 profitetur
1388 1563 1478 1591 esse
1508 1563 1627 1590 suum
1657 1562 1741 1590 non
1772 1548 1906 1590 solum
1936 1551 1988 1590 de

232 1615 291 1658 eis
321 1613 634 1661 controversiis,
669 1627 774 1669 quae
806 1611 1063 1667 temporibus
1095 1617 1137 1654 et
1163 1612 1352 1668 personis
1381 1617 1545 1654 notatae
1575 1617 1690 1661 sunt,
1723 1610 1802 1653 hoc
1822 1616 1905 1661 est,
1937 1611 1989 1654 de

232 1676 423 1720 omnibus
453 1674 708 1723 forensibus,
739 1676 811 1716 sed
839 1674 961 1716 etiam
995 1674 1046 1716 de
1076 1688 1276 1730 generum
1308 1674 1475 1716 infinitis
1497 1674 1807 1729 quaestionibus
1829 1674 1986 1725 dicere,

231 1740 389 1783 nullum
421 1744 556 1795 potest
586 1752 676 1780 esse
706 1751 834 1792 genus
866 1739 1062 1786 oratoris,
1095 1737 1206 1793 quod
1236 1737 1289 1779 sit
1310 1742 1543 1793 exceptum.
1606 1739 1713 1780 XVI.
1744 1739 1810 1780 67.
1843 1739 1924 1780 Sed
1954 1739 1988 1780 si

231 1804 343 1845 illam
381 1814 547 1858 quoque
585 1806 743 1857 partem
783 1801 1071 1855 quaestionum
1101 1802 1258 1842 oratori
1289 1802 1479 1843 volumus
1510 1799 1740 1855 adiungere
1769 1814 1915 1856 vagam
1947 1807 1988 1844 et

182 1871 216 1897 ²⁵
230 1866 403 1909 liberam
434 1870 473 1906 et
502 1867 582 1906 late
611 1868 841 1920 patentem,
887 1869 932 1904 ut
962 1862 1012 1904 de
1042 1865 1168 1904 rebus
1198 1862 1316 1905 bonis
1347 1868 1417 1905 aut
1446 1863 1587 1912 malis,
1634 1864 1878 1919 expetendis
1919 1869 1990 1906 aut

229 1927 459 1983 fugiendis,
501 1926 686 1969 honestis
716 1931 786 1967 aut
815 1927 1027 1982 turpibus,
1072 1925 1242 1968 utilibus
1273 1931 1343 1968 aut
1372 1926 1607 1975 inutilibus,
1645 1925 1695 1967 de
1725 1928 1902 1976 virtute,
1937 1925 1988 1968 de

230 1990 410 2040 iustitia,
443 1993 493 2032 de
522 1989 793 2037 continentia,
824 1987 874 2029 de
902 1987 1144 2043 prudentia,
1176 1991 1226 2030 de
1256 1987 1535 2043 magnitudine
1566 1988 1715 2037 animi,
1750 1990 1801 2030 de
1830 1988 1982 2030 libera-

230 2054 367 2103 litate,
401 2052 451 2094 de
480 2052 655 2108 pietate,
689 2053 740 2093 de
771 2050 966 2099 amicitia,
998 2049 1049 2092 de
1077 2052 1183 2099 fide,
1215 2050 1266 2092 de
1299 2050 1460 2100 officio,
1503 2050 1554 2092 de
1584 2050 1730 2092 ceteris
1759 2051 1981 2093 virtutibus

233 2115 533 2171 contrariisque
571 2113 678 2156 vitiis
723 2113 943 2154 dicendum
984 2115 1138 2155 oratori
1169 2119 1382 2169 putemus;
1429 2114 1610 2170 itemque
1641 2113 1692 2155 de
1721 2127 1768 2155 re
1798 2115 1982 2167 publica,

182 2189 217 2215 ³0
232 2178 283 2221 de
311 2178 510 2234 imperio,
542 2176 593 2219 de
622 2190 667 2218 re
697 2176 886 2225 militari,
920 2175 970 2217 dc
1002 2175 1214 2232 disciplina
1235 2177 1430 2225 civitatis,
1462 2176 1512 2219 de
1533 2176 1748 2219 hominum
1770 2174 1982 2217 moribus:

231 2254 488 2283 assumamus
520 2254 610 2282 eam
639 2252 806 2295 quoque
835 2244 994 2292 partem
1014 2270 1026 2288 ,
1073 2241 1146 2280 sed
1187 2241 1262 2289 ita,
1308 2246 1354 2282 ut
1393 2240 1443 2282 sit
1472 2239 1783 2295 circumscripta
1811 2238 1984 2281 modicis

231 2302 486 2359 regionibus.
535 2304 602 2343 68.
634 2301 836 2357 Equidem
859 2302 1018 2351 omnia,
1052 2316 1157 2357 quae
1178 2302 1384 2357 pertinent
1403 2305 1453 2344 ad
1473 2317 1595 2344 usum
1617 2302 1792 2350 civium,
1823 2315 1985 2344 morem

230 2367 466 2415 hominum,
499 2380 604 2422 quae
634 2371 850 2407 versantur
878 2364 920 2406 in
952 2364 1249 2407 consuetudine
1281 2365 1412 2415 vitae,
1447 2365 1489 2407 in
1517 2365 1675 2407 ratione
1695 2365 1757 2406 rei
1776 2363 1982 2420 publicae,

231 2430 273 2471 in
302 2430 380 2470 hac
409 2428 604 2470 societate
634 2426 760 2476 civili,
792 2427 836 2468 in
866 2442 991 2469 sensu
1020 2427 1231 2469 hominum
1252 2428 1484 2476 communi,
1515 2428 1558 2470 in
1588 2435 1758 2477 natura,
1790 2428 1832 2469 in
1854 2429 1982 2469 mori—

183 2495 332 2542 asbus,
363 2489 750 2547 comprehendenda
780 2503 870 2531 esse
900 2492 1059 2532 oratori
1088 2496 1187 2545 puto
1204 2505 1214 2541 ;
1261 2491 1294 2532 si
1326 2492 1481 2540 minus,
1513 2496 1558 2532 ut
1587 2492 1809 2545 separatim
1839 2488 1891 2531 de
1921 2489 1985 2531 his

232 2554 358 2597 rebus
385 2555 728 2611 philosophorum
758 2566 876 2594 more
906 2555 1186 2607 respondeat3
1227 2559 1267 2594 at
1297 2560 1428 2602 certe,
1460 2558 1504 2595 ut
1533 2553 1576 2594 in
1605 2566 1727 2595 causa
1755 2554 1983 2608 prudenter

232 2618 363 2674 possit
390 2617 598 2659 intexere:
631 2615 742 2657 hisce
773 2621 911 2657 autem
940 2615 1041 2670 ipsis
1072 2615 1121 2657 de
1150 2614 1276 2658 rebus
1306 2621 1352 2658 ut
1382 2616 1435 2658 ita
1464 2617 1678 2672 loquatur,
1722 2620 1769 2656 ut
1800 2614 1864 2664 ei,
1910 2615 1981 2671 qui

232 2681 342 2729 iura,
388 2680 459 2735 qui
487 2679 620 2734 leges,
666 2680 735 2734 qui
767 2679 952 2721 civitates
983 2679 1300 2728 constituerunt,
1349 2678 1476 2721 locuti
1505 2683 1620 2727 sunt,
1668 2677 1914 2732 simpliciter
1944 2683 1984 2720 et

325 2829 359 2860 1.
389 2827 534 2859 excellat
558 2827 601 2858 R.
644 2843 685 2849 —
728 2826 769 2857 de
805 2826 950 2859 Pearcio
978 2830 1119 2858 auctore
1146 2827 1290 2858 seclusit
1316 2826 1473 2861 Ellendt,
1513 2833 1617 2864 quem
1643 2826 1752 2857 secuti
1778 2832 1914 2857 sumus.
1942 2841 1985 2847 -—

233 2878 364 2907 natura
389 2880 493 2916 atque
518 2875 594 2906 vita
619 2874 664 2905 R.
692 2889 732 2896 —
760 2874 793 2904 2.
824 2874 961 2905 levitate
987 2873 1027 2904 B.
1056 2890 1094 2895 —-
1123 2873 1157 2904 3.
1185 2873 1413 2914 aequabiliter
1439 2872 1478 2904 B.
1511 2887 1545 2893 ——
1573 2873 1742 2904 sententia
1768 2869 1842 2911 (sic)
1869 2871 1915 2904 R.
1944 2887 1982 2893 —

234 2922 268 2954 lt.
295 2921 487 2962 forensibus
511 2920 621 2953 ABR:
650 2920 837 2961 forensium
863 2920 902 2951 E.
929 2936 970 2941 -
996 2921 1269 2961 prosequendum
1293 2920 1334 2951 R.
1356 2936 1396 2942 -
1423 2919 1457 2951 5.
1484 2917 1572 2959 ulla]
1599 2919 1699 2950 nulla
1725 2918 1795 2951 ΑΒ.
1825 2917 1882 2958 (Ut
1906 2925 1983 2956 nOS,

234 2966 291 3007 R.)
330 2986 366 2991 —
404 2969 438 3000 7.
467 2972 654 3000 tacuerunt
679 2967 721 2998 R.
752 2985 789 2990 —
829 2967 1106 3004 cohortationes,
1131 2971 1343 3007 praecepta,
1370 2966 1642 3003 consolationes,
1669 2966 1848 2997 admonita
1873 2963 1913 2996 Α.
1943 2981 1980 2986 -

235 3015 268 3046 9.
288 3015 338 3045 his
356 3015 382 3045 B
402 3016 551 3054 aliique:
580 3015 649 3046 illis
664 3014 737 3045 RE.
759 3011 823 3055 (De
843 3015 869 3044 A
890 3023 957 3045 non
977 3011 1114 3053 liquet.)
1132 3029 1172 3035 —
1193 3014 1248 3044 11.
1270 3017 1428 3044 oratores
1443 3012 1514 3044 AB.
1539 3028 1574 3034 —
1596 3013 1652 3044 13.
1672 3012 1795 3054 qutB:
1821 3012 1896 3052 quis
1908 3010 1981 3041 RE.

237 3077 275 3084 —
297 3061 512 3093 laudationis
535 3062 578 3094 R.
602 3079 638 3084 —
668 3061 722 3092 17.
750 3070 901 3102 quaeque
925 3062 966 3092 R.
985 3077 1027 3082 —-
1053 3058 1110 3100 sit]
1138 3060 1197 3092 sed
1221 3059 1294 3091 AB.
1327 3074 1362 3080 —
1391 3058 1447 3091 18.
1477 3057 1519 3100 ei]
1548 3063 1577 3091 et
1601 3058 1674 3091 AB.
1696 3076 1734 3082 —
1760 3055 1980 3099 maynitudo]

231 3108 414 3149 plenitudo
441 3108 507 3139 Gu.
533 3109 566 3140 3.
596 3108 636 3140 Β.
677 3107 740 3148 (Ex
765 3109 793 3139 A
820 3107 905 3139 nihil
930 3111 1087 3140 notatum
1114 3104 1192 3145 est.)
1226 3122 1267 3127 —
1310 3105 1365 3137 19.
1405 3106 1489 3146 quid
1514 3106 1585 3138 AB.
1634 3122 1670 3128 —
1714 3103 1827 3144 onere]
1863 3111 1983 3143 genere

235 3154 340 3186 ABR.
369 3170 404 3175 -
433 3155 488 3185 20.
516 3153 557 3194 ei]
584 3155 635 3186 his
660 3155 703 3186 R.
732 3172 772 3178 —
799 3154 856 3185 21.
885 3155 930 3185 eis
956 3154 1067 3186 Codd.
1095 3153 1165 3184 al.:
1193 3153 1243 3183 his
1268 3152 1297 3182 R
1315 3176 1323 3190 ‚
1352 3153 1394 3183 iis
1420 3153 1458 3184 E.
1488 3170 1528 3175 —
1569 3157 1673 3185 notae
1698 3151 1801 3184 ABR.
1844 3149 1984 3190 (Emen-

237 3201 330 3232 davit
352 3199 562 3239 Manutius.)
598 3219 640 3224 -
683 3201 739 3233 24.
776 3202 934 3232 volumus
960 3197 1162 3242 adiungere]
1188 3199 1412 3240 adiunyimus
1438 3200 1463 3230 B
1491 3204 1524 3232 et
1548 3200 1632 3240 alii,
1668 3208 1736 3231 non
1763 3195 1980 3237 improbante

236 3245 425 3280 Ellendtio.
476 3247 544 3278 Sed
562 3270 570 3284 ,
597 3250 623 3279 si
651 3249 734 3281 fides
762 3248 936 3285 collatori,
965 3250 999 3279 in
1025 3248 1054 3278 A
1081 3251 1153 3278 est:
1193 3246 1352 3277 volumus
1379 3246 1613 3288 adiunqimus.
1649 3261 1689 3268 —
1725 3244 1782 3276 29.
1817 3247 1983 3284 putamus

235 3294 341 3326 ABR.
371 3310 407 3315 —
436 3292 591 3333 idemque
617 3293 683 3326 Gu.
712 3295 746 3327 3.
775 3300 808 3327 et
834 3294 996 3326 Ellendtii
1022 3302 1161 3334 operae.
1188 3309 1232 3314 -
1258 3292 1314 3324 34.
1342 3293 1491 3325 hominis
1516 3293 1588 3325 AB.
1621 3308 1654 3314 —
1693 3291 1751 3324 36.
1778 3290 1983 3331 respondeat

231 3339 514 3382 philosophorum
536 3349 629 3373 more
654 3342 695 3376 R.
726 3359 762 3364 —
792 3341 849 3374 37.
877 3342 907 3374 ei
934 3341 1043 3375 Codd.
1071 3340 1138 3372 ab:
1165 3339 1193 3371 ii
1216 3337 1301 3381 (ΑΒ)
1326 3339 1399 3371 RE.
