2117 3762
220 252 304 285 Vm

330 348 382 391 In
415 345 702 391 Oratoriis
729 339 1155 388 Partitionibus
1186 340 1326 383 tribus
1355 336 1592 387 codicibus
1623 341 1691 385 usi
1721 354 1893 386 sumus:

330 423 376 465 Y
404 435 457 457 Ξ
486 422 723 477 Excerptis
752 419 1047 475 Gryphianis,
1077 419 1125 459 ut
1154 418 1199 459 in
1229 415 1420 472 Topicis.

331 497 374 540 R
403 510 456 532 =
485 499 553 539 est
583 495 688 539 Cod.
717 493 1082 550 Rehdigerianus.

333 573 374 615 V
403 585 455 606 =
486 570 590 615 Cod.
620 568 965 627 Vitebergensis.
1008 562 1077 620 [B
1118 578 1171 601 =
1201 565 1493 626 Erlangensis
1521 561 1759 620 Ernestii]

334 648 385 690 In
415 648 561 689 libello
592 645 654 687 de
685 645 884 700 optimo
915 653 1125 700 genere
1157 644 1434 685 oratorum
1465 647 1645 699 praesto
1676 645 1798 686 erat:

333 735 358 764 a
388 735 440 756 Ξ
471 721 575 765 Cod.
615 718 924 776 Sangallensis
964 717 1015 761 N.
1047 716 1165 760 313.
1213 713 1315 762 Sec.
1344 716 1425 760 XI.
1457 719 1668 776 optimus,
1714 718 1850 774 idem,
1894 717 1966 774 qui

222 797 266 838 in
296 796 472 851 Topicis
501 795 624 838 nobis
654 797 723 837 est
753 794 792 836 d.

333 871 374 914 U
403 884 454 905 =
484 868 589 913 cod.
621 868 899 913 Oxoniensis.

335 959 364 988 v
393 960 446 980 Ξ
476 945 581 988 Cod.
612 944 961 1000 Vitebergensis.
1712 989 1716 991 Δ

333 1019 533 1065 Ceterum
573 1021 616 1062 in
654 1022 794 1062 altera
835 1019 917 1062 hac
957 1013 1173 1070 editione,
1219 1028 1330 1072 quae
1370 1018 1518 1059 certas
1556 1020 1742 1074 propter
1770 1020 1969 1062 rationes

227 1099 335 1140 citra
366 1098 524 1150 prioris
553 1094 766 1137 modulum
797 1095 1037 1136 subsistere
1069 1092 1285 1149 debebat,
1317 1093 1514 1147 quamvis
1545 1095 1612 1135 tot
1633 1107 1751 1136 nova
1772 1094 1968 1137 subsidia

227 1172 326 1214 inde
347 1173 401 1214 ab
422 1171 490 1213 his
511 1172 670 1229 viginti
692 1171 866 1213 circiter
886 1169 1012 1211 annis
1032 1168 1149 1211 nacti
1174 1180 1397 1223 essemus,
1426 1168 1483 1210 ad
1504 1170 1691 1224 spatium
1712 1168 1967 1212 lucrandum

227 1248 429 1302 imprimis
462 1249 556 1289 erat
589 1245 827 1288 omittenda
861 1257 913 1287 ea
944 1243 1180 1286 edit-ionum
1209 1245 1431 1299 varietas,
1464 1256 1575 1300 quae
1606 1243 1662 1286 ad
1698 1243 1970 1287 emendanda

225 1319 450 1365 Ciceronis
479 1323 617 1365 verba
654 1323 734 1364 iam
780 1320 884 1362 nihil
920 1319 1124 1363 conferre
1157 1318 1385 1361 videretur
1423 1331 1475 1362 ac
1517 1319 1699 1362 lectoris
1743 1319 1971 1362 dumtaxat

225 1399 519 1440 curiositatem
550 1399 774 1453 pasceret,
803 1397 927 1437 immo
957 1394 1172 1437 interdum
1205 1395 1334 1437 etiam
1364 1394 1591 1452 fatigaret.
1649 1393 1893 1448 Quo-circa,
1923 1396 1971 1436 ut

228 1472 311 1516 hoc
362 1486 490 1514 unum
539 1474 779 1527 exemplum
827 1471 1085 1523 afferamus,
1134 1483 1259 1512 nemo
1301 1471 1345 1512 in
1388 1470 1471 1513 hac
1513 1470 1708 1526 requirat
1752 1471 1971 1528 integram

227 1549 456 1590 lectionem
500 1549 821 1591 Lambinianam
865 1548 966 1589 anni
1005 1546 1070 1589 M.
1100 1546 1153 1588 D.
1181 1545 1344 1589 LXVI.
1374 1558 1516 1602 neque
1546 1544 1858 1589 Schutzianam
1889 1556 1972 1587 nec

228 1625 295 1665 tot
315 1625 495 1665 aliorum
524 1625 725 1666 librorum
749 1623 1045 1665 Tullianorum
1066 1634 1261 1664 seorsum
1284 1621 1519 1675 editorum,
1549 1621 1593 1662 in
1615 1633 1700 1677 qua
1721 1619 1973 1677 colligenda

230 1699 476 1741 elaborarat
508 1697 719 1754 Orellius‚
751 1699 862 1740 omni
894 1700 998 1741 tunc
1029 1697 1230 1740 adiutore
1260 1696 1510 1740 destitutus.
1567 1696 1638 1739 Ita
1658 1695 1754 1750 fiet,
1783 1700 1832 1737 ut
1853 1695 1974 1750 prior

230 1787 400 1829 quoque
429 1786 533 1817 cura
565 1775 747 1829 pretium
777 1772 951 1829 aliquod
971 1774 1175 1827 retineat,
1206 1773 1290 1815 etsi
1312 1772 1423 1816 haec
1443 1773 1584 1815 altera
1606 1784 1632 1814 a
1652 1771 1798 1825 nobis,
1814 1769 1973 1826 'quoad

230 1850 322 1891 eius
351 1849 441 1892 fieri
471 1850 640 1907 potuit,
670 1862 763 1893 cum
795 1851 931 1892 totius
960 1848 1219 1905 disciplinae
1250 1860 1492 1905 progressu
1523 1846 1771 1903 adaequata
1802 1848 1883 1889 est.
