2117 3762
275 195 356 237 [450
1037 183 1253 226 ORATOR

273 305 380 349 tres,
430 309 622 340 numerus
653 307 676 335 a
706 287 970 346 quibusdam,
1019 300 1103 329 non
1144 301 1218 341 pes
1252 284 1442 328 habetur.
1499 286 1573 326 Est
1602 283 1793 338 quidem,
1840 289 1886 326 ut
1915 283 2024 326 inter

274 375 418 404 omnes
439 363 596 401 constat
615 353 826 407 antiquos,
856 349 1141 398 Aristotelem,
1175 351 1531 405 Theophrastum,
1558 348 1856 393 Theodectem,
1879 348 2021 402 Epho-

273 438 391 472 rum,
429 435 534 464 unus
564 417 794 474 aptissimus
825 413 1002 454 orationi
1035 413 1099 453 vel
1129 411 1280 452 orienti
1311 411 1378 452 vel
1407 409 1585 459 mediae;
1634 413 1779 464 putant
1807 408 1864 449 illi
1895 409 2017 450 etiam

274 485 454 531 cadenti,
486 496 565 536 quo
598 481 689 520 1000
720 474 819 516 1111111
850 474 1010 516 videtur
1041 474 1178 526 aptior
1200 472 1391 514 creticus.
1452 470 1677 514 Dochmius
1698 476 1834 511 autem
1857 484 1879 511 e
1901 471 2021 525 quin-

245 561 354 603 ⁵que
385 543 568 600 syllabis,
601 538 737 586 brevi,
769 539 928 579 duabus
959 536 1119 589 longis,
1152 535 1293 582 brevi,
1325 534 1472 589 longa,
1505 540 1550 575 ut
1581 539 1644 575 est
1672 533 1775 582 1100,
1815 534 2024 574 Amicos

275 616 442 656 tenes,
488 603 631 659 quovis
660 601 752 643 loco
783 605 902 654 aptus
934 605 1014 647 est,
1062 599 1160 638 dum
1190 596 1318 637 semel
1348 604 1547 651 ponatur:
1598 600 1767 638 iteratus
1798 600 1868 637 aut
1897 596 2027 637 conti-

273 676 417 714 nuatus
447 679 662 708 numerum
692 668 883 717 apertum
906 667 945 703 et
964 660 1085 702 nimis
1105 659 1309 713 insignem
1338 659 1450 701 facit.
1510 662 1635 702 LXV.
1670 661 1764 700 219.
1795 659 1870 699 His
1899 658 2026 712 igitur

271 739 331 775 tot
361 726 747 773 commutationibus
777 732 943 779 tamque
973 722 1098 764 variis
1129 724 1164 763 si
1193 727 1380 770 utemur,
1421 735 1499 763 nec
1529 722 1865 776 deprehendetur
1895 720 2027 761 mani-

271 796 398 843 festo,
451 790 549 846 quid
578 804 599 831 a
629 790 750 831 nobis
781 790 832 829 de
862 785 1062 828 industria
1097 784 1188 834 fiat,
1239 789 1280 825 et
1319 789 1564 825 occurretur
1594 785 1786 825 satietati.
1846 784 1901 824 Et
1929 781 2028 838 quia

223 874 258 900 ιο
271 871 353 899 11011
382 867 554 897 1111111010
586 852 718 894 solum
754 863 975 892 numerosa
1016 847 1175 896 oratio,
1223 848 1297 888 sed
1328 851 1368 887 et
1397 846 1699 901 compositione
1729 845 1773 887 fit
1804 850 1845 887 et
1873 858 2026 900 genere

270 943 324 951 —-
338 917 448 975 quod
469 921 561 958 ante
581 916 735 956 dictum
757 918 818 954 est
838 935 892 943 —
914 909 1220 958 concinnitatis,
1243 907 1545 964 compositione
1564 914 1700 962 potest
1718 908 1914 962 intelligi,
1934 921 2028 949 cum

268 982 323 1024 ita
353 985 503 1022 structa
532 979 659 1020 verba
688 980 802 1024 sunt,
831 979 877 1015 ut
906 986 1102 1014 numerus
1131 985 1217 1013 non
1247 970 1483 1026 quaesitus,
1520 970 1594 1012 sed
1623 972 1712 1026 ipse
1743 977 1906 1013 secutus
1937 984 2028 1012 esse

268 1042 478 1091 videatur,
524 1045 570 1082 ut
599 1039 708 1094 apud
740 1038 954 1078 Crassum:
1008 1037 1130 1076 Nam
1168 1033 1256 1076 ubi
1292 1035 1479 1075 lubido
1512 1033 1831 1083 dominatur,
1877 1034 2030 1075 inno-

270 1106 473 1148 centiae
511 1104 625 1144 leve
664 1098 996 1156 praesidium
1029 1103 1122 1139 est.
1185 1095 1298 1138 Ordo
1330 1095 1440 1137 enim
1472 1098 1701 1138 verborum
1732 1094 1858 1137 efficit
1885 1109 2030 1137 nume-

219 1184 255 1212 15
270 1182 361 1210 rum
391 1165 480 1208 sine
509 1164 593 1206 ulla
622 1167 767 1217 aperta
796 1159 974 1203 oratoris
993 1159 1208 1201 industria.
1268 1160 1409 1214 Itaque
1431 1159 1465 1199 si
1488 1172 1593 1213 quae
1615 1163 1777 1200 veteres
1797 1157 1855 1199 illi
1875 1182 1929 1189 —
1947 1160 2031 1199 He-

270 1232 465 1273 rodotum
496 1228 588 1268 dico
618 1231 659 1267 et
680 1223 961 1281 Thucydidem
983 1228 1196 1277 totamque
1226 1235 1315 1263 eam
1340 1226 1514 1262 aetatem
1534 1245 1589 1252 —
1608 1226 1703 1276 apte
1725 1234 2029 1276 numeroseque

270 1292 484 1339 dixerunt,
532 1302 580 1331 ea
616 1301 702 1330 non
736 1301 912 1328 numero
944 1286 1158 1341 quaesito,
1206 1285 1278 1325 sed
1307 1282 1534 1325 verborum
1564 1283 1837 1326 collocatione
1867 1283 2032 1325 cecide-

269 1360 376 1397 runt.
434 1354 529 1395 220.
558 1353 731 1393 Formae
761 1363 863 1392 vero
894 1347 1096 1404 quaedam
1128 1352 1222 1389 sunt
1263 1345 1486 1395 orationis,
1531 1346 1574 1387 111
1605 1347 1755 1402 quibus
1787 1360 1834 1388 03
1865 1347 2032 1388 00110111-

269 1419 374 1460 nitas
417 1420 499 1464 est,
544 1419 590 1456 ut
631 1418 827 1468 sequatur
869 1424 1068 1453 numerus
1111 1410 1358 1452 necessario.
1424 1411 1528 1450 Nam
1569 1422 1664 1450 cum
1706 1414 1777 1450 aut
1820 1423 1896 1463 par
1939 1407 2031 1463 pari

221 1481 451 1524 eorefertur
489 1482 559 1519 aut
599 1476 856 1518 contrarium
898 1474 1108 1515 contrario
1149 1471 1373 1529 opponitur
1411 1477 1481 1512 aut
1518 1486 1624 1526 quae
1661 1471 1852 1514 similiter
1882 1474 2033 1513 cadunt

271 1545 398 1587 verba
427 1540 564 1583 verbis
594 1544 910 1595 comparantur,
958 1535 1159 1591 quidquid
1189 1537 1247 1576 ita
1277 1534 1559 1582 concluditur,
1605 1534 1851 1590 plerumque
1881 1533 1945 1582 fit,
1990 1538 2034 1575 ut

270 1619 493 1648 numerose
523 1601 654 1643 cadat.
716 1602 811 1650 Quo
843 1601 893 1641 de
924 1611 1079 1653 genere
1109 1611 1202 1639 cum
1233 1597 1432 1652 exemplis
1463 1610 1587 1652 supra
1617 1597 1824 1647 diximuS,
1857 1602 1903 1639 ut
1931 1599 2034 1638 haec

273 1681 439 1724 quoque
485 1665 605 1719 copia
648 1662 885 1705 facultatem
929 1661 1077 1703 afferat
1116 1674 1202 1701 non
1242 1673 1407 1715 semper
1444 1659 1591 1701 eodem
1631 1659 1757 1701 modo
1800 1658 2030 1701 desinendi.

271 1733 356 1772 Nec
385 1736 522 1772 tamen
550 1730 652 1769 haec
680 1727 735 1766 ita
767 1730 863 1766 sunt
891 1730 978 1766 arta
1008 1729 1048 1765 et
1079 1723 1267 1772 astricta,
1313 1728 1360 1763 ut
1397 1736 1467 1771 03,
1513 1736 1606 1763 011111
1645 1722 1842 1771 velimus,
1889 1723 2035 1763 laxare

223 1815 259 1841 25
272 1805 542 1848 nequeamus.
602 1789 776 1831 Multum
806 1789 998 1836 interest,
1039 1791 1180 1828 utrum
1209 1799 1431 1828 numerosa
1461 1786 1537 1834 sit,
1582 1784 1625 1826 id
1658 1791 1742 1833 est,
1787 1785 1930 1828 similis
1959 1799 2036 1826 nu-

272 1868 508 1902 merorum,
549 1866 601 1893 an
629 1851 750 1907 plane
780 1864 803 1892 0
832 1851 1016 1891 numeris
1047 1853 1206 1890 constet
1237 1848 1387 1890 oratio.
1447 1849 1634 1889 Alterum
1665 1848 1699 1888 si
1728 1846 1795 1898 fit,
1836 1847 2037 1909 10101013--Δ

271 1919 356 1961 bile
385 1916 531 1959 vitium
562 1920 624 1956 est
635 1929 645 1964 3
677 1914 852 1955 alterum
873 1912 952 1954 nisi
972 1910 1043 1961 fit,
1078 1911 1274 1965 dissipata
1306 1916 1346 1952 et
1374 1910 1527 1952 inculta
1557 1915 1598 1951 et
1626 1911 1757 1952 fluens
1789 1915 1852 1952 est
1883 1910 2030 1952 oratio.

382 1980 527 2021 LXVI.
560 1979 657 2019 221.
702 1975 783 2018 Sed
814 1974 1011 2030 quoniam
1041 1987 1126 2015 non
1156 1973 1280 2015 modo
1311 1985 1396 2014 non
1424 1973 1689 2027 frequenter,
1734 1986 1880 2015 verum
1911 1972 2035 2014 etiam

271 2056 369 2086 raro
397 2042 440 2084 in
470 2041 579 2083 veris
609 2039 742 2081 causis
771 2044 841 2081 aut
869 2035 1107 2079 forensibus
1139 2036 1445 2090 circumscripte
1475 2049 1781 2090 numeroseque
1812 2036 2036 2077 dicendum

225 2127 262 2154 30
275 2111 355 2154 est,
378 2103 495 2159 sequi
514 2104 700 2152 videtur,
723 2106 770 2143 ut
787 2102 1016 2149 videamus,
1039 2112 1144 2154 quae
1165 2098 1246 2140 sint
1267 2097 1354 2146 illa,
1378 2112 1483 2154 quae
1508 2112 1632 2154 supra
1654 2098 1738 2140 dixi
1759 2097 1908 2147 incisa,
1931 2110 2036 2154 quae

274 2166 474 2210 membra.
535 2167 649 2206 Haec
677 2165 787 2206 enim
817 2165 859 2204 in
888 2161 997 2204 veris
1029 2161 1164 2202 causis
1185 2160 1403 2202 maximam
1426 2166 1585 2216 partem
1606 2160 1807 2202 orationis
1829 2160 2032 2203 obtinent.

276 2233 442 2273 Constat
482 2229 591 2270 enim
628 2226 696 2268 ille
727 2224 904 2268 ambitus
934 2230 974 2265 et
1003 2223 1125 2279 plena
1155 2223 1474 2279 comprehensio
1507 2238 1529 2265 e
1560 2229 1759 2280 quattuor
1787 2222 1876 2266 fere
1903 2223 2033 2280 parti-

274 2295 375 2340 hus,
409 2305 514 2347 quae
544 2291 732 2331 membra
762 2287 960 2335 dicimus,
991 2293 1037 2328 ut
1058 2292 1097 2328 et
1122 2300 1245 2328 aures
1274 2286 1444 2342 impleat
1474 2292 1515 2328 et
1543 2301 1595 2328 110
1626 2287 1799 2329 brevior
1827 2288 1881 2328 sit
1911 2300 2035 2342 quam

275 2356 372 2397 satis
412 2353 465 2395 sit
501 2365 638 2407 neque
674 2351 853 2404 longior.
913 2350 1173 2404 Quamquam
1212 2354 1434 2405 utrumque
1474 2362 1773 2403 nonnunquam
1802 2349 1869 2392 vel
1898 2350 2036 2405 potius

228 2438 263 2465 35
278 2429 402 2471 saepe
441 2414 616 2463 accidit,
661 2418 707 2455 ut
746 2417 815 2454 aut
852 2411 971 2453 citius
1009 2411 1280 2453 insistendum
1321 2413 1372 2453 sit
1407 2418 1476 2454 aut
1506 2412 1669 2466 longius
1698 2411 2033 2467 procedendum,

277 2494 329 2521 ne
368 2477 550 2520 brevitas
592 2477 858 2518 defraudasse
897 2488 1019 2516 aures
1059 2473 1250 2515 videatur
1279 2488 1384 2516 neve
1412 2474 1629 2529 longitudo
1661 2474 1892 2516 obtudisse.
1955 2475 2037 2516 Sed

276 2543 413 2584 habeo
442 2539 737 2581 mediocritatis
766 2538 993 2587 rationem;
1033 2550 1109 2577 nec
1139 2537 1249 2578 enim
1278 2536 1431 2593 loquor
1460 2537 1512 2579 de
1541 2532 1666 2579 ‘versu
1697 2543 1738 2579 et
1769 2542 1831 2579 est
1858 2536 2036 2580 liberior

279 2604 489 2658 aliquanto
534 2602 682 2643 oratio.
743 2602 838 2641 222.
881 2602 914 2641 E
954 2605 1147 2654 quattuor
1189 2599 1316 2654 igitur
1358 2601 1477 2655 quasi
1521 2601 1862 2642 hexametrorum
1906 2600 2038 2641 instar

279 2679 475 2708 versuum
506 2665 619 2718 quod
649 2662 720 2711 sit,
758 2665 918 2703 constat
945 2660 1033 2702 1010
1063 2661 1186 2715 plena
1215 2662 1547 2718 comprehensio.
1603 2664 1678 2704 His
1708 2661 1834 2717 igitur
1863 2661 2036 2716 singulis

234 2749 269 2775 40
281 2729 470 2771 versibus
501 2728 618 2781 quasi
652 2723 752 2766 nodi
790 2728 992 2779 apparent
1031 2724 1377 2775 continuationis,
1426 2739 1530 2780 quos
1560 2725 1603 2767 in
1635 2724 1791 2766 ambitu
1821 2723 2036 2779 coniungi-

283 2806 388 2832 mus.
451 2788 523 2830 Sin
552 2788 814 2830 membratim
843 2785 1033 2828 volumus
1064 2785 1229 2837 dicere,
1261 2788 1508 2836 insistimus,
1539 2787 1664 2842 idque
1695 2802 1788 2829 cum
1819 2802 1925 2842 opus
1956 2784 2034 2838 est,

285 2852 335 2894 ab
370 2853 447 2895 isto
484 2865 607 2893 cursu
644 2848 850 2891 invidioso
887 2847 1007 2889 facile
1044 2862 1119 2891 nos
1155 2855 1195 2891 et
1223 2863 1348 2904 saepe
1378 2850 1645 2904 diiungimus.
1708 2850 1791 2892 Sed
1819 2850 1921 2892 nihil
1950 2855 2037 2892 tam

287 2913 408 2956 debet
436 2928 525 2956 esse
554 2925 825 2955 numerosum
855 2925 979 2966 quam
1007 2912 1109 2961 hoc,
1156 2912 1269 2968 quod
1298 2912 1468 2955 minime
1497 2917 1673 2968 apparet
1702 2919 1742 2956 et
1770 2913 1880 2956 valet
1907 2913 2038 2970 pluri-

286 2988 411 3019 mum.
467 2979 532 3019 Ex
560 2978 639 3018 hoc
669 2987 821 3030 genere
851 2973 954 3016 illud
983 2979 1045 3016 est
1083 2976 1241 3017 Crassi:
1292 2975 1481 3018 Missos
1524 2975 1723 3018 faciant
1759 2981 2034 3032 patronos:

380 3127 414 3158 5.
442 3127 502 3158 hoc
526 3130 575 3159 est
599 3128 695 3160 Eius.
726 3143 762 3150 —
806 3126 862 3159 16.
897 3124 984 3167 eam]
1022 3126 1120 3159 illam
1145 3127 1266 3159 Lamb.
1296 3144 1334 3152 -
1378 3127 1434 3161 17.
1464 3136 1504 3160 ea
1529 3129 1561 3160 si
1585 3137 1655 3160 non
1681 3127 1746 3162 Gu.
1774 3129 1808 3161 1.
1836 3129 1879 3161 R.
1905 3144 1950 3150 -
1975 3127 2033 3162 19.

290 3177 338 3206 est
362 3172 432 3205 Vit.
460 3173 551 3206 Eins.
578 3174 638 3206 Dr.
664 3175 763 3208 Mon.
791 3173 858 3206 Gu.
887 3175 921 3206 1.
948 3174 982 3207 2.
1009 3174 1064 3206 R:
1091 3176 1181 3207 inest
1206 3175 1246 3207 E.
1275 3191 1316 3197 —
1342 3174 1400 3206 24.
1427 3179 1508 3207 arta
1533 3175 1603 3208 Vit.
1624 3176 1748 3209 Eius.:
1777 3180 1878 3208 arcta
1897 3175 1970 3207 RE.
1991 3190 2034 3198 --

290 3220 349 3274 {36-
377 3228 442 3273 neu
467 3219 536 3297 Vliit.
566 3236 603 3243 -
629 3222 686 3254 41.
711 3222 874 3254 nolumus
897 3220 1018 3254 Lamb.
1045 3237 1088 3245 —-
1127 3221 1185 3253 42.
1213 3222 1431 3263 diiunqimus
1454 3222 1551 3256 Eins.
1578 3222 1641 3255 Dr.
1669 3223 1736 3256 Gu.
1764 3223 1797 3255 1.
1823 3223 1857 3254 2.
1883 3222 1939 3255 R:
1965 3222 2034 3256 dis-

290 3274 466 3308 wnqzmus
523 3288 531 3297 .
