2117 3762
527 290 594 330 Al)
626 290 678 329 M.
711 290 920 330 BRUTUM
953 291 998 332 C.
1033 293 1099 332 32.
1135 294 1203 333 33.
1238 294 1303 334 aa.
1708 297 1786 340 1⁴25

37 397 171 442 lectici
212 397 401 440 dicuntur
438 397 670 450 spinosiora
711 393 835 436 multa
866 403 1130 450 pepererunt.
1192 401 1283 441 115.
1329 401 1436 454 Ergo
1476 413 1569 442 eum
1610 415 1785 451 censeo,

39 461 110 518 qui
141 460 398 516 eloquentiae
429 461 549 500 laude
580 459 774 504 ducatur,
824 473 905 499 non
947 474 1035 500 esse
1073 476 1213 502 earum
1247 476 1387 503 rerum
1419 462 1587 505 omnino
1620 466 1782 508 rudent,

37 525 109 566 sed
155 523 220 565 vel
265 523 331 565 illa
370 522 533 577 antiqua
572 521 636 562 vel
677 519 752 561 linc
793 521 1007 577 Chrysippi
1053 524 1265 578 disciplina
1309 524 1555 567 institutum.
1618 528 1788 570 Noverit

36 588 216 641 primum
248 587 351 633 vim,
383 592 587 631 naturam,
619 598 772 637 genera
804 583 1024 626 verborum
1058 592 1098 626 et
1128 586 1374 642 simplicium
1408 594 1448 629 et
1478 589 1788 643 copulatorum;

37 651 186 692 deinde
227 654 328 704 quot
367 648 500 689 modis
538 645 718 701 quidque
759 646 936 696 dicatur;
985 661 1065 703 qua
1104 650 1264 690 ratione
1305 664 1446 691 verum
1488 650 1689 693 falsumne
1737 651 1820 693 sits

36 712 261 760 iudicetur;
292 709 389 766 quid
421 707 624 750 efficiatur
654 723 675 750 e
707 723 893 765 quoque,
926 709 1025 763 quid
1057 712 1203 766 cuique
1236 726 1494 768 consequens
1525 715 1577 755 sit
1607 715 1789 770 quidque

38 775 311 823 contrarium;
353 785 527 827 cumque
559 770 748 826 ambigue
781 771 905 813 multa
937 773 1150 821 dicantur,
1184 777 1396 828 quomodo
1428 776 1608 832 quidque
1645 790 1789 818 eorum

38 836 165 878 dividi
195 835 489 890 explanarique
522 841 722 889 oporteat.
787 836 898 875 llaec.
931 814 1104 875 teiienda
1136 842 1230 876 sunt
1259 841 1411 879 oratori
1442 863 1495 869 —
1527 853 1648 895 saepe
1680 839 1788 881 enim

37 904 357 946 occurrunt—;
390 899 462 938 sed
494 899 603 952 quod
635 912 708 938 sua
739 904 883 952 sponte
914 896 1165 952 squalidiora
1196 905 1315 948 sunt,
1349 901 1605 943 adhibendus
1637 902 1716 944 erit
1747 902 1789 944 in

37 961 87 1002 iis
119 960 374 1014 explicandis
405 961 568 1014 quidam
601 960 798 1001 orationis
831 959 955 1000 nitor.
1804 980 1840 1006 20

147 1024 341 1065 xxxllt.
378 1025 469 1064 116.
522 1026 571 1063 Et
605 1023 796 1077 quoniam
829 1024 869 1063 in
913 1023 1131 1070 omnibus,
1180 1037 1284 1078 quae
1325 1026 1482 1067 ratione
1523 1028 1721 1070 docentur
1751 1034 1793 1071 et

35 1086 116 1134 via,
155 1086 335 1141 primum
367 1087 696 1127 constituendum
719 1091 805 1133 est,
839 1084 936 1140 quid
959 1083 1140 1145 quidqgte
1171 1085 1223 1126 sit
1250 1109 1304 1117 --
1326 1087 1402 1128 nisi
1436 1088 1544 1130 enim
1575 1090 1682 1132 inter
1702 1106 1788 1140 005,

35 1149 106 1205 qui
136 1149 388 1202 disceptent,
439 1148 650 1195 convenit,
701 1147 799 1203 quid
832 1148 882 1188 sit
911 1146 1033 1194 illud,
1080 1148 1131 1188 de
1161 1162 1242 1204 quo
1275 1151 1522 1204 ambigitur,
1574 1167 1649 1194 nec
1679 1160 1789 1195 recte

35 1209 181 1253 disseri
209 1223 286 1251 nec
315 1225 496 1265 unquam
527 1213 578 1252 ad
610 1210 765 1252 exitum
795 1210 1004 1263 perveniri
1034 1215 1170 1264 potest
1190 1227 1266 1252 —:
1302 1212 1544 1268 explicanda
1575 1222 1636 1256 est
1664 1230 1788 1271 saepe

33 1273 172 1314 verbis
212 1286 326 1314 mens
364 1280 506 1314 nostra
537 1275 588 1314 de
619 1287 780 1329 quaque
811 1287 857 1314 re
888 1279 1012 1327 atque
1042 1272 1253 1314 involutae
1284 1276 1343 1315 rei
1374 1275 1520 1317 notitia
1552 1276 1787 1321 deliniendo
1804 1295 1839 1320 1⁵

34 1333 256 1391 aperienda
287 1341 372 1383 est,
405 1337 438 1376 si
471 1338 638 1390 quidem
671 1342 733 1377 est
762 1335 944 1377 delinitio
977 1333 1132 1383 orati0,
1167 1349 1295 1391 quae,
1330 1339 1428 1392 quid
1460 1339 1512 1379 sit
1534 1339 1599 1389 id,
1633 1342 1684 1382 de
1706 1355 1789 1396 quo

34 1396 195 1452 agitur,
230 1399 410 1438 ostendit
430 1412 553 1453 quam
575 1398 830 1440 brevissime.
889 1402 1015 1445 Tum,
1050 1402 1095 1436 ut
1116 1399 1218 1447 scis,
1256 1400 1460 1454 explicato
1482 1415 1633 1455 genere
1654 1404 1790 1445 cuius-

34 1475 114 1516 que
146 1459 208 1502 rei
240 1461 465 1501 videndum
496 1466 580 1507 est,
628 1474 734 1515 quae
771 1461 852 1502 sint
881 1463 970 1503 eius
1004 1461 1169 1517 generis
1201 1461 1287 1502 sive
1319 1463 1476 1504 formae
1508 1465 1593 1505 sive
1623 1472 1787 1520 partes,

33 1530 79 1565 ut
110 1522 151 1565 in
181 1536 249 1564 eas
281 1520 487 1564 tribuatur
518 1524 651 1564 omnis
683 1524 831 1564 oratio.
895 1526 989 1565 117.
1037 1526 1125 1566 Erit
1154 1523 1280 1579 igitur
1310 1523 1411 1566 haec
1441 1524 1611 1568 facultas
1641 1527 1682 1568 in
1714 1542 1788 1577 eo,

34 1599 156 1642 quem
188 1584 378 1627 volumus
407 1598 496 1626 esse
527 1585 816 1639 eloquentem,
849 1593 895 1627 ut
925 1586 1093 1628 definire
1122 1601 1211 1628 rem
1243 1587 1394 1640 possit,
1425 1601 1560 1643 neque
1598 1588 1639 1630 id
1672 1589 1840 1633 saciat20

34 1655 115 1690 tam
146 1661 288 1704 presse
319 1654 360 1688 et
394 1654 586 1703 anguste,
627 1662 749 1703 quam
791 1649 832 1689 in
873 1649 952 1690 illis
993 1649 1281 1691 eruditissimis
1322 1650 1667 1703 disputationibus
1700 1651 1790 1694 lieri

34 1712 163 1759 solet,
196 1712 267 1752 sed
299 1724 390 1752 curn
422 1710 680 1765 explanatius
711 1716 795 1751 tum
827 1711 951 1753 etiam
981 1712 1152 1753 uberius
1183 1718 1224 1753 et
1253 1713 1304 1753 ad
1335 1726 1552 1754 commune
1583 1713 1785 1757 iudicium

33 1775 362 1829 popularemque
392 1772 706 1826 intelligentiam
738 1773 1103 1816 accommodatius.
1164 1775 1361 1830 Idemque
1402 1777 1547 1823 etiam,
1592 1790 1685 1818 cum
1724 1792 1790 1820 res

33 1834 281 1890 postulabit,
327 1849 457 1890 genus
488 1835 724 1876 universum
756 1835 797 1876 in
828 1839 986 1891 species
1021 1844 1178 1885 certas,
1226 1842 1270 1877 ut
1300 1835 1411 1877 nulla
1440 1851 1575 1892 neque
1604 1845 1790 1894 praeter-

33 1896 221 1940 mittatur
250 1912 384 1953 neque
414 1899 642 1946 redundet,
674 1898 878 1952 partictur
909 1914 955 1941 ac
985 1898 1153 1941 dividet.
1215 1899 1389 1949 Quando
1421 1905 1558 1940 autem
1589 1908 1658 1942 aut
1688 1916 1837 1958 quo-25

33 1962 159 2002 modo
190 1958 232 2001 id
261 1959 405 2007 faciat,
437 1959 539 2000 nihil
569 1959 619 2001 ad
649 1962 728 2002 hoc
759 1967 939 2016 tempus,
973 1961 1195 2018 quoniam,
1229 1967 1276 2002 ut
1305 1975 1428 2017 supra
1459 1962 1573 2011 dixi,
1606 1963 1785 2006 iudicem

33 2036 125 2064 esse
155 2035 244 2071 me,
289 2036 371 2063 non
410 2021 627 2064 doctorem
666 2022 778 2064 volo.
843 2026 936 2065 118.
985 2027 1069 2067 Nec
1098 2038 1197 2067 vero
1236 2023 1463 2068 dialecticis
1494 2026 1618 2069 modo
1647 2030 1699 2069 sit
1730 2030 1791 2070 in-

33 2090 234 2143 structus,
264 2086 338 2126 sed
368 2086 522 2126 haheat
552 2099 696 2127 omnes
726 2085 1013 2142 philosophiae
1044 2094 1166 2130 notos
1197 2101 1244 2128 ac
1275 2094 1470 2130 tractatos
1492 2088 1620 2131 locos.
1681 2090 1792 2133 Nihil

34 2147 144 2189 enim
175 2149 227 2189 de
256 2147 483 2202 religione,
528 2147 627 2188 nibil
658 2149 709 2188 de
741 2156 899 2199 morte,
951 2150 1054 2192 nihil
1085 2150 1135 2192 de
1167 2151 1344 2206 pietate,
1394 2151 1492 2192 nihil
1532 2154 1583 2193 de
1622 2152 1790 2194 caritate

32 2211 211 2264 patriae,
261 2210 361 2251 nihil
392 2212 442 2251 de
471 2208 592 2251 honis
623 2212 749 2252 rebus
787 2217 858 2252 aut
894 2212 1036 2262 malis,
1083 2213 1186 2254 nihil
1225 2212 1274 2254 de
1305 2213 1524 2255 virtutibus
1555 2220 1624 2256 aut
1654 2214 1839 2265 vitiis‚³o

33 2271 137 2313 nihil
167 2274 218 2313 de
249 2271 408 2320 officio,
453 2272 556 2314 nihil
586 2274 636 2314 de
668 2273 837 2323 dolore,
882 2275 984 2316 nihil
1025 2277 1076 2317 de
1116 2278 1352 2331 voluptate,
1399 2276 1499 2318 nihil
1534 2276 1584 2318 de
1627 2284 1791 2333 pertur-

32 2332 271 2376 bationibus
301 2334 428 2375 animi
459 2340 500 2376 et
529 2335 764 2384 erroribus,
797 2351 901 2392 quae
933 2352 1056 2394 saepe
1079 2338 1230 2380 cadunt
1251 2339 1291 2379 in
1314 2353 1481 2388 causas,
1515 2338 1587 2381 sed
1608 2339 1786 2381 ieiunius

34 2402 232 2451 aguntur,
274 2396 400 2444 nihil,
439 2399 628 2453 inquam,
671 2398 757 2439 sine
788 2412 835 2439 ea
866 2399 1060 2451 seientia,
1094 2414 1216 2458 quam
1247 2400 1358 2451 dixi,
1392 2403 1595 2457 graviter,
1629 2402 1786 2457 ample,

34 2459 202 2515 copiose
233 2458 312 2500 dici
345 2465 386 2500 et
417 2459 617 2513 explicari
648 2466 801 2513 potest.

143 2523 335 2563 XXXIV.
372 2524 464 2563 119.
498 2525 558 2563 De
588 2522 761 2563 materia
791 2524 943 2578 loquor
973 2526 1174 2568 orationis
1205 2527 1467 2577 etiamnum,
1500 2543 1582 2569 non
1616 2530 1665 2570 de
1695 2529 1830 2581 ipsoas

34 2599 188 2640 genere
229 2585 416 2635 dicendi3
466 2587 563 2626 volo
608 2586 715 2626 enim
758 2585 872 2639 prius
913 2586 1060 2630 habeat
1100 2596 1240 2631 orator
1279 2604 1394 2639 rem,
1446 2592 1496 2632 de
1539 2605 1617 2646 qua
1657 2592 1785 2638 dicat,

34 2646 198 2701 dignam
230 2648 401 2689 auribus
432 2646 626 2695 eruditis,
661 2661 783 2703 quam
814 2648 988 2702 cogitet,
1020 2649 1170 2704 quibus
1201 2651 1337 2693 verbis
1368 2652 1548 2707 quidque
1581 2652 1687 2694 dicat
1718 2657 1786 2692 aut

35 2708 260 2764 quomodo.
323 2711 457 2760 Quem
499 2710 642 2759 etiam,
688 2724 770 2767 quo
810 2711 1009 2765 grandior
1046 2713 1098 2754 sit
1137 2720 1179 2754 et
1216 2714 1521 2770 quodammodo
1563 2714 1785 2762 excelsior,

127 2868 160 2899 1.
186 2867 262 2908 Eyo
286 2867 329 2900 Α.
355 2884 395 2890 -
425 2867 458 2900 3.
486 2869 670 2900 institutus
693 2871 828 2902 noverit
854 2869 903 2909 Α,
939 2870 1005 2902 Gu.
1032 2871 1065 2903 3.
1097 2872 1166 2903 Erl.
1203 2886 1246 2895 -
1287 2872 1320 2903 6.
1349 2871 1434 2911 quid
1459 2873 1577 2912 cuique
1603 2872 1698 2903 Eins.
1729 2871 1756 2902 A
1774 2894 1783 2909 ,

37 2913 101 2945 Gu.
129 2912 162 2943 3.
192 2913 285 2945 Erl.:
314 2915 406 2956 quod
431 2916 553 2955 cuique
582 2915 648 2946 Vtt.
679 2916 737 2947 Dr.
756 2940 763 2953 ,
794 2917 842 2954 R,
870 2917 997 2954 Peter,
1024 2919 1114 2959 quod
1140 2919 1196 2949 cut
1223 2927 1299 2950 cum
1329 2918 1484 2949 victorio
1506 2918 1541 2949 E.
1574 2935 1609 2940 —
1640 2918 1786 2957 quidque

37 2959 107 2991 Erl.
134 2958 338 2992 Manutius:
367 2963 488 3000 quidue
515 2964 562 2994 Α.
592 2963 747 3003 quodque
773 2963 867 2994 Etns.
896 2963 966 2994 RE.
997 2980 1035 2985 —
1061 2966 1096 2997 7.
1124 2966 1282 2997 dicentur
1310 2966 1378 2996 vit.
1408 2964 1504 2995 Eius.
1533 2964 1591 2995 Dr.
1619 2963 1715 2996 Mon.
1740 2965 1782 2996 R.

34 3006 150 3038 Peter.
189 3022 227 3029 —
266 3006 300 3039 9.
335 3007 394 3038 sed
418 3008 512 3048 quod
537 3008 595 3039 Dr.
625 3008 690 3039 Gu.
720 3010 751 3040 1.
778 3010 810 3040 2.
841 3011 891 3041 lt:
934 3010 991 3041 sed
1015 3020 1083 3051 quo
1111 3011 1178 3042 vu.
1214 3012 1331 3047 Eins.,
1371 3011 1428 3042 sed
1463 3012 1546 3050 quia
1574 3011 1641 3042 Erl.
1675 3012 1711 3042 E.
1743 3027 1784 3033 —

33 3054 78 3084 iis
105 3052 221 3084 Eius.:
249 3053 302 3084 his
327 3062 404 3085 curn
430 3055 608 3096 plerisque
635 3055 706 3086 RE.
738 3072 772 3078 —
805 3056 860 3087 13.
890 3056 1084 3094 disceptant
1112 3057 1177 3090 Gu.
1199 3057 1231 3088 3.
1255 3058 1323 3088 Erl.
1347 3073 1382 3078 —
1414 3057 1468 3087 15.
1498 3057 1652 3089 inuoluta
1672 3058 1782 3096 Eius..

37 3100 106 3132 Gu.
134 3099 167 3129 3.
196 3098 263 3130 Erl.
293 3105 326 3132 et
349 3095 441 3132 ‘corn
471 3101 539 3132 Vit.
570 3118 609 3124 —-
638 3103 694 3133 16.
723 3106 768 3133 est
796 3103 948 3144 definitio
978 3103 1043 3134 Vit.
1075 3104 1169 3135 Eins.
1199 3104 1280 3137 Dr..
1319 3103 1388 3134 Erl.
1418 3101 1484 3133 Gu.
1515 3108 1606 3141 tres,
1635 3104 1688 3135 R:
1731 3103 1786 3137 de-

34 3146 148 3189 finitio
174 3149 220 3176 est
251 3146 288 3177 E.
319 3163 355 3168 —
384 3146 441 3178 25.
470 3149 610 3187 quando
636 3153 749 3180 autem
774 3149 809 3179 id
835 3151 944 3187 faciat
970 3155 1030 3179 aut
1056 3151 1224 3190 quomodo
1243 3151 1283 3180 Λ.
1314 3166 1350 3172 —
1379 3148 1434 3178 26.
1459 3148 1570 3188 sacius
1596 3150 1663 3181 vn.
1688 3151 1783 3183 Eius.

35 3194 130 3224 Mon.
161 3191 227 3223 Gu.
257 3193 290 3223 1.
318 3192 351 3222 2.
379 3192 423 3223 R.
453 3209 492 3215 —
533 3194 590 3225 27.
618 3203 687 3226 esse
711 3204 762 3226 me
789 3196 854 3226 Vit.
886 3196 981 3226 tiins.
1009 3195 1069 3227 Dr.
1098 3196 1164 3227 (iu.
1194 3201 1282 3233 tres,
1319 3195 1388 3226 Erl.
1417 3196 1466 3225 R:
1502 3204 1554 3227 me
1580 3205 1647 3228 esse
1674 3197 1712 3228 E.
1742 3212 1784 3220 -

36 3249 59 3270 a
85 3238 275 3270 dialecticis
300 3238 341 3269 A.
373 3255 411 3261 -—
447 3239 504 3271 28.
532 3249 573 3271 ac
601 3241 696 3273 Eius.
725 3241 816 3273 Erl.:
844 3247 874 3274 et
901 3249 976 3273 curn
1002 3245 1125 3273 ceteris
1152 3243 1224 3273 RE.
1263 3259 1299 3265 -
1344 3241 1400 3272 29.
1430 3250 1524 3272 more
1550 3244 1575 3274 Α
1605 3249 1783 3281 ceterique

36 3285 246 3323 interpolati.
278 3301 313 3307 —
342 3284 398 3315 30.
426 3285 466 3317 de
489 3286 588 3317 rebus
616 3289 712 3317 novis
738 3288 834 3319 bonis
860 3288 923 3319 Gu.
951 3289 1005 3324 1.,
1033 3288 1072 3319 de
1096 3289 1195 3319 rebus
1218 3289 1317 3319 novis
1342 3287 1400 3319 Dr.
1429 3288 1498 3320 Gu.
1526 3289 1558 3320 2.
1587 3289 1626 3321 R.
1657 3307 1695 3312 --
1724 3291 1780 3321 31.

37 3332 156 3374 officiis
182 3332 223 3365 Α,
253 3346 293 3352 -
335 3331 389 3363 35.
419 3331 460 3362 de
483 3333 556 3370 ipso
583 3342 702 3373 yenere
730 3334 798 3365 vit.
828 3336 878 3370 Α,
908 3334 977 3366 Erl.
1007 3334 1054 3365 R:
1095 3334 1136 3364 de
1161 3343 1282 3375 yenere
1306 3335 1382 3374 ipso
1409 3333 1476 3367 Gu.
1503 3335 1536 3367 2.
1555 3359 1564 3376 ,
1602 3344 1720 3378 yenere
1745 3336 1784 3368 de

35 3380 110 3418 ipso
137 3378 229 3410 Eius.
258 3377 318 3409 Dr.
345 3378 442 3411 Mon.
471 3377 537 3410 Gu.
566 3380 626 3416 1.;
654 3380 730 3419 ipso
754 3381 793 3412 de
819 3389 940 3421 uenere
967 3388 1043 3412 cum
1069 3380 1157 3412 Amo
1186 3381 1225 3412 E.
