2117 3762
755 274 852 313 ΜΒ.
890 273 936 311 ll.
999 273 1040 313 C.
1073 275 1137 313 72).
1170 275 1233 312 80.
1795 274 1871 313 285

129 392 305 434 corpore
350 378 577 420 membrum
622 391 711 419 esse
752 377 952 417 videatur.
1018 380 1115 417 Nam
1158 375 1363 421 nonnulli,
1416 388 1509 416 rum
1552 375 1650 415 illud
1690 376 1871 416 meditati

129 441 369 488 ediderunt,
403 443 460 482 sic
489 440 538 481 ad
571 439 726 493 reliqua
758 445 986 484 transeunt,
1020 446 1061 479 ut
1092 437 1342 479 audientiam
1363 438 1439 478 sibi
1464 436 1549 477 lieri
1573 438 1682 476 nolle
1706 437 1871 477 videan-

129 511 210 545 tur.
272 507 405 553 Atque
436 502 638 544 eiusmodi
670 501 736 541 illa
769 500 952 554 prolusio
984 500 1106 541 debet
1147 514 1257 546 esse,
1305 513 1386 540 non
1417 504 1460 540 ut
1489 499 1754 545 Samnitium,
1804 500 1872 552 qui

130 566 289 607 vibrant
320 569 454 606 hastas
484 570 576 604 ante
608 576 809 617 pugnam.
850 562 997 617 quibus
1029 564 1068 602 in
1102 564 1323 615 pugnando
1353 561 1454 602 nihil
1486 566 1678 608 utuntur3
1727 558 1799 600 scd
1831 566 1873 600 ut

130 628 227 683 ipsis
256 627 489 673 sententiis,
521 623 671 680 quibus
702 625 976 678 proluserim,
1013 624 1075 665 vel
1108 637 1288 676 pugnare
1320 624 1489 677 possint.

238 693 333 731 326.
368 691 545 728 Narrare
575 699 676 726 vero
707 700 794 726 rem
825 685 935 740 quod
965 686 1148 726 breviter
1178 685 1346 730 iubent,
1379 684 1411 724 si
1431 685 1608 725 brevitas
1630 683 1874 739 appellanda

128 758 214 799 est,
247 765 339 792 cum
370 748 545 791 verbum
577 747 733 788 nullum
767 747 986 795 redundat,
1020 746 1158 787 brevis
1190 752 1252 786 est
1286 748 1329 786 L.
1355 747 1487 786 Crassi
1514 746 1670 794 oratio;
1703 745 1765 786 sin
1788 751 1873 786 tum

128 821 188 855 est
217 814 418 859 brevitas,
450 823 542 851 cuni
574 815 726 850 tantuin
759 808 980 850 verborum
1013 815 1091 855 est,
1123 814 1319 862 quantum
1342 822 1509 848 necesse
1531 814 1616 856 est,
1651 807 1872 863 aliquando

127 875 167 916 id
198 888 301 930 opus
333 879 414 921 est;
447 870 518 911 sed
549 884 670 925 saepe
701 873 821 911 obest
852 872 916 911 vel
948 871 1125 911 maxime
1158 872 1197 910 in
1229 871 1459 916 narrando,
1492 884 1575 909 non
1607 869 1740 910 solum
1762 872 1873 925 quod

126 936 415 978 obscuritatem
447 933 587 980 affert,
619 932 690 974 sed
723 933 844 974 etiam
876 932 988 987 quod
1018 946 1108 972 cam
1140 931 1360 978 virtutem,
1394 946 1499 985 quae
1532 931 1782 972 narrationis
1813 938 1876 972 est
1895 945 1924 967 ιο

127 1000 321 1043 maxima,
353 1001 397 1036 ut
426 994 602 1036 iucunda
632 1001 671 1035 et
701 994 752 1036 ad
784 993 1116 1049 persuadendum
1148 995 1455 1034 accommodata
1487 993 1560 1040 sit,
1593 994 1712 1035 tollit.
1773 996 1869 1035 327.

127 1058 326 1100 Videlicet
356 1057 450 1105 illa,

459 1139 560 1179 Nam
592 1140 625 1177 is
648 1144 857 1190 postquam
886 1137 1051 1177 excessit
1082 1148 1132 1175 ex
1162 1136 1330 1187 ephebis,
1362 1159 1414 1165 —

125 1245 246 1287 quam
278 1233 401 1285 longa
433 1238 494 1272 est
524 1231 727 1271 narratio!
780 1242 919 1270 mores
959 1229 1234 1269 adolescentis
1271 1227 1400 1280 ipsius
1441 1233 1482 1268 et
1510 1228 1670 1269 servilis
1702 1242 1876 1282 percon-

126 1296 247 1342 tatio,
298 1307 412 1335 mors
452 1292 686 1347 Chrysidis,
736 1290 872 1332 vultus
903 1295 944 1330 et
972 1288 1104 1330 forma
1135 1297 1175 1330 et
1212 1289 1450 1330 lamentatio
1491 1290 1667 1337 sororis,
1714 1291 1924 1345 reliquam

126 1356 314 1410 pervarie
345 1354 605 1410 iucundeque
635 1358 868 1394 narrantur.
930 1349 1089 1400 Quodsi
1120 1352 1224 1392 hanc
1255 1352 1498 1391 brevitatem
1530 1352 1781 1405 quaesisset,

456 1448 658 1500 Effertur‚
692 1449 805 1488 imus.

680 1511 741 1550 Ad
770 1512 989 1564 sepulcrum
1017 1513 1214 1557 camimum

458 1575 507 1613 In
535 1574 663 1626 iqnem
689 1574 875 1625 imposita
899 1580 976 1614 est:

127 1666 212 1708 fere
242 1669 385 1707 decem
418 1664 631 1706 versiculis
662 1670 792 1706 totum
823 1665 1027 1708 conficere
1057 1665 1282 1721 potuisset;
1329 1679 1582 1720 quamquam
1613 1665 1690 1708 hoc
1713 1665 1926 1721 ipsum‚20

127 1729 387 1776 Essertur,
433 1729 587 1775 imus,
635 1728 844 1768 concisum
876 1734 937 1769 est
965 1728 1041 1775 ita,
1079 1734 1123 1769 ut
1152 1742 1234 1770 non
1265 1728 1456 1769 brevitati
1487 1727 1683 1769 servitum
1714 1730 1765 1769 sit
1794 1728 1872 1770 sed

125 1793 255 1846 magis
284 1789 504 1831 venustati.
566 1791 662 1829 328.
707 1789 866 1838 Quodsi
895 1790 999 1831 nihil
1028 1789 1173 1832 suisset
1203 1791 1301 1837 nisi,
1344 1792 1395 1832 in
1425 1792 1594 1845 ignem
1625 1790 1876 1843 imposita

125 1860 220 1902 est,
253 1858 390 1893 tamen
419 1865 486 1893 res
516 1857 601 1892 tota
631 1851 826 1905 cognosci
855 1853 977 1892 facile
1008 1852 1222 1907 potuisset.
1281 1852 1362 1894 Sed
1393 1858 1433 1893 et
1462 1852 1733 1893 festivitatem
1755 1851 1878 1893 habet

126 1915 306 1957 narratio
339 1914 529 1955 distincta
557 1913 746 1968 personis
777 1919 818 1954 ct
846 1913 1104 1966 interpuncta
1135 1916 1423 1963 sermonibus3
1457 1920 1498 1954 et
1520 1920 1580 1955 est
1601 1914 1874 1968 probabilius,

125 1977 238 2034 quod
267 1982 426 2031 gestum
457 1989 547 2016 esse
579 1974 712 2024 dicas,
762 1988 880 2023 cum,
923 1977 1270 2030 quemadmodum
1301 1982 1437 2017 actum
1467 1977 1537 2023 sit,
1585 1989 1790 2030 exponas,
1838 1982 1878 2017 ct
1891 1987 1925 2011 2⁵

126 2039 253 2081 multo
294 2039 475 2092 apertius
514 2035 567 2077 ad
604 2036 917 2090 intelligendum
953 2042 1038 2085 est,
1090 2036 1125 2078 si
1163 2037 1426 2079 constituitur
1467 2037 1686 2093 aliquando
1718 2051 1766 2079 ac
1794 2051 1877 2079 non

126 2103 202 2144 ista
239 2100 440 2142 brevitate
477 2098 745 2154 percurritur.
807 2101 901 2140 329.
942 2100 1138 2154 Apertam
1181 2100 1290 2139 enim
1332 2099 1614 2140 narrationem
1655 2104 1739 2140 tam
1785 2112 1876 2140 esse

127 2168 294 2219 oportet
322 2175 445 2217 quam
476 2166 635 2210 cetera;
687 2162 760 2201 sed
789 2161 870 2201 hoc
900 2160 1031 2215 magis
1061 2162 1104 2201 in
1134 2163 1210 2202 hac
1240 2160 1539 2202 elaborandum
1570 2167 1653 2209 est,
1699 2164 1809 2216 quod
1838 2167 1880 2202 et

127 2224 332 2268 difficilius
362 2229 423 2264 est
452 2236 535 2263 non
566 2235 655 2263 esse
685 2224 908 2263 obscurum
939 2223 982 2264 in
1010 2236 1058 2264 re
1087 2222 1292 2264 narranda
1322 2237 1445 2278 quam
1492 2228 1562 2263 aut
1596 2224 1639 2264 in
1673 2222 1876 2278 principio

127 2293 197 2328 aut
225 2287 269 2328 in
299 2291 537 2339 argumento
569 2289 639 2325 aut
668 2285 709 2325 in
738 2283 954 2339 purgando
985 2290 1055 2326 aut
1092 2286 1135 2326 in
1172 2287 1434 2339 perorand03
1482 2290 1524 2326 et
1561 2285 1717 2325 maiore
1756 2285 1875 2325 etiam
1892 2295 1926 2319 ³0

127 2347 310 2404 periculo
341 2350 441 2388 haec
470 2359 563 2401 pars
595 2346 794 2387 orationis
825 2347 1001 2388 obscura
1033 2352 1094 2388 est
1122 2360 1246 2402 quam
1278 2352 1458 2394 ceterae,
1489 2346 1555 2388 vel
1585 2347 1704 2402 quia,
1737 2347 1875 2400 siquo
1901 2395 1908 2405 Ι

127 2409 210 2452 alio
239 2411 281 2450 in
309 2408 403 2450 loco
434 2413 496 2449 cst
525 2407 678 2449 dictum
709 2407 807 2463 quid
836 2408 1072 2457 obscurius,
1103 2413 1261 2450 tantum
1283 2407 1325 2449 id
1347 2408 1479 2464 perit,
1510 2410 1621 2463 quod
1643 2409 1700 2449 ita
1721 2407 1875 2449 dictum

221 2537 254 2567 1.
276 2535 506 2567 membrorum
531 2536 572 2565 Α.
602 2551 641 2557 -
669 2534 703 2565 2.
729 2534 806 2576 fieri
829 2534 896 2565 sibi
919 2533 961 2564 Α.
990 2550 1032 2556 -
1057 2533 1142 2565 velle
1165 2533 1271 2566 ABR.
1301 2551 1341 2556 —
1385 2533 1419 2565 3.
1446 2533 1656 2565 Samnitium
1681 2534 1708 2564 B
1734 2534 1875 2573 aliique.

128 2583 180 2615 R:
208 2581 405 2614 Samnitum
429 2579 511 2621 (Aa)
540 2581 580 2612 Ε.
608 2597 652 2601 -
688 2580 723 2612 4.
748 2581 889 2612 hastam
914 2580 954 2610 B.
985 2596 1022 2602 -
1062 2588 1204 2620 puynas
1229 2580 1269 2612 R.
1298 2596 1338 2602 -
1376 2581 1410 2612 5.
1436 2580 1645 2619 proluserim
1672 2580 1698 2610 B
1725 2581 1875 2618 aliique:

124 2629 349 2668 proluserunt
373 2626 428 2667 (Α)
457 2628 503 2665 Ε,
527 2627 774 2666 praeluserunt
800 2627 841 2659 R.
871 2645 907 2651 —
933 2629 1083 2665 possunt
1101 2626 1172 2656 AB.
1203 2643 1240 2648 —
1268 2625 1303 2657 7.
1329 2626 1498 2657 redundet
1515 2627 1556 2658 R.
1575 2643 1618 2648 —
1645 2627 1700 2658 11.
1727 2627 1879 2657 maxime

130 2675 170 2707 R.
197 2691 241 2696 —
265 2672 540 2714 accommodata]
568 2679 740 2714 occupata
764 2673 805 2704 B.
844 2690 886 2696 —
928 2672 1029 2704 tollit.
1077 2672 1238 2704 Videlicet
1272 2672 1335 2704 illa
1361 2672 1471 2704 Codd.
1500 2673 1543 2704 al.
1562 2695 1571 2706 ,
1610 2672 1740 2703 Aldus:
1776 2671 1878 2711 pellit

129 2719 210 2761 (sic)
235 2721 353 2752 vident
376 2721 440 2753 illa
464 2722 492 2752 Α
510 2744 518 2758 ,
547 2720 649 2751 tollit.
686 2719 807 2751 Vident
830 2719 894 2750 illa
919 2719 945 2750 B
961 2742 970 2756 ‚
999 2719 1075 2750 tolli
1098 2719 1236 2750 videtur
1261 2719 1323 2750 illa
1342 2719 1390 2756 R,
1418 2719 1521 2751 tollit.
1551 2719 1591 2750 Ut
1608 2719 1670 2750 illa
1695 2718 1743 2756 E,
1771 2717 1875 2748 tollit.

134 2767 191 2798 Vel
214 2767 278 2798 illa
301 2768 414 2799 Klotz.
442 2782 483 2788 —
524 2767 581 2798 13.
608 2765 697 2797 Nam
720 2768 800 2805 ipsa
826 2769 874 2796 est
899 2774 1003 2805 quam
1027 2767 1169 2798 excessit
1194 2775 1236 2797 ea:
1260 2766 1381 2806 epheos
1406 2766 1483 2804 (sic)
1518 2765 1559 2796 A.
1588 2782 1631 2786 —
1672 2764 1728 2795 14.
1762 2763 1877 2795 adole-

130 2814 252 2845 scentis
277 2831 289 2838 ο
313 2829 327 2836 —
350 2822 444 2845 mors
469 2821 537 2846 om.
565 2813 637 2844 AB.
667 2830 704 2835 —
730 2813 950 2852 percontatio
977 2811 1087 2842 Codd.
1115 2811 1157 2843 al.
1176 2836 1185 2847 ,
1213 2812 1266 2843 R:
1290 2812 1531 2850 percunctatio
1557 2809 1666 2850 (Am)
1685 2811 1723 2841 Ε.
1753 2825 1790 2831 -
1818 2809 1874 2842 15.

130 2860 297 2892 tumentia
321 2859 363 2890 A.
392 2877 431 2882 —
459 2859 516 2891 17.
542 2857 645 2900 imus]
672 2860 776 2899 sunus
802 2858 841 2890 R.
873 2875 909 2881 —
939 2858 994 2888 19.
1017 2863 1051 2889 et
1068 2858 1125 2888 22.
1152 2859 1320 2897 imposita
1345 2859 1398 2889 bis
1423 2858 1506 2894 AB,
1535 2861 1574 2887 ut
1598 2866 1615 2888 e
1642 2856 1751 2887 Codd.
1773 2855 1878 2888 Bent-

131 2906 217 2939 leius
243 2905 341 2937 dedit
365 2907 399 2937 in
419 2905 572 2938 Andriae
598 2906 631 2942 1,
659 2907 692 2941 1,
721 2905 826 2936 102.;
851 2905 970 2943 postca
991 2904 1062 2935 RE.
1085 2920 1122 2926 —
1150 2904 1207 2935 20.
1230 2905 1300 2945 fere
1317 2905 1440 2940 decem,
1469 2903 1577 2936 Palam.
1596 2907 1735 2935 octavus
1754 2906 1809 2940 et,
1839 2905 1878 2934 ut

130 2953 292 2989 videtur,
319 2951 369 2983 A:
395 2953 431 2983 in
455 2952 508 2983 his
531 2951 600 2991 fere
628 2952 739 2983 decem
760 2952 839 2986 BR,
865 2950 917 2980 his
941 2949 1011 2989 sere
1034 2950 1146 2981 decem
1166 2950 1213 2986 E.
1241 2951 1353 2981 decem
1380 2949 1462 2990 (om.
1482 2949 1566 2990 fere)
1593 2957 1610 2980 e
1636 2948 1748 2981 Codd.
1775 2948 1817 2979 T.
1835 2964 1873 2971 -

129 2995 321 3037 versiculis]
349 2997 461 3029 verbis
486 3004 603 3030 contra
629 2998 734 3030 libros
761 2998 950 3029 Ernestius.
988 3012 1028 3018 —-
1066 2996 1122 3027 21.
1151 2997 1325 3038 Effbrtur,
1353 2993 1455 3034 imus]
1484 2994 1668 3035 Effer-imus
1693 2995 1777 3034 ΑΒ,
1815 2991 1877 3034 ΕΓ-

130 3044 244 3085 fertur
269 3049 301 3075 et
324 3044 412 3075 imus
437 3044 481 3075 R.
510 3061 547 3068 -
576 3046 622 3076 sit
645 3045 783 3084 magis,
824 3043 881 3075 sed
903 3043 1078 3074 venustati
1103 3042 1243 3074 Bakius.
1274 3059 1310 3064 —
1351 3042 1407 3073 24.
1443 3045 1475 3072 et
1499 3046 1546 3073 est
1571 3046 1602 3073 et
1626 3041 1698 3072 AB.
1737 3059 1779 3065 —-
1815 3043 1874 3075 25.

131 3089 223 3131 cum]
251 3099 357 3130 quam
380 3088 438 3128 (=
459 3090 575 3131 quom)
601 3090 653 3127 B,
680 3091 819 3131 quando
846 3089 888 3120 R.
915 3105 958 3110 —
996 3089 1053 3120 26.
1081 3092 1129 3119 est
1153 3097 1222 3119 om.
1250 3088 1294 3119 R.
1321 3101 1366 3111 —-
1403 3088 1433 3118 si
1455 3088 1485 3117 Α
1509 3088 1663 3128 aliique:
1697 3089 1746 3120 sic
1771 3088 1819 3129 B,
1846 3090 1877 3121 si

129 3140 180 3170 sic
204 3137 278 3168 RE.
307 3153 348 3158 —-
373 3137 600 3168 constituitur
620 3136 679 3167 ΑΒ
706 3137 858 3177 aliique,
886 3135 938 3166 R:
967 3136 1168 3166 consistitur
1194 3134 1345 3166 victorio
1371 3137 1513 3166 auctore
1532 3133 1573 3165 E.
1597 3149 1634 3157 —-
1662 3133 1718 3166 28.
1747 3139 1877 3168 ceteras

131 3184 184 3218 B,
209 3187 338 3215 ceteras
365 3184 538 3214 orationis
559 3186 677 3222 partes
702 3183 744 3214 R.
775 3199 813 3205 —
851 3183 890 3214 in
914 3182 975 3212 hoc
999 3181 1102 3212 ABR.
1142 3197 1178 3203 —
1221 3180 1279 3212 29.
1314 3182 1352 3211 tn
1385 3184 1509 3220 quater
1543 3181 1709 3212 omittunt
1732 3180 1805 3212 AB.
1834 3198 1872 3205 —

132 3228 190 3262 30.
217 3231 257 3261 in
282 3229 560 3269 argumentando
587 3228 800 3263 Lambinus,
827 3229 866 3259 in
889 3228 1069 3268 arquendo
1095 3226 1237 3258 Bakius.
1265 3243 1309 3247 -
1347 3226 1384 3256 in
1408 3229 1487 3257 ante
1509 3227 1709 3266 perorando
1733 3236 1803 3259 om.
1829 3227 1873 3260 R.

133 3292 175 3298 -
200 3279 231 3308 et
256 3277 387 3307 maiore
411 3277 515 3307 etiam
541 3273 650 3306 Codd.
678 3275 721 3306 al.
750 3278 785 3306 et
807 3274 937 3306 Aldus:
963 3277 994 3306 et
1017 3274 1149 3304 maiore
1173 3278 1204 3305 et
1229 3272 1307 3304 ΑΒ.
1335 3276 1365 3303 et
1389 3273 1523 3303 maiore
1539 3272 1609 3306 RE.
1638 3290 1680 3296 —
1705 3272 1761 3305 31.
1786 3275 1874 3313 pert·-

133 3320 223 3362 culo]
250 3322 396 3354 ridiculo
423 3321 494 3352 ΑΒ.
524 3337 563 3342 -
591 3324 701 3353 cetera
726 3320 875 3353 Ernestii
903 3328 1041 3360 operae.
1074 3335 1110 3342 -
1137 3317 1195 3350 32.
1223 3315 1320 3359 quid]
1349 3318 1440 3358 quod
1464 3318 1536 3350 ΑΒ.
1565 3335 1600 3342 -
1643 3320 1678 3352 id
1703 3328 1772 3353 om.
1799 3320 1871 3351 AB.
