2117 3762
244 209 323 249 1492
771 204 1072 246 ORATORIAE
1103 203 1452 247 PARTITIONES

237 313 424 357 homines
462 312 566 355 bene
600 313 802 354 institutos
840 309 1065 363 plurimum
1103 309 1153 349 de
1194 309 1313 352 laude
1353 316 1393 352 et
1431 312 1482 352 de
1517 313 1730 353 honestate
1761 312 1978 362 dicemus,

238 378 497 433 maximeque
527 390 574 416 ea
603 374 797 416 virtutum
830 385 981 425 genera
1012 369 1297 422 tractabimus,
1331 387 1435 428 quae
1466 373 1506 414 in
1536 375 1744 415 communi
1766 374 1979 417 hominum

240 439 411 480 utilitate
442 439 588 479 tuenda
620 434 888 488 augendaque
919 438 1146 474 versantur.
1209 434 1279 475 Sin
1319 437 1428 490 apud
1464 435 1654 477 indoctos
1684 437 1980 493 imperitosque

241 501 445 550 dicemus,
478 500 652 545 fructus,
685 498 981 543 emolumenta,
1023 496 1256 549 voluptates
1285 497 1584 553 vitationesque
1615 497 1807 539 dolorum
1838 499 1977 554 profe-

211 570 399 613 5rantur;
442 562 642 604 addantur
680 560 802 601 etiam
838 557 1107 600 contumeliae
1137 563 1260 613 atque
1289 557 1555 612 ignominiae.
1616 562 1748 601 Nemo
1779 566 1840 602 est
1871 562 1981 602 enim

239 633 319 668 tam
351 626 543 680 agrestis,
584 636 705 679 quem
736 636 842 670 non,
885 621 919 662 si
948 621 1036 675 ipsa
1075 619 1209 660 minus
1239 619 1455 671 honestas,
1497 624 1746 664 contumelia
1777 628 1913 665 tamen
1944 628 1984 665 et

241 690 416 730 dedecus
446 698 593 740 magno
623 697 748 740 opere
778 688 953 725 moveat.
1014 684 1177 732 Quare,
1229 686 1340 738 quod
1371 686 1422 725 ad
1458 686 1671 727 utilitatem
1712 691 1889 740 spectet,
1933 700 1984 728 ex

239 751 309 799 iis,
355 762 459 804 quae
496 750 603 789 dicta
641 752 753 796 sunt,
800 745 1057 801 reperietur;
1109 747 1176 786 93.
1217 744 1316 801 quid
1354 752 1492 788 autem
1530 749 1660 800 possit
1697 747 1805 789 effici
1850 762 1979 789 necne

240 813 390 866 possit,
422 812 463 851 in
493 824 574 865 quo
607 811 753 858 etiam,
787 822 906 864 quam
938 807 1057 849 facile
1088 807 1218 861 possit
1247 822 1453 864 quamque
1484 812 1700 863 expediat,
1746 812 1889 865 quaeri
1920 824 1986 852 so-

191 876 314 922 1olct,
356 872 534 914 maxime
565 885 617 913 ex
646 874 778 913 causis
808 873 875 918 iis,
916 884 1021 926 quae
1053 883 1258 925 quamque
1290 885 1377 912 rem
1410 870 1612 922 efficiant,
1654 878 1716 915 est
1745 873 1982 915 videndum.

241 939 462 978 Causarum
492 940 627 976 autem
658 948 809 988 genera
839 940 933 974 sunt
962 932 1092 986 plura.
1152 935 1252 973 Nam
1293 940 1386 974 sunt
1425 933 1547 981 aliae,
1590 949 1696 990 quae
1736 935 1850 989 ipsae
1890 950 1987 976 con-

238 999 402 1048 iiciunt3
435 997 560 1044 aliae,
592 1011 696 1052 quae
727 996 809 1038 vim
839 995 1018 1050 aliquam
1051 993 1102 1035 ad
1133 993 1433 1037 conficiendum
1464 996 1657 1038 afferunt.
1719 999 1862 1053 Itaque
1892 998 1987 1040 illae

238 1060 474 1116 superiores
504 1058 765 1101 conficientes
796 1064 1015 1107 vocentur;
1046 1058 1125 1098 hae
1156 1059 1340 1114 reliquae
1372 1066 1578 1113 ponantur
1597 1059 1639 1101 in
1663 1073 1713 1101 eo
1735 1074 1911 1114 genere,
1944 1065 1990 1102 ut

238 1125 324 1167 sine
354 1123 416 1165 his
446 1120 590 1163 confici
621 1135 703 1163 non
732 1120 878 1177 possit.
939 1122 1006 1162 94.
1042 1119 1269 1163 Conficiens
1300 1127 1437 1163 autem
1469 1136 1592 1163 causa
1621 1124 1700 1163 alia
1722 1127 1782 1163 est
1802 1124 1989 1164 absoluta

190 1195 278 1230 1set
314 1184 494 1242 perfecta
534 1200 607 1242 per
647 1198 710 1232 se,
758 1183 835 1224 alia
874 1183 1029 1238 aliquid
1070 1182 1266 1224 adiuvans
1304 1189 1345 1225 et
1375 1184 1581 1225 efficiendi
1613 1184 1725 1226 socia
1756 1186 1985 1239 quaedam3

239 1250 353 1292 cuius
383 1250 545 1302 generis
576 1248 636 1289 vis
668 1248 778 1288 varia
809 1250 868 1286 est
899 1251 939 1286 ct
969 1259 1093 1299 saepe
1124 1251 1192 1287 aut
1221 1248 1355 1288 maior
1386 1253 1455 1288 aut
1485 1247 1641 1295 minor,
1673 1252 1717 1288 ut
1747 1248 1871 1287 etiam
1905 1246 1988 1294 illa,

240 1328 344 1369 quae
375 1314 593 1355 maximam
624 1311 706 1351 vim
737 1307 881 1357 habet,
926 1309 1015 1349 sola
1045 1322 1168 1363 saepe
1199 1323 1322 1351 causa
1352 1309 1524 1351 dicatur.
1587 1311 1689 1350 Sunt
1718 1314 1853 1350 autem
1885 1308 1989 1350 aliae

239 1389 407 1425 causae,
457 1389 561 1430 quae
601 1378 670 1414 aut
714 1377 885 1426 propter
926 1371 1175 1427 principium
1216 1377 1286 1413 aut
1322 1379 1493 1428 propter
1533 1374 1687 1413 exitum
1726 1370 1989 1414 conficientes

238 1445 450 1479 vocantur.
512 1439 611 1479 Cum
647 1441 781 1476 autem
824 1435 1061 1489 quaeritur,
1108 1435 1208 1489 quid
1245 1434 1296 1475 sit
1327 1435 1529 1489 optimum
1558 1434 1691 1483 factu,
1740 1440 1810 1475 aut
1838 1434 1990 1476 utilitas

190 1509 307 1543 2oaut
346 1514 437 1556 spes
477 1498 681 1541 efficiendi
720 1496 771 1538 ad
809 1496 1117 1539 assentiendum
1157 1496 1331 1552 impellit
1371 1500 1544 1539 animos.
1603 1498 1772 1541 XXVII.
1803 1499 1870 1538 95.
1918 1499 1989 1544 Et,

240 1564 432 1619 quoniam
463 1562 512 1604 de
543 1561 715 1603 utilitate
746 1561 828 1600 iam
859 1559 1059 1606 diximus,
1108 1562 1158 1601 de
1198 1559 1402 1601 efficiendi
1440 1559 1599 1600 ratione
1637 1559 1834 1601 dicamus.
1898 1561 1990 1610 Quo

239 1633 324 1668 toto
367 1640 517 1680 genere
556 1624 799 1680 quibuscum
839 1627 880 1663 et
916 1628 1059 1664 contra
1100 1637 1205 1678 quos
1246 1637 1328 1678 quo
1367 1630 1554 1678 tempore
1586 1628 1655 1664 aut
1685 1636 1765 1677 quo
1797 1622 1889 1664 loco
1922 1628 1993 1664 aut

240 1691 387 1744 quibus
416 1687 679 1730 facultatibus
709 1699 938 1734 armorum,
972 1687 1195 1740 pecuniae,
1229 1687 1436 1727 sociorum
1470 1698 1662 1726 earumve
1693 1698 1856 1733 rerum,
1888 1700 1993 1740 quae

238 1755 288 1793 ad
319 1767 524 1807 quamque
555 1765 645 1792 rem
676 1748 934 1790 efficiendam
964 1748 1196 1802 pertinent,
1228 1748 1435 1802 possimus
1464 1747 1548 1796 uti,
1582 1746 1881 1802 requirendum
1915 1753 1990 1789 est.

191 1827 226 1851 2⁵
240 1818 381 1870 Neque
411 1816 544 1856 solum
576 1827 625 1854 ea
654 1818 771 1861 sunt,
817 1824 922 1867 quae
953 1813 1072 1852 nobis
1103 1817 1342 1866 suppetant,
1387 1813 1459 1852 sed
1491 1812 1613 1852 etiam
1644 1810 1740 1859 illa,
1790 1823 1895 1864 quae
1924 1809 1996 1852 ad-

240 1883 474 1925 versentur,
506 1875 694 1919 videnda.
753 1877 823 1921 Et,
855 1874 889 1915 si
910 1888 960 1914 ex
991 1873 1256 1915 contentione
1286 1873 1540 1927 procliviora
1571 1879 1690 1914 erunt
1719 1879 1881 1921 nostra,
1913 1887 1996 1914 non

241 1940 373 1982 solum
403 1939 508 1981 effici
538 1952 682 1994 posse,
730 1950 834 1993 quae
865 1935 1110 1986 suademus,
1155 1936 1233 1977 erit
1262 1935 1619 1990 persuadendum,
1665 1937 1737 1977 sed
1769 1937 1996 1991 curandum

243 2004 390 2051 etiam,
438 2008 482 2043 ut
521 2002 590 2042 illa
631 2000 792 2049 facilia,
838 1999 1069 2053 proclivia,
1130 2000 1308 2041 iucunda
1353 1999 1587 2040 videantur.
1654 1997 1996 2039 Dissuadentibus

243 2071 379 2107 autem
409 2070 478 2106 aut
506 2064 657 2105 utilitas
688 2062 968 2104 labefactanda
1000 2068 1061 2103 est
1097 2068 1166 2103 aut
1204 2061 1408 2103 efficiendi
1440 2060 1700 2102 difficultates
1733 2060 1995 2109 efferendae,

196 2145 230 2169 30
245 2143 377 2184 neque
419 2127 507 2169 aliis
546 2142 597 2168 ex
635 2127 866 2181 praeceptis
911 2126 982 2165 sed
1022 2122 1168 2165 iisdem
1208 2138 1260 2165 ex
1298 2125 1500 2166 suasionis
1531 2123 1644 2165 locis,
1705 2125 1772 2165 96.
1819 2125 1996 2180 Uterque

246 2204 345 2232 vero
376 2192 424 2231 ad
455 2188 686 2244 augendum
717 2190 867 2228 habeat
898 2188 1185 2241 exemplorum
1216 2193 1286 2227 aut
1316 2186 1567 2232 recentium,
1600 2199 1681 2241 quo
1712 2187 1875 2228 notiora
1905 2186 1996 2236 sint,

245 2260 313 2294 aut
343 2258 552 2300 veterum,
586 2266 667 2306 quo
699 2252 791 2305 plus
822 2251 1079 2291 auctoritatis
1111 2248 1314 2298 habeant,
1349 2250 1534 2303 copiam3
1583 2250 1846 2303 maximeque
1877 2249 1926 2290 sit
1956 2249 1998 2290 in

245 2317 325 2356 hoc
354 2328 505 2368 genere
537 2315 780 2361 meditatus,
829 2320 877 2353 ut
915 2311 1045 2367 possit
1074 2313 1140 2352 vel
1171 2311 1286 2352 utilia
1317 2325 1363 2352 ac
1393 2310 1628 2352 necessaria
1661 2325 1784 2366 sae-pe
1814 2311 1998 2352 honestis

246 2376 311 2418 vel
341 2376 440 2418 haec
468 2376 546 2417 illis
577 2374 797 2416 anteferre.
858 2377 921 2416 Ad
962 2374 1285 2415 commovendos
1325 2379 1462 2415 autem
1505 2373 1663 2414 animos
1696 2375 1873 2415 maxime
1903 2387 2000 2428 pro-

200 2439 407 2487 ssficient,
455 2439 486 2479 si
517 2439 713 2479 incitandi
744 2443 885 2485 erunt,
925 2437 1130 2478 eiusmodi
1161 2437 1417 2485 sententiae,
1461 2450 1564 2492 quae
1595 2442 1665 2477 aut
1694 2435 1745 2477 ad
1777 2435 1999 2491 explendas

250 2501 491 2556 cupiditates
521 2507 591 2541 aut
619 2503 669 2541 ad
702 2502 842 2542 odium
873 2502 1104 2541 satiandum
1135 2506 1204 2540 aut
1234 2502 1285 2540 ad
1316 2499 1571 2541 ulciscendas
1610 2500 1781 2540 iniurias
1821 2498 1998 2553 pertine-

250 2565 366 2604 bunt.
427 2564 496 2604 Sin
527 2569 661 2604 autem
692 2562 972 2618 reprimendi,
1007 2564 1057 2603 de
1078 2561 1236 2603 incerto
1260 2568 1366 2603 statu
1390 2561 1579 2603 fortunae
1602 2560 1820 2616 dubiisque
1841 2561 1999 2603 eventis

250 2640 387 2666 rerum
416 2626 646 2667 suturarum
678 2632 717 2667 et
745 2627 971 2667 retinendis
1003 2626 1088 2667 suis
1119 2624 1318 2672 fortunis,
1351 2624 1385 2666 si
1417 2631 1536 2665 erunt
1566 2626 1794 2674 secundae3
1834 2625 1896 2665 sin
1928 2638 2000 2665 au-

252 2694 331 2728 tem
362 2688 578 2736 adversae,
610 2688 660 2729 de
692 2691 877 2743 periculo
911 2687 1213 2731 commonendi.
1270 2690 1407 2742 Atque
1437 2687 1478 2728 hi
1509 2689 1675 2743 quidem
1706 2692 1802 2727 sunt
1827 2699 2001 2741 perora-

204 2751 373 2791 t00tionis
402 2750 496 2791 loci.
558 2754 624 2791 97.
659 2751 862 2806 Principia
892 2758 1027 2792 autem
1049 2751 1092 2791 in
1114 2750 1325 2792 sententiis
1349 2749 1533 2791 dicendis
1554 2750 1697 2790 brevia
1719 2763 1808 2790 esse
1832 2748 1998 2790 debent.

254 2814 343 2852 Non
374 2814 480 2852 enim
510 2813 682 2867 supplex
712 2819 756 2854 ut
786 2816 837 2854 ad
858 2813 1035 2854 iudicem
1062 2815 1174 2855 venit
1198 2819 1360 2860 orator,
1393 2814 1465 2854 sed
1490 2814 1678 2853 hortator
1699 2818 1823 2867 atque
1844 2817 2000 2855 auctor.

258 2875 391 2922 Quare
413 2888 666 2930 proponere,
699 2890 779 2931 qua
802 2882 934 2917 mente
957 2876 1087 2924 dieat,
1122 2875 1221 2930 quid
1251 2875 1369 2922 velit,
1402 2874 1552 2930 quihus
1584 2877 1633 2915 dc
1664 2873 1788 2915 rebus
1820 2875 2002 2915 dicturus

352 3006 381 3036 1.
410 3011 439 3037 et
465 3008 638 3038 honestate
667 3009 748 3046 (om.
778 3007 830 3047 cles)
857 3008 898 3039 R.
929 3025 964 3030 —
995 3008 1026 3040 5.
1055 3007 1158 3039 Nemo
1185 3012 1234 3039 est
1260 3009 1349 3039 enim
1377 3005 1442 3038 Gu.
1471 3006 1556 3037 RV:
1585 3005 1689 3037 Nemo
1716 3006 1804 3037 enim
1830 3011 1878 3037 est
1905 3006 1943 3036 E.
1962 3022 1999 3028 -—

258 3051 292 3083 ’7-
321 3057 448 3090 spectat
470 3054 556 3084 Edd.
576 3058 657 3085 vett.
681 3054 721 3085 ed
742 3054 935 3086 Solititzius.
986 3054 1028 3085 Ut
1047 3064 1129 3092 nos,
1157 3057 1276 3086 nostri.
1299 3071 1340 3076 —
1366 3054 1399 3084 8.
1429 3054 1599 3092 reperitur
1618 3053 1660 3083 R.
1683 3069 1722 3074 —
1745 3053 1863 3094 ecquid
1881 3052 2000 3085 Lamb-

262 3114 302 3120 —-
329 3106 429 3129 necue
450 3101 556 3137 possit
576 3100 634 3131 RV
659 3101 811 3140 aliique:
841 3110 943 3132 necne
969 3098 1051 3139 (om.
1075 3103 1202 3141 possit)
1223 3102 1259 3132 E.
1294 3117 1330 3123 —
1359 3101 1414 3132 11.
1443 3099 1592 3141 efficiunt
1619 3108 1670 3139 pr.
1699 3100 1743 3130 R.
1771 3114 1811 3120 —
1838 3100 1892 3130 12.
1919 3095 2002 3137 vim]

259 3145 353 3175 viam
378 3144 403 3173 Y
421 3168 428 3180 ,
458 3146 517 3175 Ed.
544 3146 629 3177 Ven.
658 3163 697 3167 —
728 3148 783 3178 16.
812 3149 915 3178 etiam
941 3147 1024 3178 BR:
1054 3153 1083 3178 et
1110 3148 1148 3178 E.
1177 3146 1304 3187 (autem
1329 3145 1386 3187 V.)
1415 3162 1452 3168 —
1480 3147 1536 3177 22.
1563 3155 1682 3187 Uenere
1707 3150 1780 3178 toto
1807 3145 1849 3175 V.
1881 3161 1919 3167 —
1944 3144 2001 3175 28.

261 3199 330 3222 esse
357 3191 539 3221 videantur
564 3192 606 3222 R.
636 3192 718 3231 (non
743 3194 802 3229 V.)
832 3210 870 3215 —
910 3194 966 3225 29.
993 3193 1193 3234 afferendae
1220 3194 1355 3225 volebat
1380 3193 1463 3224 ΕΠ).
1496 3209 1539 3215 -
1581 3192 1636 3224 30.
1665 3202 1707 3224 ex
1734 3193 1856 3223 eisdem
1881 3191 1921 3222 V.
1964 3207 2001 3213 —

262 3237 513 3316 35·4c})iusrlmgdg
536 3238 582 3268 R:
606 3240 802 3316 aziusmodi
826 3240 898 3271 VE.
936 3258 971 3264 —
1013 3241 1070 3272 38.
1095 3240 1248 3280 fortunis
1272 3241 1343 3272 suis
1367 3240 1410 3271 R.
1438 3256 1478 3261 —
1517 3238 1572 3271 39.
1597 3239 1831 3279 perorationis
1856 3242 1936 3269 sunt
1959 3237 2002 3268 R.

269 3298 303 3305 ⁸·-
379 3304 387 3313 ι
416 3293 453 3315 (θ
480 3292 494 3314 6
521 3289 579 3316 unt
668 3306 675 3313 .
