2117 3762
258 257 308 300 12
918 261 988 302 AD
1020 262 1332 306 HERENNIUM

251 365 456 408 remorari
487 365 800 410 damnationem.
857 369 1029 408 Inventa
1066 370 1225 410 ratione
1268 368 1571 411 firmamentum
1602 369 1884 426 quaerendum
1917 376 2000 420 est,

251 426 294 469 id
326 434 406 477 est,
455 434 565 485 quod
597 431 775 473 continet
805 429 1124 478 accusationem,
1172 434 1283 485 quod
1321 432 1494 474 affertur
1528 439 1671 474 contra
1701 433 1903 475 rationem
1935 438 2004 476 de-

254 488 472 539 fensionis,
519 492 568 533 de
608 507 686 548 qua
728 498 820 533 ante
861 491 1014 533 dictum
1058 497 1134 533 est.
1194 492 1241 534 Id
1277 494 1549 536 constituetur
1587 494 1666 536 hoc
1700 498 1850 537 modo:
1903 497 2004 538 Cum

254 564 352 593 usus
382 552 507 595 suerit
538 556 703 596 Orestes
734 554 916 600 ratione,
962 556 1041 595 hoc
1071 561 1212 609 pacto:
1259 558 1354 598 lure
1395 557 1550 605 occidi,
1595 557 1662 599 illa
1704 557 1813 599 enim
1843 564 2005 612 patrem

224 619 392 655 ⁵meum
424 616 654 666 occiderat3
687 622 826 657 utetur
856 622 1073 658 accusator
1101 615 1381 667 firmamento,
1414 619 1491 661 hoc
1521 626 1661 673 paeto:
1710 619 1790 661 Sed
1820 633 1902 661 non
1933 619 2005 661 abs

254 681 293 717 te
333 678 465 719 occidi
506 693 639 734 neque
684 678 957 720 indemnatam
996 691 1149 733 poenas
1180 679 1361 734 pendere
1392 683 1590 737 oportuit.
1653 686 1715 724 Ex
1744 682 1904 724 ratione
1934 682 2007 723 de-

254 738 449 782 fensionis
480 748 518 782 et
548 756 598 782 ex
629 741 887 782 firmamento
917 741 1187 783 accusationis
1217 742 1361 785 iudicii
1391 745 1575 799 quaestio
1604 751 1794 787 nascatur
1815 751 2002 800 oportet,

254 815 374 855 quam
419 817 492 844 nos
532 803 850 850 iudicationem,
898 804 1043 844 Graeci
1081 805 1331 859 κρινόμενον
1371 807 1588 861 appellant.
1647 811 1702 849 Ea
1734 808 2006 849 constituetur

255 876 305 904 ex
338 865 625 907 coniunctione
657 865 902 906 firmamenti
934 873 973 907 et
1002 866 1174 908 rationis
1196 867 1457 914 defensione,
1487 872 1566 910 hoc
1593 870 1736 912 modo:
1771 872 1872 911 Cum
1897 870 2007 927 dicat

202 929 238 954 ¹⁰
255 928 418 968 Orestes
475 942 517 968 se
568 929 694 984 patris
732 929 958 969 ulciscendi
998 944 1121 969 causa
1152 936 1325 971 matrem
1357 932 1583 980 occidisse,
1636 938 1849 974 rectumne
1881 933 2007 973 fuerit

253 989 339 1028 sine
384 992 536 1032 iudicio
576 1006 599 1032 a
639 991 723 1033 titio
772 993 1137 1045 Clytaemnestram
1187 994 1335 1033 occidi.
1409 995 1520 1047 Ergo
1551 996 1630 1035 hac
1659 996 1820 1036 ratione
1850 997 2007 1036 iudica-

255 1051 405 1091 tionem
439 1055 624 1106 reperire
656 1055 861 1095 convenit.
919 1056 1099 1109 Reperta
1137 1057 1390 1098 iudicatione
1428 1070 1595 1097 omnem
1634 1059 1839 1098 rationem
1880 1059 2006 1099 totius

253 1114 452 1155 orationis
483 1130 533 1157 eo
565 1118 744 1157 conferri
774 1118 999 1171 oportebit.
1060 1119 1190 1159 XVII.
1226 1122 1294 1159 27.
1337 1121 1383 1159 In
1417 1120 1610 1159 omnibus
1643 1121 2006 1161 constitutionibus

253 1176 495 1229 etpartibus
518 1180 854 1220 constitutionum
886 1180 964 1220 hac
995 1181 1061 1221 via
1092 1180 1364 1222 iudicationes
1396 1182 1682 1234 reperientur,
1715 1188 2007 1237 praeterquam

202 1237 292 1276 1⁵in
315 1239 582 1281 coniecturali
605 1242 911 1282 constitutione.
972 1244 1075 1283 Nam
1097 1244 1138 1283 in
1170 1258 1218 1284 ea
1249 1258 1326 1285 nec
1356 1243 1482 1293 ratio,
1517 1258 1646 1299 quare
1677 1245 1846 1293 fecerit,
1881 1259 2007 1300 quae-

252 1300 377 1348 ritur,
410 1302 558 1344 fecisse
592 1305 700 1345 enim
733 1310 928 1358 negatum
963 1319 1040 1345 nec
1071 1304 1377 1347 firmamentum
1411 1308 1665 1363 exquiritur,
1698 1306 1893 1362 quoniam
1924 1321 2007 1349 non

252 1363 393 1403 subest
422 1366 543 1407 ratio.
608 1368 745 1416 Quare
787 1381 840 1408 ex
881 1367 1109 1408 intentione
1147 1374 1187 1409 et
1222 1368 1465 1410 infitiatione
1495 1368 1691 1410 iudicatio
1723 1369 2005 1416 constituitur,

251 1426 330 1465 hoc
361 1430 507 1469 modo:
540 1429 732 1478 Intentio,
766 1429 961 1471 Occidisti
991 1429 1172 1471 Aiacem.
1231 1431 1445 1479 infitiatio,
1477 1435 1564 1473 Non
1586 1431 1733 1476 occidi.
1793 1431 2005 1478 Iudicatio‚

253 1488 529 1532 Occideritne.
590 1493 706 1533 Ratio
738 1492 871 1534 omnis
901 1492 1117 1548 utriusque
1147 1493 1369 1542 orationis,
1417 1500 1461 1536 ut
1501 1501 1594 1536 ante
1634 1494 1787 1536 dictum
1828 1501 1909 1542 est,
1956 1495 2007 1536 ad

203 1548 355 1590 20hanc
399 1552 690 1596 iudicationem
734 1555 983 1596 conferenda
1024 1562 1098 1596 est.
1162 1556 1204 1597 Si
1241 1556 1380 1610 plures
1422 1564 1543 1598 erunt
1583 1557 1896 1599 constitutiones
1938 1565 2007 1599 aut

251 1619 388 1666 partes
428 1617 785 1666 constitutionum,
836 1618 1107 1660 iudicationes
1147 1633 1314 1675 quoque
1352 1620 1490 1675 plures
1528 1626 1648 1661 eruut
1677 1619 1720 1661 in
1749 1633 1829 1661 una
1860 1633 2004 1670 causa3

251 1674 323 1716 sed
353 1690 494 1719 omnes
525 1680 646 1720 simili
676 1681 834 1722 ratione
864 1680 1140 1736 reperientur.

365 1740 517 1783 Sedulo
549 1742 735 1784 dedimus
766 1757 957 1799 operam,
1010 1750 1053 1786 ut
1083 1745 1267 1786 breviter
1298 1751 1337 1786 et
1367 1744 1566 1793 dilucide,
1613 1743 1762 1800 quibus
1803 1744 1852 1786 de
1881 1744 2007 1787 rebus

253 1799 384 1842 adhuc
416 1804 633 1845 dicendum
665 1805 761 1854 suit,
810 1807 1055 1849 diceremus.
1130 1811 1245 1850 Nunc
1282 1808 1475 1864 quoniam
1509 1808 1603 1849 satis
1633 1808 1755 1849 huius
1786 1807 2007 1849 voluminis

203 1869 237 1894 25
253 1864 490 1917 magnitudo
523 1868 670 1917 crevit,
726 1869 984 1911 commodius
1015 1876 1075 1912 est
1105 1871 1146 1912 in
1179 1872 1307 1912 altero
1339 1871 1446 1912 libro
1478 1870 1528 1912 de
1560 1870 1707 1911 ceteris
1737 1873 1862 1912 rebus
1893 1870 2008 1912 dein-

255 1939 349 1980 ceps
381 1942 614 1982 exponere,
666 1946 715 1972 ne
757 1946 836 1987 qua
866 1938 1039 1987 propter
1068 1933 1375 1975 multitudinem
1406 1933 1634 1974 litterarum
1665 1932 1795 1987 possit
1823 1932 2005 1974 animum

254 1994 365 2029 tuum
398 1990 635 2045 defatigatio
666 1994 890 2037 retardare.
953 1995 1032 2036 Sed
1063 1996 1096 2037 si
1128 2010 1210 2052 quo
1241 1996 1397 2037 tardius
1428 1999 1548 2043 haec,
1588 2009 1710 2051 quam
1740 1998 1897 2042 studes,
1938 1994 2008 2036 ab-

253 2050 484 2101 solventur,
532 2070 623 2096 cum
654 2071 794 2098 rerum
828 2058 1115 2111 magnitudini,
1166 2066 1251 2100 tum
1283 2059 1434 2100 nostris
1466 2073 1634 2114 quoque
1666 2058 2007 2113 occupationibus

254 2113 461 2167 assignare
492 2116 675 2160 debebis.
736 2124 1029 2162 Verumtamen
1061 2120 1358 2162 maturabimus
1389 2128 1448 2169 et,
1481 2121 1593 2177 quod
1623 2121 1791 2175 negotio
1823 2120 2009 2162 deminu-

207 2181 241 2207 ³0
257 2178 340 2215 tum
372 2176 514 2226 fuerit,
548 2182 869 2237 exaequabimus
900 2183 1120 2231 industria,
1164 2190 1207 2225 ut
1237 2198 1312 2239 pro
1344 2191 1414 2226 tuo
1445 2185 1486 2225 in
1517 2198 1593 2226 nos
1624 2183 1762 2226 officio
1795 2190 1835 2225 et
1864 2190 2006 2225 nostro

254 2235 296 2278 in
326 2244 366 2280 te
396 2241 531 2284 studio
562 2258 708 2286 munus
738 2248 816 2287 hoo
847 2246 1217 2288 accumulatissime
1248 2253 1341 2289 tuae
1371 2247 1596 2302 largiamur
1625 2246 1839 2288 voluntati.

346 2386 379 2416 2.
409 2387 444 2417 id
469 2388 557 2426 quod
583 2385 663 2427 (om.
692 2388 751 2426 esc)
778 2391 876 2422 AFR.
903 2408 942 2413 -
970 2393 1004 2423 5.
1030 2390 1147 2431 pacto]
1175 2393 1278 2423 modo
1303 2392 1427 2423 ABRT
1455 2397 1488 2424 et
1514 2400 1559 2423 rc.
1590 2392 1627 2422 F.
1658 2409 1696 2414 —
1733 2392 1790 2422 11.
1819 2392 1892 2423 sine
1917 2392 2008 2423 iudi-

255 2434 307 2464 cio
334 2443 355 2464 a
378 2433 448 2474 filio
477 2434 679 2467 PABFRT:
726 2446 748 2467 a
772 2438 842 2478 filio
868 2439 939 2469 sine
963 2439 1093 2469 iudicio
1129 2439 1169 2470 E.
1214 2457 1251 2462 —-
1292 2440 1346 2470 15.
1384 2440 1676 2470 constitutionem.
1727 2439 1769 2469 1η
1804 2448 1844 2470 ea
1877 2447 1928 2477 pr.
1956 2439 2004 2475 P,

256 2481 509 2511 constitutione.
563 2482 603 2513 In
627 2492 667 2514 ea
695 2484 716 2513 F
734 2507 741 2519 ,
770 2492 858 2515 corr.
887 2485 911 2515 P
929 2508 937 2520 ,
968 2486 1092 2518 Graev.
1125 2503 1160 2508 —
1205 2487 1262 2517 26.
1289 2487 1400 2526 possit
1425 2490 1523 2516 tunm
1550 2486 1755 2527 defatigatio
1782 2487 1938 2516 animum
1964 2485 2004 2523 B,

256 2527 411 2557 animum
437 2531 534 2557 tuum
556 2531 666 2568 possit
692 2530 892 2572 defetiyatio
920 2531 995 2572 (sic)
1027 2532 1068 2563 Τ.
1099 2549 1138 2554 -
1178 2534 1235 2564 27.
1264 2532 1329 2563 Sed
1355 2542 1423 2564 om.
1451 2533 1504 2563 PF
1531 2537 1563 2563 et.
1591 2542 1640 2571 pr.
1669 2533 1720 2571 T,
1748 2531 1813 2564 Sed
1841 2532 2006 2573 quoniam

256 2574 298 2604 R.
349 2574 440 2604 Fort.
468 2574 533 2606 Sed
557 2576 587 2606 εἰ
613 2577 694 2616 qud.
724 2577 791 2610 On.
821 2595 860 2600 —
888 2579 944 2610 29.
973 2580 1189 2610 deminutum
1215 2580 1354 2611 PAFR:
1383 2581 1592 2611 diminutum
1619 2580 1721 2611 BTE.
