<?xml version="1.0" encoding="UTF-8"?>
<!DOCTYPE html PUBLIC "-//W3C//DTD XHTML 1.0 Transitional//EN"
    "http://www.w3.org/TR/xhtml1/DTD/xhtml1-transitional.dtd">
<html xmlns="http://www.w3.org/1999/xhtml" xml:lang="en" lang="en">
 <head>
  <title>
</title>
<meta http-equiv="Content-Type" content="text/html;charset=utf-8" />
  <meta name='ocr-system' content='tesseract 3.04.00' />
  <meta name='ocr-capabilities' content='ocr_page ocr_carea ocr_par ocr_line ocrx_word'/>
</head>
<body>
  <div class='ocr_page' id='page_1' title='image "./operaquaesupersu01ciceuoft/operaquaesupersu01ciceuoft_0328.png"; bbox 0 0 2117 3762; ppageno 0'>
   <div class='ocr_carea' id='block_1_1' title="bbox 246 253 1294 296">
    <p class='ocr_par' dir='ltr' id='par_1_1' title="bbox 246 253 1294 296">
     <span class='ocr_line' id='line_1_1' title="bbox 246 253 1294 296; baseline 0 -1"><span class='ocrx_word' id='word_1_1' title='bbox 246 255 328 296; x_wconf 86' lang='lat'>316</span> <span class='ocrx_word' id='word_1_2' title='bbox 945 254 1016 293; x_wconf 92' lang='lat' dir='ltr'>DE</span> <span class='ocrx_word' id='word_1_3' title='bbox 1047 253 1294 296; x_wconf 90' lang='lat' dir='ltr'>ORATORE</span> 
     </span>
    </p>
   </div>
   <div class='ocr_carea' id='block_1_2' title="bbox 187 359 2009 2733">
    <p class='ocr_par' dir='ltr' id='par_1_2' title="bbox 187 359 2009 2733">
     <span class='ocr_line' id='line_1_2' title="bbox 243 359 2002 418; baseline 0.001 -15"><span class='ocrx_word' id='word_1_4' title='bbox 243 364 417 418; x_wconf 86' lang='lat' dir='ltr'>putavit.</span> <span class='ocrx_word' id='word_1_5' title='bbox 479 363 616 412; x_wconf 84' lang='lat' dir='ltr'>Quare</span> <span class='ocrx_word' id='word_1_6' title='bbox 654 374 738 401; x_wconf 90' lang='lat' dir='ltr'>non</span> <span class='ocrx_word' id='word_1_7' title='bbox 778 363 840 400; x_wconf 86' lang='lat' dir='ltr'>est</span> <span class='ocrx_word' id='word_1_8' title='bbox 875 371 1103 412; x_wconf 89' lang='lat' dir='ltr'>paucorum</span> <span class='ocrx_word' id='word_1_9' title='bbox 1142 359 1377 402; x_wconf 83' lang='lat' dir='ltr'>libellorum</span> <span class='ocrx_word' id='word_1_10' title='bbox 1416 362 1496 402; x_wconf 92' lang='lat' dir='ltr'>hoc</span> <span class='ocrx_word' id='word_1_11' title='bbox 1534 374 1708 408; x_wconf 87' lang='lat' dir='ltr'>munus,</span> <span class='ocrx_word' id='word_1_12' title='bbox 1753 366 1800 402; x_wconf 90' lang='lat' dir='ltr'>ut</span> <span class='ocrx_word' id='word_1_13' title='bbox 1829 361 1880 410; x_wconf 93' lang='lat' dir='ltr'>ii,</span> <span class='ocrx_word' id='word_1_14' title='bbox 1929 362 2002 418; x_wconf 91' lang='lat' dir='ltr'>qui</span> 
     </span>
     <span class='ocr_line' id='line_1_3' title="bbox 244 420 2004 481; baseline 0.001 -16"><span class='ocrx_word' id='word_1_15' title='bbox 244 424 498 480; x_wconf 89' lang='lat' dir='ltr'>scripserunt</span> <span class='ocrx_word' id='word_1_16' title='bbox 537 423 587 465; x_wconf 92' lang='lat' dir='ltr'>de</span> <span class='ocrx_word' id='word_1_17' title='bbox 627 421 792 463; x_wconf 90' lang='lat' dir='ltr'>dicendi</span> <span class='ocrx_word' id='word_1_18' title='bbox 832 422 1014 468; x_wconf 85' lang='lat' dir='ltr'>ratione,</span> <span class='ocrx_word' id='word_1_19' title='bbox 1065 420 1253 463; x_wconf 88' lang='lat' dir='ltr'>arbitrati</span> <span class='ocrx_word' id='word_1_20' title='bbox 1292 429 1411 471; x_wconf 91' lang='lat' dir='ltr'>sunt,</span> <span class='ocrx_word' id='word_1_21' title='bbox 1460 436 1596 478; x_wconf 89' lang='lat' dir='ltr'>neque</span> <span class='ocrx_word' id='word_1_22' title='bbox 1627 424 1848 465; x_wconf 78' lang='lat' dir='ltr'>Tusculani</span> <span class='ocrx_word' id='word_1_23' title='bbox 1878 432 2004 481; x_wconf 88' lang='lat' dir='ltr'>atque</span> 
     </span>
     <span class='ocr_line' id='line_1_4' title="bbox 243 485 2000 540; baseline 0 -12"><span class='ocrx_word' id='word_1_24' title='bbox 243 486 366 528; x_wconf 87' lang='lat' dir='ltr'>huius</span> <span class='ocrx_word' id='word_1_25' title='bbox 405 487 698 527; x_wconf 83' lang='lat' dir='ltr'>ambulationis</span> <span class='ocrx_word' id='word_1_26' title='bbox 740 485 1090 525; x_wconf 82' lang='lat' dir='ltr'>antemeridianae</span> <span class='ocrx_word' id='word_1_27' title='bbox 1134 490 1205 525; x_wconf 91' lang='lat' dir='ltr'>aut</span> <span class='ocrx_word' id='word_1_28' title='bbox 1239 492 1407 526; x_wconf 86' lang='lat' dir='ltr'>nostrae</span> <span class='ocrx_word' id='word_1_29' title='bbox 1446 486 1759 540; x_wconf 89' lang='lat' dir='ltr'>pomeridianae</span> <span class='ocrx_word' id='word_1_30' title='bbox 1789 487 2000 528; x_wconf 88' lang='lat' dir='ltr'>sessionis.</span> 
     </span>
     <span class='ocr_line' id='line_1_5' title="bbox 244 545 2005 602; baseline 0.001 -13"><span class='ocrx_word' id='word_1_31' title='bbox 244 551 336 591; x_wconf 86' lang='lat' dir='ltr'>Non</span> <span class='ocrx_word' id='word_1_32' title='bbox 368 551 476 590; x_wconf 90' lang='lat' dir='ltr'>enim</span> <span class='ocrx_word' id='word_1_33' title='bbox 506 549 640 589; x_wconf 91' lang='lat' dir='ltr'>solum</span> <span class='ocrx_word' id='word_1_34' title='bbox 671 549 858 587; x_wconf 89' lang='lat' dir='ltr'>acuenda</span> <span class='ocrx_word' id='word_1_35' title='bbox 886 545 1008 587; x_wconf 90' lang='lat' dir='ltr'>nobis</span> <span class='ocrx_word' id='word_1_36' title='bbox 1038 559 1174 601; x_wconf 87' lang='lat' dir='ltr'>neque</span> <span class='ocrx_word' id='word_1_37' title='bbox 1205 548 1469 601; x_wconf 83' lang='lat' dir='ltr'>procudenda</span> <span class='ocrx_word' id='word_1_38' title='bbox 1500 549 1642 602; x_wconf 87' lang='lat' dir='ltr'>lingua</span> <span class='ocrx_word' id='word_1_39' title='bbox 1674 554 1751 595; x_wconf 91' lang='lat' dir='ltr'>est,</span> <span class='ocrx_word' id='word_1_40' title='bbox 1800 549 1874 590; x_wconf 90' lang='lat' dir='ltr'>sed</span> <span class='ocrx_word' id='word_1_41' title='bbox 1905 564 2005 591; x_wconf 89' lang='lat' dir='ltr'>one-</span> 
     </span>
     <span class='ocr_line' id='line_1_6' title="bbox 213 608 2005 666; baseline 0.002 -17"><span class='ocrx_word' id='word_1_42' title='bbox 213 611 419 654; x_wconf 77' lang='lat' dir='ltr'>srandum</span> <span class='ocrx_word' id='word_1_43' title='bbox 462 610 835 665; x_wconf 85' lang='lat' dir='ltr'>complendumque</span> <span class='ocrx_word' id='word_1_44' title='bbox 873 614 1016 664; x_wconf 89' lang='lat' dir='ltr'>pectus</span> <span class='ocrx_word' id='word_1_45' title='bbox 1059 608 1336 651; x_wconf 83' lang='lat' dir='ltr'>maximarum</span> <span class='ocrx_word' id='word_1_46' title='bbox 1366 625 1508 653; x_wconf 86' lang='lat' dir='ltr'>rerum</span> <span class='ocrx_word' id='word_1_47' title='bbox 1540 617 1580 652; x_wconf 90' lang='lat' dir='ltr'>et</span> <span class='ocrx_word' id='word_1_48' title='bbox 1608 610 1882 666; x_wconf 87' lang='lat' dir='ltr'>plurimarum</span> <span class='ocrx_word' id='word_1_49' title='bbox 1912 626 2005 653; x_wconf 90' lang='lat' dir='ltr'>sua-</span> 
     </span>
     <span class='ocr_line' id='line_1_7' title="bbox 244 672 2004 729; baseline -0.001 -13"><span class='ocrx_word' id='word_1_50' title='bbox 244 676 392 723; x_wconf 89' lang='lat' dir='ltr'>vitate,</span> <span class='ocrx_word' id='word_1_51' title='bbox 428 675 569 729; x_wconf 88' lang='lat' dir='ltr'>copia,</span> <span class='ocrx_word' id='word_1_52' title='bbox 607 672 824 714; x_wconf 80' lang='lat' dir='ltr'>varietate.</span> <span class='ocrx_word' id='word_1_53' title='bbox 884 674 1038 713; x_wconf 81' lang='lat' dir='ltr'><strong>XXXI.</strong></span> <span class='ocrx_word' id='word_1_54' title='bbox 1075 674 1166 713; x_wconf 81' lang='grc'><strong>122.</strong></span> <span class='ocrx_word' id='word_1_55' title='bbox 1211 673 1363 713; x_wconf 83' lang='lat' dir='ltr'>Nostra</span> <span class='ocrx_word' id='word_1_56' title='bbox 1392 679 1453 715; x_wconf 91' lang='lat' dir='ltr'>est</span> <span class='ocrx_word' id='word_1_57' title='bbox 1482 673 1593 715; x_wconf 90' lang='lat' dir='ltr'>enim</span> <span class='ocrx_word' id='word_1_58' title='bbox 1623 697 1677 705; x_wconf 93' lang='lat'>—</span> <span class='ocrx_word' id='word_1_59' title='bbox 1708 675 1742 714; x_wconf 89' lang='lat' dir='ltr'>si</span> <span class='ocrx_word' id='word_1_60' title='bbox 1772 673 1896 715; x_wconf 91' lang='lat' dir='ltr'>modo</span> <span class='ocrx_word' id='word_1_61' title='bbox 1927 688 2004 716; x_wconf 92' lang='lat' dir='ltr'>nos</span> 
     </span>
     <span class='ocr_line' id='line_1_8' title="bbox 244 733 2006 790; baseline 0 -12"><span class='ocrx_word' id='word_1_62' title='bbox 244 743 452 784; x_wconf 88' lang='lat' dir='ltr'>oratores,</span> <span class='ocrx_word' id='word_1_63' title='bbox 501 736 533 776; x_wconf 90' lang='lat' dir='ltr'>si</span> <span class='ocrx_word' id='word_1_64' title='bbox 563 735 605 775; x_wconf 89' lang='lat' dir='ltr'>in</span> <span class='ocrx_word' id='word_1_65' title='bbox 637 736 789 777; x_wconf 90' lang='lat' dir='ltr'>civium</span> <span class='ocrx_word' id='word_1_66' title='bbox 821 733 1213 790; x_wconf 86' lang='lat' dir='ltr'>disceptationibuS,</span> <span class='ocrx_word' id='word_1_67' title='bbox 1261 733 1295 775; x_wconf 88' lang='lat' dir='ltr'>si</span> <span class='ocrx_word' id='word_1_68' title='bbox 1323 736 1366 775; x_wconf 90' lang='lat' dir='ltr'>in</span> <span class='ocrx_word' id='word_1_69' title='bbox 1395 737 1613 790; x_wconf 89' lang='lat' dir='ltr'>periculis,</span> <span class='ocrx_word' id='word_1_70' title='bbox 1663 738 1696 778; x_wconf 90' lang='lat' dir='ltr'>si</span> <span class='ocrx_word' id='word_1_71' title='bbox 1725 738 1768 778; x_wconf 91' lang='lat' dir='ltr'>in</span> <span class='ocrx_word' id='word_1_72' title='bbox 1801 736 2006 778; x_wconf 88' lang='lat' dir='ltr'>delibera-</span> 
     </span>
     <span class='ocr_line' id='line_1_9' title="bbox 243 797 2004 852; baseline 0.001 -13"><span class='ocrx_word' id='word_1_73' title='bbox 243 800 424 839; x_wconf 82' lang='lat' dir='ltr'>tionibus</span> <span class='ocrx_word' id='word_1_74' title='bbox 453 797 630 852; x_wconf 88' lang='lat' dir='ltr'>publicis</span> <span class='ocrx_word' id='word_1_75' title='bbox 660 798 882 840; x_wconf 90' lang='lat' dir='ltr'>adhibendi</span> <span class='ocrx_word' id='word_1_76' title='bbox 913 804 1102 840; x_wconf 80' lang='lat' dir='ltr'>auctores</span> <span class='ocrx_word' id='word_1_77' title='bbox 1133 803 1175 838; x_wconf 88' lang='lat' dir='ltr'>et</span> <span class='ocrx_word' id='word_1_78' title='bbox 1194 798 1414 852; x_wconf 52' lang='lat' dir='ltr'>&gt;principes</span> <span class='ocrx_word' id='word_1_79' title='bbox 1444 813 1585 841; x_wconf 88' lang='lat' dir='ltr'>sumus</span> <span class='ocrx_word' id='word_1_80' title='bbox 1616 824 1697 848; x_wconf 91' lang='lat'>—,</span> <span class='ocrx_word' id='word_1_81' title='bbox 1745 805 1889 840; x_wconf 90' lang='lat' dir='ltr'>nostra</span> <span class='ocrx_word' id='word_1_82' title='bbox 1920 804 2004 847; x_wconf 92' lang='lat' dir='ltr'>est,</span> 
     </span>
     <span class='ocr_line' id='line_1_10' title="bbox 243 860 2005 916; baseline 0 -14"><span class='ocrx_word' id='word_1_83' title='bbox 243 861 434 916; x_wconf 88' lang='lat' dir='ltr'>inquam,</span> <span class='ocrx_word' id='word_1_84' title='bbox 467 862 601 901; x_wconf 89' lang='lat' dir='ltr'>omnis</span> <span class='ocrx_word' id='word_1_85' title='bbox 629 861 706 901; x_wconf 89' lang='lat' dir='ltr'>ista</span> <span class='ocrx_word' id='word_1_86' title='bbox 737 860 979 916; x_wconf 81' lang='lat' dir='ltr'>prudentiae</span> <span class='ocrx_word' id='word_1_87' title='bbox 1006 860 1303 915; x_wconf 86' lang='lat' dir='ltr'>doctrinaeque</span> <span class='ocrx_word' id='word_1_88' title='bbox 1327 863 1561 915; x_wconf 88' lang='lat' dir='ltr'>possessio,</span> <span class='ocrx_word' id='word_1_89' title='bbox 1595 864 1637 903; x_wconf 88' lang='lat' dir='ltr'>in</span> <span class='ocrx_word' id='word_1_90' title='bbox 1666 876 1787 915; x_wconf 90' lang='lat' dir='ltr'>quam</span> <span class='ocrx_word' id='word_1_91' title='bbox 1814 863 2005 903; x_wconf 87' lang='lat' dir='ltr'>homines</span> 
     </span>
     <span class='ocr_line' id='line_1_11' title="bbox 194 922 2006 980; baseline 0.002 -17"><span class='ocrx_word' id='word_1_92' title='bbox 194 933 229 958; x_wconf 90' lang='lat'>10</span> <span class='ocrx_word' id='word_1_93' title='bbox 244 922 359 977; x_wconf 91' lang='lat' dir='ltr'>quasi</span> <span class='ocrx_word' id='word_1_94' title='bbox 387 924 581 963; x_wconf 89' lang='lat' dir='ltr'>caducam</span> <span class='ocrx_word' id='word_1_95' title='bbox 613 929 735 979; x_wconf 90' lang='lat' dir='ltr'>atque</span> <span class='ocrx_word' id='word_1_96' title='bbox 766 937 939 965; x_wconf 87' lang='lat' dir='ltr'>vacuam</span> <span class='ocrx_word' id='word_1_97' title='bbox 971 925 1230 964; x_wconf 83' lang='lat' dir='ltr'>abundantes</span> <span class='ocrx_word' id='word_1_98' title='bbox 1262 924 1371 971; x_wconf 89' lang='lat' dir='ltr'>otio,</span> <span class='ocrx_word' id='word_1_99' title='bbox 1417 922 1538 964; x_wconf 88' lang='lat' dir='ltr'>nobis</span> <span class='ocrx_word' id='word_1_100' title='bbox 1569 927 1802 980; x_wconf 89' lang='lat' dir='ltr'>occupatis,</span> <span class='ocrx_word' id='word_1_101' title='bbox 1848 924 2006 966; x_wconf 85' lang='lat' dir='ltr'>invola-</span> 
     </span>
     <span class='ocr_line' id='line_1_12' title="bbox 242 985 2003 1041; baseline 0.001 -15"><span class='ocrx_word' id='word_1_102' title='bbox 242 991 389 1027; x_wconf 86' lang='lat' dir='ltr'>verunt</span> <span class='ocrx_word' id='word_1_103' title='bbox 418 991 541 1041; x_wconf 90' lang='lat' dir='ltr'>atque</span> <span class='ocrx_word' id='word_1_104' title='bbox 571 986 696 1027; x_wconf 89' lang='lat' dir='ltr'>etiam</span> <span class='ocrx_word' id='word_1_105' title='bbox 722 993 794 1027; x_wconf 89' lang='lat' dir='ltr'>aut</span> <span class='ocrx_word' id='word_1_106' title='bbox 823 988 1044 1028; x_wconf 86' lang='lat' dir='ltr'>irridentes</span> <span class='ocrx_word' id='word_1_107' title='bbox 1076 992 1313 1034; x_wconf 89' lang='lat' dir='ltr'>oratorem,</span> <span class='ocrx_word' id='word_1_108' title='bbox 1354 991 1400 1026; x_wconf 88' lang='lat' dir='ltr'>ut</span> <span class='ocrx_word' id='word_1_109' title='bbox 1425 985 1494 1026; x_wconf 91' lang='lat' dir='ltr'>ille</span> <span class='ocrx_word' id='word_1_110' title='bbox 1526 985 1567 1026; x_wconf 91' lang='lat' dir='ltr'>in</span> <span class='ocrx_word' id='word_1_111' title='bbox 1599 987 1752 1040; x_wconf 83' lang='lat' dir='ltr'>Gorgia</span> <span class='ocrx_word' id='word_1_112' title='bbox 1783 990 2003 1034; x_wconf 84' lang='lat' dir='ltr'>Socrates,</span> 
     </span>
     <span class='ocr_line' id='line_1_13' title="bbox 242 1048 2006 1105; baseline 0 -16"><span class='ocrx_word' id='word_1_113' title='bbox 242 1048 488 1090; x_wconf 85' lang='lat' dir='ltr'>cavillantur</span> <span class='ocrx_word' id='word_1_114' title='bbox 516 1054 586 1090; x_wconf 86' lang='lat' dir='ltr'>aut</span> <span class='ocrx_word' id='word_1_115' title='bbox 616 1048 771 1104; x_wconf 87' lang='lat' dir='ltr'>aliquid</span> <span class='ocrx_word' id='word_1_116' title='bbox 794 1051 845 1090; x_wconf 90' lang='lat' dir='ltr'>de</span> <span class='ocrx_word' id='word_1_117' title='bbox 868 1052 1044 1091; x_wconf 90' lang='lat' dir='ltr'>oratoris</span> <span class='ocrx_word' id='word_1_118' title='bbox 1076 1054 1165 1090; x_wconf 88' lang='lat' dir='ltr'>arte</span> <span class='ocrx_word' id='word_1_119' title='bbox 1194 1048 1338 1103; x_wconf 89' lang='lat' dir='ltr'>paucis</span> <span class='ocrx_word' id='word_1_120' title='bbox 1368 1050 1636 1102; x_wconf 88' lang='lat' dir='ltr'>praecipiunt</span> <span class='ocrx_word' id='word_1_121' title='bbox 1665 1049 1817 1091; x_wconf 86' lang='lat' dir='ltr'>libellis</span> <span class='ocrx_word' id='word_1_122' title='bbox 1850 1063 2006 1105; x_wconf 90' lang='lat' dir='ltr'>eosque</span> 
     </span>
     <span class='ocr_line' id='line_1_14' title="bbox 240 1110 2005 1169; baseline 0.001 -18"><span class='ocrx_word' id='word_1_123' title='bbox 240 1112 470 1152; x_wconf 87' lang='lat' dir='ltr'>rhetoricos</span> <span class='ocrx_word' id='word_1_124' title='bbox 509 1110 760 1159; x_wconf 90' lang='lat' dir='ltr'>inscribunt,</span> <span class='ocrx_word' id='word_1_125' title='bbox 810 1112 928 1166; x_wconf 87' lang='lat' dir='ltr'>quasi</span> <span class='ocrx_word' id='word_1_126' title='bbox 968 1124 1052 1152; x_wconf 92' lang='lat' dir='ltr'>non</span> <span class='ocrx_word' id='word_1_127' title='bbox 1090 1113 1159 1152; x_wconf 89' lang='lat' dir='ltr'>illa</span> <span class='ocrx_word' id='word_1_128' title='bbox 1201 1111 1282 1152; x_wconf 87' lang='lat' dir='ltr'>sint</span> <span class='ocrx_word' id='word_1_129' title='bbox 1315 1113 1485 1166; x_wconf 87' lang='lat' dir='ltr'>propria</span> <span class='ocrx_word' id='word_1_130' title='bbox 1521 1113 1761 1162; x_wconf 89' lang='lat' dir='ltr'>rhetorum,</span> <span class='ocrx_word' id='word_1_131' title='bbox 1810 1126 1915 1169; x_wconf 91' lang='lat' dir='ltr'>quae</span> <span class='ocrx_word' id='word_1_132' title='bbox 1954 1113 2005 1152; x_wconf 90' lang='lat' dir='ltr'>ab</span> 
     </span>
     <span class='ocr_line' id='line_1_15' title="bbox 240 1172 2006 1229; baseline 0.001 -16"><span class='ocrx_word' id='word_1_133' title='bbox 240 1172 385 1214; x_wconf 91' lang='lat' dir='ltr'>iisdem</span> <span class='ocrx_word' id='word_1_134' title='bbox 420 1172 471 1214; x_wconf 92' lang='lat' dir='ltr'>de</span> <span class='ocrx_word' id='word_1_135' title='bbox 502 1174 682 1222; x_wconf 89' lang='lat' dir='ltr'>iustitia,</span> <span class='ocrx_word' id='word_1_136' title='bbox 718 1177 768 1215; x_wconf 88' lang='lat' dir='ltr'>de</span> <span class='ocrx_word' id='word_1_137' title='bbox 799 1172 961 1222; x_wconf 84' lang='lat' dir='ltr'>officio,</span> <span class='ocrx_word' id='word_1_138' title='bbox 1004 1176 1054 1214; x_wconf 91' lang='lat' dir='ltr'>de</span> <span class='ocrx_word' id='word_1_139' title='bbox 1085 1175 1318 1215; x_wconf 86' lang='lat' dir='ltr'>civitatibus</span> <span class='ocrx_word' id='word_1_140' title='bbox 1347 1173 1609 1214; x_wconf 88' lang='lat' dir='ltr'>instituendis</span> <span class='ocrx_word' id='word_1_141' title='bbox 1641 1179 1681 1215; x_wconf 89' lang='lat' dir='ltr'>et</span> <span class='ocrx_word' id='word_1_142' title='bbox 1710 1175 1922 1229; x_wconf 87' lang='lat' dir='ltr'>regendis,</span> <span class='ocrx_word' id='word_1_143' title='bbox 1955 1177 2006 1216; x_wconf 91' lang='lat' dir='ltr'>de</span> 
     </span>
     <span class='ocr_line' id='line_1_16' title="bbox 188 1235 2006 1291; baseline 0.001 -15"><span class='ocrx_word' id='word_1_144' title='bbox 188 1243 225 1270; x_wconf 83' lang='lat'>1⁵</span> <span class='ocrx_word' id='word_1_145' title='bbox 242 1235 354 1277; x_wconf 90' lang='lat' dir='ltr'>omni</span> <span class='ocrx_word' id='word_1_146' title='bbox 384 1235 572 1284; x_wconf 89' lang='lat' dir='ltr'>vivendi,</span> <span class='ocrx_word' id='word_1_147' title='bbox 619 1236 797 1291; x_wconf 90' lang='lat' dir='ltr'>denique</span> <span class='ocrx_word' id='word_1_148' title='bbox 834 1237 960 1277; x_wconf 87' lang='lat' dir='ltr'>etiam</span> <span class='ocrx_word' id='word_1_149' title='bbox 995 1237 1046 1277; x_wconf 92' lang='lat' dir='ltr'>de</span> <span class='ocrx_word' id='word_1_150' title='bbox 1077 1242 1248 1278; x_wconf 90' lang='lat' dir='ltr'>naturae</span> <span class='ocrx_word' id='word_1_151' title='bbox 1284 1235 1445 1277; x_wconf 88' lang='lat' dir='ltr'>ratione</span> <span class='ocrx_word' id='word_1_152' title='bbox 1479 1235 1687 1278; x_wconf 88' lang='lat' dir='ltr'>dicuntur.</span> <span class='ocrx_word' id='word_1_153' title='bbox 1749 1240 1842 1279; x_wconf 82' lang='lat'><strong>123.</strong></span> <span class='ocrx_word' id='word_1_154' title='bbox 1890 1239 2006 1287; x_wconf 88' lang='lat' dir='ltr'>Quae</span> 
     </span>
     <span class='ocr_line' id='line_1_17' title="bbox 239 1297 2007 1356; baseline 0.001 -16"><span class='ocrx_word' id='word_1_155' title='bbox 239 1297 436 1354; x_wconf 90' lang='lat' dir='ltr'>quoniam</span> <span class='ocrx_word' id='word_1_156' title='bbox 463 1300 545 1340; x_wconf 89' lang='lat' dir='ltr'>iam</span> <span class='ocrx_word' id='word_1_157' title='bbox 577 1299 744 1341; x_wconf 91' lang='lat' dir='ltr'>aliunde</span> <span class='ocrx_word' id='word_1_158' title='bbox 771 1313 856 1341; x_wconf 91' lang='lat' dir='ltr'>non</span> <span class='ocrx_word' id='word_1_159' title='bbox 886 1313 1130 1355; x_wconf 89' lang='lat' dir='ltr'>possumus,</span> <span class='ocrx_word' id='word_1_160' title='bbox 1163 1301 1363 1340; x_wconf 89' lang='lat' dir='ltr'>sumenda</span> <span class='ocrx_word' id='word_1_161' title='bbox 1392 1306 1486 1341; x_wconf 90' lang='lat' dir='ltr'>sunt</span> <span class='ocrx_word' id='word_1_162' title='bbox 1515 1301 1636 1341; x_wconf 89' lang='lat' dir='ltr'>nobis</span> <span class='ocrx_word' id='word_1_163' title='bbox 1669 1301 1720 1340; x_wconf 89' lang='lat' dir='ltr'>ab</span> <span class='ocrx_word' id='word_1_164' title='bbox 1752 1301 1802 1341; x_wconf 91' lang='lat' dir='ltr'>iis</span> <span class='ocrx_word' id='word_1_165' title='bbox 1833 1300 1951 1356; x_wconf 89' lang='lat' dir='ltr'>ipsis,</span> <span class='ocrx_word' id='word_1_166' title='bbox 1984 1314 2007 1341; x_wconf 86' lang='lat' dir='ltr'>a</span> 
     </span>
     <span class='ocr_line' id='line_1_18' title="bbox 240 1360 2006 1418; baseline 0.002 -17"><span class='ocrx_word' id='word_1_167' title='bbox 240 1360 389 1416; x_wconf 89' lang='lat' dir='ltr'>quibus</span> <span class='ocrx_word' id='word_1_168' title='bbox 418 1364 588 1417; x_wconf 86' lang='lat' dir='ltr'>expilati</span> <span class='ocrx_word' id='word_1_169' title='bbox 616 1377 782 1412; x_wconf 84' lang='lat' dir='ltr'>sumus3</span> <span class='ocrx_word' id='word_1_170' title='bbox 834 1364 1063 1404; x_wconf 90' lang='lat' dir='ltr'>dummodo</span> <span class='ocrx_word' id='word_1_171' title='bbox 1100 1361 1167 1404; x_wconf 88' lang='lat' dir='ltr'>illa</span> <span class='ocrx_word' id='word_1_172' title='bbox 1200 1361 1251 1403; x_wconf 89' lang='lat' dir='ltr'>ad</span> <span class='ocrx_word' id='word_1_173' title='bbox 1286 1362 1390 1403; x_wconf 91' lang='lat' dir='ltr'>hanc</span> <span class='ocrx_word' id='word_1_174' title='bbox 1430 1362 1592 1403; x_wconf 88' lang='lat' dir='ltr'>civilem</span> <span class='ocrx_word' id='word_1_175' title='bbox 1628 1362 1870 1412; x_wconf 90' lang='lat' dir='ltr'>scientiam,</span> <span class='ocrx_word' id='word_1_176' title='bbox 1923 1376 2006 1418; x_wconf 91' lang='lat' dir='ltr'>quo</span> 
     </span>
     <span class='ocr_line' id='line_1_19' title="bbox 237 1424 2007 1481; baseline 0 -16"><span class='ocrx_word' id='word_1_177' title='bbox 237 1426 447 1481; x_wconf 85' lang='lat' dir='ltr'>pertinent</span> <span class='ocrx_word' id='word_1_178' title='bbox 477 1430 518 1466; x_wconf 91' lang='lat' dir='ltr'>et</span> <span class='ocrx_word' id='word_1_179' title='bbox 538 1440 660 1480; x_wconf 86' lang='lat' dir='ltr'>quam</span> <span class='ocrx_word' id='word_1_180' title='bbox 682 1427 908 1476; x_wconf 82' lang='lat' dir='ltr'>intuentur,</span> <span class='ocrx_word' id='word_1_181' title='bbox 944 1424 1264 1475; x_wconf 86' lang='lat' dir='ltr'>transferamus;</span> <span class='ocrx_word' id='word_1_182' title='bbox 1305 1439 1462 1481; x_wconf 88' lang='lat' dir='ltr'>neque,</span> <span class='ocrx_word' id='word_1_183' title='bbox 1494 1430 1539 1466; x_wconf 90' lang='lat' dir='ltr'>ut</span> <span class='ocrx_word' id='word_1_184' title='bbox 1567 1431 1662 1466; x_wconf 92' lang='lat' dir='ltr'>ante</span> <span class='ocrx_word' id='word_1_185' title='bbox 1696 1424 1808 1473; x_wconf 79' lang='lat' dir='ltr'>dixi,</span> <span class='ocrx_word' id='word_1_186' title='bbox 1842 1437 2007 1466; x_wconf 89' lang='lat' dir='ltr'>omnem</span> 
     </span>
     <span class='ocr_line' id='line_1_20' title="bbox 238 1486 2007 1541; baseline 0.001 -13"><span class='ocrx_word' id='word_1_187' title='bbox 238 1493 422 1528; x_wconf 88' lang='lat' dir='ltr'>teramus</span> <span class='ocrx_word' id='word_1_188' title='bbox 453 1489 496 1528; x_wconf 90' lang='lat' dir='ltr'>in</span> <span class='ocrx_word' id='word_1_189' title='bbox 523 1490 587 1529; x_wconf 92' lang='lat' dir='ltr'>his</span> <span class='ocrx_word' id='word_1_190' title='bbox 613 1487 818 1530; x_wconf 86' lang='lat' dir='ltr'>discendis</span> <span class='ocrx_word' id='word_1_191' title='bbox 847 1486 971 1529; x_wconf 91' lang='lat' dir='ltr'>rebus</span> <span class='ocrx_word' id='word_1_192' title='bbox 998 1494 1202 1537; x_wconf 85' lang='lat' dir='ltr'>aetatem3</span> <span class='ocrx_word' id='word_1_193' title='bbox 1237 1487 1310 1529; x_wconf 90' lang='lat' dir='ltr'>sed</span> <span class='ocrx_word' id='word_1_194' title='bbox 1339 1502 1433 1529; x_wconf 89' lang='lat' dir='ltr'>cum</span> <span class='ocrx_word' id='word_1_195' title='bbox 1457 1489 1596 1529; x_wconf 85' lang='lat' dir='ltr'>fontes</span> <span class='ocrx_word' id='word_1_196' title='bbox 1617 1487 1868 1534; x_wconf 85' lang='lat' dir='ltr'>viderimus,</span> <span class='ocrx_word' id='word_1_197' title='bbox 1901 1501 2007 1541; x_wconf 92' lang='lat' dir='ltr'>quos</span> 
     </span>
     <span class='ocr_line' id='line_1_21' title="bbox 191 1550 2009 1606; baseline 0.001 -18"><span class='ocrx_word' id='word_1_198' title='bbox 191 1564 225 1588; x_wconf 61' lang='grc' dir='ltr'>νο</span> <span class='ocrx_word' id='word_1_199' title='bbox 240 1550 319 1592; x_wconf 92' lang='lat' dir='ltr'>nisi</span> <span class='ocrx_word' id='word_1_200' title='bbox 350 1552 421 1606; x_wconf 92' lang='lat' dir='ltr'>qui</span> <span class='ocrx_word' id='word_1_201' title='bbox 452 1550 642 1592; x_wconf 87' lang='lat' dir='ltr'>celeriter</span> <span class='ocrx_word' id='word_1_202' title='bbox 670 1550 882 1605; x_wconf 85' lang='lat' dir='ltr'>cognorit,</span> <span class='ocrx_word' id='word_1_203' title='bbox 929 1564 1142 1606; x_wconf 90' lang='lat' dir='ltr'>nunquam</span> <span class='ocrx_word' id='word_1_204' title='bbox 1181 1556 1407 1604; x_wconf 84' lang='lat' dir='ltr'>cognoscet</span> <span class='ocrx_word' id='word_1_205' title='bbox 1442 1550 1635 1598; x_wconf 90' lang='lat' dir='ltr'>omnino,</span> <span class='ocrx_word' id='word_1_206' title='bbox 1676 1555 1785 1598; x_wconf 91' lang='lat' dir='ltr'>tum,</span> <span class='ocrx_word' id='word_1_207' title='bbox 1826 1551 2009 1606; x_wconf 88' lang='lat' dir='ltr'>quoties-</span> 
     </span>
     <span class='ocr_line' id='line_1_22' title="bbox 239 1613 2002 1670; baseline -0.001 -15"><span class='ocrx_word' id='word_1_208' title='bbox 239 1627 401 1670; x_wconf 90' lang='lat' dir='ltr'>cunque</span> <span class='ocrx_word' id='word_1_209' title='bbox 432 1627 536 1669; x_wconf 93' lang='lat' dir='ltr'>opus</span> <span class='ocrx_word' id='word_1_210' title='bbox 567 1615 668 1662; x_wconf 89' lang='lat' dir='ltr'>erit,</span> <span class='ocrx_word' id='word_1_211' title='bbox 713 1628 763 1654; x_wconf 81' lang='lat' dir='ltr'>ex</span> <span class='ocrx_word' id='word_1_212' title='bbox 795 1615 845 1653; x_wconf 92' lang='lat' dir='ltr'>iis</span> <span class='ocrx_word' id='word_1_213' title='bbox 878 1618 1061 1662; x_wconf 88' lang='lat' dir='ltr'>tantum,</span> <span class='ocrx_word' id='word_1_214' title='bbox 1096 1618 1297 1667; x_wconf 90' lang='lat' dir='ltr'>quantum</span> <span class='ocrx_word' id='word_1_215' title='bbox 1326 1627 1394 1654; x_wconf 85' lang='lat' dir='ltr'>res</span> <span class='ocrx_word' id='word_1_216' title='bbox 1425 1618 1555 1668; x_wconf 91' lang='lat' dir='ltr'>petet,</span> <span class='ocrx_word' id='word_1_217' title='bbox 1587 1613 1842 1654; x_wconf 89' lang='lat' dir='ltr'>hauriemus.</span> <span class='ocrx_word' id='word_1_218' title='bbox 1907 1614 2002 1653; x_wconf 67' lang='grc'><strong>124.</strong></span> 
     </span>
     <span class='ocr_line' id='line_1_23' title="bbox 237 1675 2002 1731; baseline -0.001 -14"><span class='ocrx_word' id='word_1_219' title='bbox 237 1678 341 1717; x_wconf 87' lang='lat' dir='ltr'>Nam</span> <span class='ocrx_word' id='word_1_220' title='bbox 370 1691 507 1731; x_wconf 90' lang='lat' dir='ltr'>neque</span> <span class='ocrx_word' id='word_1_221' title='bbox 538 1681 621 1716; x_wconf 89' lang='lat' dir='ltr'>tam</span> <span class='ocrx_word' id='word_1_222' title='bbox 652 1680 714 1717; x_wconf 88' lang='lat' dir='ltr'>est</span> <span class='ocrx_word' id='word_1_223' title='bbox 743 1675 849 1716; x_wconf 85' lang='lat' dir='ltr'>acris</span> <span class='ocrx_word' id='word_1_224' title='bbox 879 1675 988 1716; x_wconf 87' lang='lat' dir='ltr'>acies</span> <span class='ocrx_word' id='word_1_225' title='bbox 1019 1676 1062 1717; x_wconf 90' lang='lat' dir='ltr'>in</span> <span class='ocrx_word' id='word_1_226' title='bbox 1091 1677 1249 1717; x_wconf 87' lang='lat' dir='ltr'>naturis</span> <span class='ocrx_word' id='word_1_227' title='bbox 1279 1675 1494 1717; x_wconf 87' lang='lat' dir='ltr'>hominum</span> <span class='ocrx_word' id='word_1_228' title='bbox 1531 1680 1572 1717; x_wconf 89' lang='lat' dir='ltr'>et</span> <span class='ocrx_word' id='word_1_229' title='bbox 1609 1675 1804 1729; x_wconf 89' lang='lat' dir='ltr'>ingeniis,</span> <span class='ocrx_word' id='word_1_230' title='bbox 1851 1679 1899 1715; x_wconf 89' lang='lat' dir='ltr'>ut</span> <span class='ocrx_word' id='word_1_231' title='bbox 1935 1689 2002 1716; x_wconf 89' lang='lat' dir='ltr'>res</span> 
     </span>
     <span class='ocr_line' id='line_1_24' title="bbox 238 1737 2007 1794; baseline -0.001 -14"><span class='ocrx_word' id='word_1_232' title='bbox 238 1744 371 1780; x_wconf 89' lang='lat' dir='ltr'>tantas</span> <span class='ocrx_word' id='word_1_233' title='bbox 398 1739 615 1794; x_wconf 90' lang='lat' dir='ltr'>quisquam</span> <span class='ocrx_word' id='word_1_234' title='bbox 640 1739 719 1779; x_wconf 89' lang='lat' dir='ltr'>nisi</span> <span class='ocrx_word' id='word_1_235' title='bbox 746 1743 993 1779; x_wconf 88' lang='lat' dir='ltr'>monstratas</span> <span class='ocrx_word' id='word_1_236' title='bbox 1014 1739 1146 1794; x_wconf 89' lang='lat' dir='ltr'>possit</span> <span class='ocrx_word' id='word_1_237' title='bbox 1166 1738 1331 1789; x_wconf 84' lang='lat' dir='ltr'>videre3</span> <span class='ocrx_word' id='word_1_238' title='bbox 1366 1752 1502 1794; x_wconf 91' lang='lat' dir='ltr'>neque</span> <span class='ocrx_word' id='word_1_239' title='bbox 1525 1744 1635 1780; x_wconf 90' lang='lat' dir='ltr'>tanta</span> <span class='ocrx_word' id='word_1_240' title='bbox 1656 1744 1794 1779; x_wconf 88' lang='lat' dir='ltr'>tamen</span> <span class='ocrx_word' id='word_1_241' title='bbox 1814 1737 1858 1779; x_wconf 91' lang='lat' dir='ltr'>in</span> <span class='ocrx_word' id='word_1_242' title='bbox 1878 1739 2007 1779; x_wconf 89' lang='lat' dir='ltr'>rebus</span> 
     </span>
     <span class='ocr_line' id='line_1_25' title="bbox 239 1800 2009 1855; baseline 0 -13"><span class='ocrx_word' id='word_1_243' title='bbox 239 1800 493 1850; x_wconf 85' lang='lat' dir='ltr'>obscuritas,</span> <span class='ocrx_word' id='word_1_244' title='bbox 534 1808 579 1843; x_wconf 90' lang='lat' dir='ltr'>ut</span> <span class='ocrx_word' id='word_1_245' title='bbox 610 1815 677 1842; x_wconf 90' lang='lat' dir='ltr'>eas</span> <span class='ocrx_word' id='word_1_246' title='bbox 716 1815 798 1841; x_wconf 93' lang='lat' dir='ltr'>non</span> <span class='ocrx_word' id='word_1_247' title='bbox 833 1802 999 1854; x_wconf 89' lang='lat' dir='ltr'>penitus</span> <span class='ocrx_word' id='word_1_248' title='bbox 1027 1803 1112 1843; x_wconf 90' lang='lat' dir='ltr'>acri</span> <span class='ocrx_word' id='word_1_249' title='bbox 1144 1803 1208 1843; x_wconf 88' lang='lat' dir='ltr'>vir</span> <span class='ocrx_word' id='word_1_250' title='bbox 1238 1802 1405 1855; x_wconf 85' lang='lat' dir='ltr'>ingenio</span> <span class='ocrx_word' id='word_1_251' title='bbox 1437 1806 1601 1850; x_wconf 89' lang='lat' dir='ltr'>cernat,</span> <span class='ocrx_word' id='word_1_252' title='bbox 1637 1802 1672 1841; x_wconf 88' lang='lat' dir='ltr'>si</span> <span class='ocrx_word' id='word_1_253' title='bbox 1702 1803 1828 1842; x_wconf 89' lang='lat' dir='ltr'>modo</span> <span class='ocrx_word' id='word_1_254' title='bbox 1859 1803 2009 1854; x_wconf 89' lang='lat' dir='ltr'>adspe-</span> 
     </span>
     <span class='ocr_line' id='line_1_26' title="bbox 187 1863 2007 1919; baseline -0.001 -13"><span class='ocrx_word' id='word_1_255' title='bbox 187 1864 361 1907; x_wconf 72' lang='lat' dir='ltr'>zsxerit.</span> <span class='ocrx_word' id='word_1_256' title='bbox 421 1866 467 1905; x_wconf 92' lang='lat' dir='ltr'>In</span> <span class='ocrx_word' id='word_1_257' title='bbox 495 1866 575 1905; x_wconf 94' lang='lat' dir='ltr'>hoc</span> <span class='ocrx_word' id='word_1_258' title='bbox 605 1863 734 1917; x_wconf 86' lang='lat' dir='ltr'>igitur</span> <span class='ocrx_word' id='word_1_259' title='bbox 765 1869 876 1904; x_wconf 88' lang='lat' dir='ltr'>tanto</span> <span class='ocrx_word' id='word_1_260' title='bbox 916 1870 999 1905; x_wconf 89' lang='lat' dir='ltr'>tam</span> <span class='ocrx_word' id='word_1_261' title='bbox 1031 1867 1320 1918; x_wconf 89' lang='lat' dir='ltr'>immensoque</span> <span class='ocrx_word' id='word_1_262' title='bbox 1352 1877 1525 1919; x_wconf 89' lang='lat' dir='ltr'>campo,</span> <span class='ocrx_word' id='word_1_263' title='bbox 1576 1878 1670 1904; x_wconf 90' lang='lat' dir='ltr'>cum</span> <span class='ocrx_word' id='word_1_264' title='bbox 1701 1863 1822 1905; x_wconf 88' lang='lat' dir='ltr'>liceat</span> <span class='ocrx_word' id='word_1_265' title='bbox 1849 1864 2007 1904; x_wconf 87' lang='lat' dir='ltr'>oratori</span> 
     </span>
     <span class='ocr_line' id='line_1_27' title="bbox 239 1925 2008 1982; baseline -0.002 -13"><span class='ocrx_word' id='word_1_266' title='bbox 239 1927 383 1982; x_wconf 87' lang='lat' dir='ltr'>vagari</span> <span class='ocrx_word' id='word_1_267' title='bbox 409 1927 542 1969; x_wconf 90' lang='lat' dir='ltr'>libere</span> <span class='ocrx_word' id='word_1_268' title='bbox 575 1933 721 1982; x_wconf 86' lang='lat' dir='ltr'>atque,</span> <span class='ocrx_word' id='word_1_269' title='bbox 754 1927 992 1980; x_wconf 89' lang='lat' dir='ltr'>ubicunque</span> <span class='ocrx_word' id='word_1_270' title='bbox 1021 1928 1270 1975; x_wconf 87' lang='lat' dir='ltr'>constiterit,</span> <span class='ocrx_word' id='word_1_271' title='bbox 1303 1928 1529 1968; x_wconf 87' lang='lat' dir='ltr'>consistere</span> <span class='ocrx_word' id='word_1_272' title='bbox 1558 1927 1601 1966; x_wconf 93' lang='lat' dir='ltr'>in</span> <span class='ocrx_word' id='word_1_273' title='bbox 1632 1940 1727 1975; x_wconf 90' lang='lat' dir='ltr'>suo,</span> <span class='ocrx_word' id='word_1_274' title='bbox 1758 1925 1878 1966; x_wconf 88' lang='lat' dir='ltr'>facile</span> <span class='ocrx_word' id='word_1_275' title='bbox 1910 1939 2008 1978; x_wconf 92' lang='lat' dir='ltr'>sup-</span> 
     </span>
     <span class='ocr_line' id='line_1_28' title="bbox 238 1988 2004 2044; baseline -0.002 -12"><span class='ocrx_word' id='word_1_276' title='bbox 238 1991 397 2044; x_wconf 87' lang='lat' dir='ltr'>peditat</span> <span class='ocrx_word' id='word_1_277' title='bbox 437 1991 570 2031; x_wconf 87' lang='lat' dir='ltr'>omnis</span> <span class='ocrx_word' id='word_1_278' title='bbox 608 1995 828 2044; x_wconf 88' lang='lat' dir='ltr'>apparatus</span> <span class='ocrx_word' id='word_1_279' title='bbox 870 1996 1123 2044; x_wconf 87' lang='lat' dir='ltr'>ornatusque</span> <span class='ocrx_word' id='word_1_280' title='bbox 1163 1988 1342 2030; x_wconf 89' lang='lat' dir='ltr'>dicendi.</span> <span class='ocrx_word' id='word_1_281' title='bbox 1408 1991 1500 2030; x_wconf 76' lang='lat'><strong>125.</strong></span> <span class='ocrx_word' id='word_1_282' title='bbox 1550 1992 1703 2030; x_wconf 88' lang='lat' dir='ltr'>Rerum</span> <span class='ocrx_word' id='word_1_283' title='bbox 1744 1989 1853 2029; x_wconf 90' lang='lat' dir='ltr'>enim</span> <span class='ocrx_word' id='word_1_284' title='bbox 1882 1989 2004 2043; x_wconf 91' lang='lat' dir='ltr'>copia</span> 
     </span>
     <span class='ocr_line' id='line_1_29' title="bbox 238 2050 2005 2106; baseline -0.001 -13"><span class='ocrx_word' id='word_1_285' title='bbox 238 2051 463 2093; x_wconf 85' lang='lat' dir='ltr'>verborum</span> <span class='ocrx_word' id='word_1_286' title='bbox 494 2053 656 2105; x_wconf 88' lang='lat' dir='ltr'>copiam</span> <span class='ocrx_word' id='word_1_287' title='bbox 689 2053 843 2105; x_wconf 83' lang='lat' dir='ltr'>gignit3</span> <span class='ocrx_word' id='word_1_288' title='bbox 896 2057 953 2097; x_wconf 86' lang='lat' dir='ltr'>et,</span> <span class='ocrx_word' id='word_1_289' title='bbox 986 2053 1018 2092; x_wconf 91' lang='lat' dir='ltr'>si</span> <span class='ocrx_word' id='word_1_290' title='bbox 1062 2058 1124 2093; x_wconf 91' lang='lat' dir='ltr'>est</span> <span class='ocrx_word' id='word_1_291' title='bbox 1155 2051 1346 2093; x_wconf 90' lang='lat' dir='ltr'>honestas</span> <span class='ocrx_word' id='word_1_292' title='bbox 1377 2051 1420 2092; x_wconf 89' lang='lat' dir='ltr'>in</span> <span class='ocrx_word' id='word_1_293' title='bbox 1450 2053 1576 2092; x_wconf 91' lang='lat' dir='ltr'>rebus</span> <span class='ocrx_word' id='word_1_294' title='bbox 1605 2050 1728 2106; x_wconf 89' lang='lat' dir='ltr'>ipsis,</span> <span class='ocrx_word' id='word_1_295' title='bbox 1772 2053 1822 2092; x_wconf 90' lang='lat' dir='ltr'>de</span> <span class='ocrx_word' id='word_1_296' title='bbox 1854 2052 2005 2106; x_wconf 88' lang='lat' dir='ltr'>quihus</span> 
     </span>
     <span class='ocr_line' id='line_1_30' title="bbox 239 2113 2005 2170; baseline 0 -16"><span class='ocrx_word' id='word_1_297' title='bbox 239 2113 408 2162; x_wconf 85' lang='lat' dir='ltr'>dicitur,</span> <span class='ocrx_word' id='word_1_298' title='bbox 458 2116 617 2156; x_wconf 81' lang='lat' dir='ltr'>exsistit</span> <span class='ocrx_word' id='word_1_299' title='bbox 648 2129 699 2155; x_wconf 84' lang='lat' dir='ltr'>ex</span> <span class='ocrx_word' id='word_1_300' title='bbox 739 2128 783 2155; x_wconf 87' lang='lat' dir='ltr'>re</span> <span class='ocrx_word' id='word_1_301' title='bbox 828 2113 1024 2156; x_wconf 89' lang='lat' dir='ltr'>naturalis</span> <span class='ocrx_word' id='word_1_302' title='bbox 1069 2114 1236 2170; x_wconf 87' lang='lat' dir='ltr'>quidam</span> <span class='ocrx_word' id='word_1_303' title='bbox 1276 2113 1471 2169; x_wconf 89' lang='lat' dir='ltr'>splendor</span> <span class='ocrx_word' id='word_1_304' title='bbox 1500 2115 1542 2154; x_wconf 91' lang='lat' dir='ltr'>in</span> <span class='ocrx_word' id='word_1_305' title='bbox 1572 2115 1726 2154; x_wconf 78' lang='lat' dir='ltr'>verbis.</span> <span class='ocrx_word' id='word_1_306' title='bbox 1789 2113 1849 2154; x_wconf 91' lang='lat' dir='ltr'>Sit</span> <span class='ocrx_word' id='word_1_307' title='bbox 1878 2115 2005 2154; x_wconf 91' lang='lat' dir='ltr'>modo</span> 
     </span>
     <span class='ocr_line' id='line_1_31' title="bbox 189 2175 2006 2231; baseline -0.001 -13"><span class='ocrx_word' id='word_1_308' title='bbox 189 2176 293 2224; x_wconf 80' lang='lat' dir='ltr'>sois,</span> <span class='ocrx_word' id='word_1_309' title='bbox 340 2177 412 2231; x_wconf 89' lang='lat' dir='ltr'>qui</span> <span class='ocrx_word' id='word_1_310' title='bbox 452 2176 560 2218; x_wconf 91' lang='lat' dir='ltr'>dicet</span> <span class='ocrx_word' id='word_1_311' title='bbox 598 2182 667 2218; x_wconf 92' lang='lat' dir='ltr'>aut</span> <span class='ocrx_word' id='word_1_312' title='bbox 707 2176 886 2225; x_wconf 88' lang='lat' dir='ltr'>scribet,</span> <span class='ocrx_word' id='word_1_313' title='bbox 934 2176 1145 2217; x_wconf 85' lang='lat' dir='ltr'>institutus</span> <span class='ocrx_word' id='word_1_314' title='bbox 1183 2177 1412 2218; x_wconf 88' lang='lat' dir='ltr'>liberaliter</span> <span class='ocrx_word' id='word_1_315' title='bbox 1451 2175 1697 2217; x_wconf 79' lang='lat' dir='ltr'>educatione</span> <span class='ocrx_word' id='word_1_316' title='bbox 1735 2177 2006 2230; x_wconf 89' lang='lat' dir='ltr'>doctrinaque</span> 
     </span>
     <span class='ocr_line' id='line_1_32' title="bbox 237 2238 2003 2293; baseline -0.001 -13"><span class='ocrx_word' id='word_1_317' title='bbox 237 2239 389 2291; x_wconf 87' lang='lat' dir='ltr'>puerili</span> <span class='ocrx_word' id='word_1_318' title='bbox 420 2245 461 2280; x_wconf 89' lang='lat' dir='ltr'>et</span> <span class='ocrx_word' id='word_1_319' title='bbox 490 2241 637 2293; x_wconf 85' lang='lat' dir='ltr'>flagret</span> <span class='ocrx_word' id='word_1_320' title='bbox 665 2238 802 2280; x_wconf 91' lang='lat' dir='ltr'>studio</span> <span class='ocrx_word' id='word_1_321' title='bbox 834 2244 874 2279; x_wconf 88' lang='lat' dir='ltr'>et</span> <span class='ocrx_word' id='word_1_322' title='bbox 904 2253 927 2278; x_wconf 89' lang='lat' dir='ltr'>a</span> <span class='ocrx_word' id='word_1_323' title='bbox 957 2245 1102 2280; x_wconf 87' lang='lat' dir='ltr'>natura</span> <span class='ocrx_word' id='word_1_324' title='bbox 1123 2241 1343 2281; x_wconf 88' lang='lat' dir='ltr'>adiuvetur</span> <span class='ocrx_word' id='word_1_325' title='bbox 1367 2246 1407 2280; x_wconf 92' lang='lat' dir='ltr'>et</span> <span class='ocrx_word' id='word_1_326' title='bbox 1427 2240 1468 2279; x_wconf 91' lang='lat' dir='ltr'>in</span> <span class='ocrx_word' id='word_1_327' title='bbox 1489 2238 1782 2280; x_wconf 88' lang='lat' dir='ltr'>universorum</span> <span class='ocrx_word' id='word_1_328' title='bbox 1804 2252 2003 2293; x_wconf 89' lang='lat' dir='ltr'>generum</span> 
     </span>
     <span class='ocr_line' id='line_1_33' title="bbox 237 2300 2005 2357; baseline 0 -15"><span class='ocrx_word' id='word_1_329' title='bbox 237 2300 408 2342; x_wconf 86' lang='lat' dir='ltr'>infinitis</span> <span class='ocrx_word' id='word_1_330' title='bbox 448 2301 818 2355; x_wconf 85' lang='lat' dir='ltr'>disceptationibus</span> <span class='ocrx_word' id='word_1_331' title='bbox 860 2303 1114 2343; x_wconf 75' lang='lat' dir='ltr'>exercitatus</span> <span class='ocrx_word' id='word_1_332' title='bbox 1161 2303 1446 2343; x_wconf 87' lang='lat' dir='ltr'>ornatissimos</span> <span class='ocrx_word' id='word_1_333' title='bbox 1477 2300 1704 2354; x_wconf 88' lang='lat' dir='ltr'>scriptores</span> <span class='ocrx_word' id='word_1_334' title='bbox 1735 2307 2005 2357; x_wconf 89' lang='lat' dir='ltr'>oratoresque</span> 
     </span>
     <span class='ocr_line' id='line_1_34' title="bbox 239 2363 2006 2419; baseline 0.001 -15"><span class='ocrx_word' id='word_1_335' title='bbox 239 2365 291 2404; x_wconf 92' lang='lat' dir='ltr'>ad</span> <span class='ocrx_word' id='word_1_336' title='bbox 323 2363 656 2418; x_wconf 88' lang='lat' dir='ltr'>cognoscendum</span> <span class='ocrx_word' id='word_1_337' title='bbox 688 2365 1021 2418; x_wconf 90' lang='lat' dir='ltr'>imitandumque</span> <span class='ocrx_word' id='word_1_338' title='bbox 1052 2364 1275 2418; x_wconf 85' lang='lat' dir='ltr'>delegerit,</span> <span class='ocrx_word' id='word_1_339' title='bbox 1310 2378 1386 2405; x_wconf 89' lang='lat' dir='ltr'>nae</span> <span class='ocrx_word' id='word_1_340' title='bbox 1416 2364 1485 2405; x_wconf 87' lang='lat' dir='ltr'>ille</span> <span class='ocrx_word' id='word_1_341' title='bbox 1514 2363 1625 2405; x_wconf 87' lang='lat' dir='ltr'>haud</span> <span class='ocrx_word' id='word_1_342' title='bbox 1656 2378 1775 2413; x_wconf 90' lang='lat' dir='ltr'>sane,</span> <span class='ocrx_word' id='word_1_343' title='bbox 1808 2366 2006 2419; x_wconf 89' lang='lat' dir='ltr'>quemad-</span> 
     </span>
     <span class='ocr_line' id='line_1_35' title="bbox 239 2425 2006 2482; baseline 0 -15"><span class='ocrx_word' id='word_1_344' title='bbox 239 2428 410 2467; x_wconf 89' lang='lat' dir='ltr'>modum</span> <span class='ocrx_word' id='word_1_345' title='bbox 440 2429 570 2468; x_wconf 86' lang='lat' dir='ltr'>verba</span> <span class='ocrx_word' id='word_1_346' title='bbox 601 2432 730 2467; x_wconf 89' lang='lat' dir='ltr'>struat</span> <span class='ocrx_word' id='word_1_347' title='bbox 759 2432 800 2467; x_wconf 92' lang='lat' dir='ltr'>et</span> <span class='ocrx_word' id='word_1_348' title='bbox 830 2426 1055 2475; x_wconf 88' lang='lat' dir='ltr'>illuminet,</span> <span class='ocrx_word' id='word_1_349' title='bbox 1105 2441 1127 2468; x_wconf 90' lang='lat' dir='ltr'>a</span> <span class='ocrx_word' id='word_1_350' title='bbox 1157 2427 1364 2481; x_wconf 89' lang='lat' dir='ltr'>magistris</span> <span class='ocrx_word' id='word_1_351' title='bbox 1404 2425 1493 2467; x_wconf 91' lang='lat' dir='ltr'>istis</span> <span class='ocrx_word' id='word_1_352' title='bbox 1533 2426 1734 2482; x_wconf 86' lang='lat' dir='ltr'>requiret.</span> <span class='ocrx_word' id='word_1_353' title='bbox 1796 2428 1857 2468; x_wconf 89' lang='lat' dir='ltr'>Ita</span> <span class='ocrx_word' id='word_1_354' title='bbox 1885 2426 2006 2468; x_wconf 87' lang='lat' dir='ltr'>facile</span> 
     </span>
     <span class='ocr_line' id='line_1_36' title="bbox 189 2488 2005 2544; baseline 0.002 -17"><span class='ocrx_word' id='word_1_355' title='bbox 189 2501 224 2527; x_wconf 81' lang='lat'>³5</span> <span class='ocrx_word' id='word_1_356' title='bbox 241 2489 282 2529; x_wconf 90' lang='lat' dir='ltr'>in</span> <span class='ocrx_word' id='word_1_357' title='bbox 312 2503 451 2531; x_wconf 90' lang='lat' dir='ltr'>rerum</span> <span class='ocrx_word' id='word_1_358' title='bbox 484 2488 733 2530; x_wconf 88' lang='lat' dir='ltr'>abundantia</span> <span class='ocrx_word' id='word_1_359' title='bbox 763 2492 814 2530; x_wconf 89' lang='lat' dir='ltr'>ad</span> <span class='ocrx_word' id='word_1_360' title='bbox 848 2489 1048 2530; x_wconf 88' lang='lat' dir='ltr'>orationis</span> <span class='ocrx_word' id='word_1_361' title='bbox 1080 2496 1323 2531; x_wconf 88' lang='lat' dir='ltr'>ornamenta</span> <span class='ocrx_word' id='word_1_362' title='bbox 1353 2492 1441 2531; x_wconf 87' lang='lat' dir='ltr'>sine</span> <span class='ocrx_word' id='word_1_363' title='bbox 1472 2491 1596 2538; x_wconf 91' lang='lat' dir='ltr'>duce,</span> <span class='ocrx_word' id='word_1_364' title='bbox 1641 2495 1787 2532; x_wconf 87' lang='lat' dir='ltr'>natura</span> <span class='ocrx_word' id='word_1_365' title='bbox 1816 2489 1927 2544; x_wconf 89' lang='lat' dir='ltr'>ipsa,</span> <span class='ocrx_word' id='word_1_366' title='bbox 1971 2491 2005 2531; x_wconf 92' lang='lat' dir='ltr'>si</span> 
     </span>
     <span class='ocr_line' id='line_1_37' title="bbox 239 2552 898 2601; baseline 0 -8"><span class='ocrx_word' id='word_1_367' title='bbox 239 2553 364 2593; x_wconf 90' lang='lat' dir='ltr'>modo</span> <span class='ocrx_word' id='word_1_368' title='bbox 398 2557 458 2592; x_wconf 89' lang='lat' dir='ltr'>est</span> <span class='ocrx_word' id='word_1_369' title='bbox 489 2552 687 2601; x_wconf 86' lang='lat' dir='ltr'>excitata,</span> <span class='ocrx_word' id='word_1_370' title='bbox 720 2553 898 2594; x_wconf 90' lang='lat' dir='ltr'>labetur.</span> 
     </span>
     <span class='ocr_line' id='line_1_38' title="bbox 351 2614 2002 2670; baseline 0.001 -15"><span class='ocrx_word' id='word_1_371' title='bbox 351 2616 527 2655; x_wconf 88' lang='lat' dir='ltr'>XXXII.</span> <span class='ocrx_word' id='word_1_372' title='bbox 565 2617 659 2656; x_wconf 88' lang='grc'><strong>126.</strong></span> <span class='ocrx_word' id='word_1_373' title='bbox 702 2617 780 2655; x_wconf 92' lang='lat' dir='ltr'>Hic</span> <span class='ocrx_word' id='word_1_374' title='bbox 815 2616 1006 2664; x_wconf 83' lang='lat' dir='ltr'>Catulus,</span> <span class='ocrx_word' id='word_1_375' title='bbox 1041 2615 1107 2657; x_wconf 93' lang='lat' dir='ltr'>Dii</span> <span class='ocrx_word' id='word_1_376' title='bbox 1136 2615 1421 2664; x_wconf 89' lang='lat' dir='ltr'>immortales,</span> <span class='ocrx_word' id='word_1_377' title='bbox 1455 2614 1607 2670; x_wconf 90' lang='lat' dir='ltr'>inquit,</span> <span class='ocrx_word' id='word_1_378' title='bbox 1639 2620 1834 2670; x_wconf 89' lang='lat' dir='ltr'>quantam</span> <span class='ocrx_word' id='word_1_379' title='bbox 1863 2628 2002 2657; x_wconf 86' lang='lat' dir='ltr'>rerum</span> 
     </span>
     <span class='ocr_line' id='line_1_39' title="bbox 241 2676 2005 2733; baseline 0.001 -15"><span class='ocrx_word' id='word_1_380' title='bbox 241 2676 508 2726; x_wconf 86' lang='lat' dir='ltr'>varietatem,</span> <span class='ocrx_word' id='word_1_381' title='bbox 541 2683 736 2732; x_wconf 85' lang='lat' dir='ltr'>quantam</span> <span class='ocrx_word' id='word_1_382' title='bbox 759 2679 866 2727; x_wconf 69' lang='lat' dir='ltr'>vim,</span> <span class='ocrx_word' id='word_1_383' title='bbox 901 2683 1097 2733; x_wconf 90' lang='lat' dir='ltr'>quantam</span> <span class='ocrx_word' id='word_1_384' title='bbox 1121 2679 1308 2733; x_wconf 88' lang='lat' dir='ltr'>copiam,</span> <span class='ocrx_word' id='word_1_385' title='bbox 1344 2678 1514 2726; x_wconf 89' lang='lat' dir='ltr'>Crasse,</span> <span class='ocrx_word' id='word_1_386' title='bbox 1548 2679 1790 2732; x_wconf 81' lang='lat' dir='ltr'>complexus</span> <span class='ocrx_word' id='word_1_387' title='bbox 1812 2692 1855 2719; x_wconf 90' lang='lat' dir='ltr'>es</span> <span class='ocrx_word' id='word_1_388' title='bbox 1876 2692 2005 2732; x_wconf 88' lang='lat' dir='ltr'>quan-</span> 
     </span>
    </p>
   </div>
   <div class='ocr_carea' id='block_1_3' title="bbox 242 2829 2006 2964">
    <p class='ocr_par' dir='ltr' id='par_1_3' title="bbox 242 2829 2006 2964">
     <span class='ocr_line' id='line_1_40' title="bbox 333 2829 2002 2870; baseline 0 -10"><span class='ocrx_word' id='word_1_389' title='bbox 333 2829 367 2860; x_wconf 86' lang='lat'><strong>2.</strong></span> <span class='ocrx_word' id='word_1_390' title='bbox 395 2829 617 2861; x_wconf 80' lang='lat' dir='ltr'>arbitrantur</span> <span class='ocrx_word' id='word_1_391' title='bbox 641 2829 683 2861; x_wconf 84' lang='grc' dir='ltr'>Α.</span> <span class='ocrx_word' id='word_1_392' title='bbox 715 2847 751 2852; x_wconf 97' lang='grc'>-</span> <span class='ocrx_word' id='word_1_393' title='bbox 782 2829 815 2862; x_wconf 90' lang='grc'>3.</span> <span class='ocrx_word' id='word_1_394' title='bbox 845 2830 1096 2861; x_wconf 77' lang='lat' dir='ltr'>ambulationes</span> <span class='ocrx_word' id='word_1_395' title='bbox 1119 2847 1133 2852; x_wconf 92' lang='lat'><em>-</em></span> <span class='ocrx_word' id='word_1_396' title='bbox 1159 2847 1172 2853; x_wconf 96' lang='lat'><em>-</em></span> <span class='ocrx_word' id='word_1_397' title='bbox 1197 2832 1362 2862; x_wconf 82' lang='lat' dir='ltr'>sessiones</span> <span class='ocrx_word' id='word_1_398' title='bbox 1388 2831 1429 2861; x_wconf 92' lang='lat' dir='ltr'>B.</span> <span class='ocrx_word' id='word_1_399' title='bbox 1457 2847 1499 2851; x_wconf 97' lang='lat'><strong>—</strong></span> <span class='ocrx_word' id='word_1_400' title='bbox 1525 2829 1559 2861; x_wconf 74' lang='grc' dir='ltr'><strong>[ι.</strong></span> <span class='ocrx_word' id='word_1_401' title='bbox 1583 2830 1806 2870; x_wconf 80' lang='lat' dir='ltr'>providenda</span> <span class='ocrx_word' id='word_1_402' title='bbox 1831 2831 1871 2862; x_wconf 90' lang='lat' dir='ltr'>B.</span> <span class='ocrx_word' id='word_1_403' title='bbox 1899 2846 1940 2852; x_wconf 90' lang='lat'>—</span> <span class='ocrx_word' id='word_1_404' title='bbox 1966 2829 2002 2860; x_wconf 87' lang='lat'>7.</span> 
     </span>
     <span class='ocr_line' id='line_1_41' title="bbox 243 2876 2006 2917; baseline 0 -10"><span class='ocrx_word' id='word_1_405' title='bbox 243 2881 402 2907; x_wconf 81' lang='lat' dir='ltr'>oratores</span> <span class='ocrx_word' id='word_1_406' title='bbox 429 2876 488 2908; x_wconf 83' lang='lat' dir='ltr'>AB</span> <span class='ocrx_word' id='word_1_407' title='bbox 515 2876 670 2916; x_wconf 83' lang='lat' dir='ltr'>aliique:</span> <span class='ocrx_word' id='word_1_408' title='bbox 716 2882 872 2908; x_wconf 82' lang='lat' dir='ltr'>oratores</span> <span class='ocrx_word' id='word_1_409' title='bbox 899 2886 1016 2907; x_wconf 78' lang='lat' dir='ltr'>sumus</span> <span class='ocrx_word' id='word_1_410' title='bbox 1043 2878 1114 2909; x_wconf 86' lang='lat' dir='ltr'>RE.</span> <span class='ocrx_word' id='word_1_411' title='bbox 1152 2894 1192 2899; x_wconf 96' lang='lat'><strong>—</strong></span> <span class='ocrx_word' id='word_1_412' title='bbox 1235 2880 1265 2909; x_wconf 88' lang='lat' dir='ltr'>si</span> <span class='ocrx_word' id='word_1_413' title='bbox 1290 2879 1326 2908; x_wconf 79' lang='lat' dir='ltr'>in</span> <span class='ocrx_word' id='word_1_414' title='bbox 1349 2877 1539 2917; x_wconf 84' lang='lat' dir='ltr'>periculis,</span> <span class='ocrx_word' id='word_1_415' title='bbox 1579 2879 1609 2908; x_wconf 75' lang='lat' dir='ltr'>si</span> <span class='ocrx_word' id='word_1_416' title='bbox 1634 2878 1671 2908; x_wconf 75' lang='lat' dir='ltr'>iu</span> <span class='ocrx_word' id='word_1_417' title='bbox 1695 2876 2006 2909; x_wconf 77' lang='lat' dir='ltr'>deliberationibus</span> 
     </span>
     <span class='ocr_line' id='line_1_42' title="bbox 242 2922 2002 2964; baseline 0 -10"><span class='ocrx_word' id='word_1_418' title='bbox 242 2932 311 2955; x_wconf 90' lang='lat' dir='ltr'>om.</span> <span class='ocrx_word' id='word_1_419' title='bbox 339 2923 382 2954; x_wconf 82' lang='grc' dir='ltr'>Α.</span> <span class='ocrx_word' id='word_1_420' title='bbox 411 2938 450 2946; x_wconf 91' lang='grc'>-</span> <span class='ocrx_word' id='word_1_421' title='bbox 488 2922 521 2953; x_wconf 90' lang='grc'>8.</span> <span class='ocrx_word' id='word_1_422' title='bbox 550 2924 742 2955; x_wconf 76' lang='lat' dir='ltr'>adimendis</span> <span class='ocrx_word' id='word_1_423' title='bbox 768 2923 823 2959; x_wconf 80' lang='grc' dir='ltr'>Α,</span> <span class='ocrx_word' id='word_1_424' title='bbox 852 2924 1028 2955; x_wconf 78' lang='lat' dir='ltr'>adimendi</span> <span class='ocrx_word' id='word_1_425' title='bbox 1054 2925 1094 2955; x_wconf 90' lang='lat' dir='ltr'>B.</span> <span class='ocrx_word' id='word_1_426' title='bbox 1125 2941 1162 2947; x_wconf 91' lang='lat'><em>-</em></span> <span class='ocrx_word' id='word_1_427' title='bbox 1200 2924 1233 2956; x_wconf 87' lang='grc'>9.</span> <span class='ocrx_word' id='word_1_428' title='bbox 1261 2926 1298 2955; x_wconf 78' lang='lat' dir='ltr'>in</span> <span class='ocrx_word' id='word_1_429' title='bbox 1323 2933 1392 2964; x_wconf 84' lang='lat' dir='ltr'>qua</span> <span class='ocrx_word' id='word_1_430' title='bbox 1416 2941 1430 2946; x_wconf 95' lang='lat'>-</span> <span class='ocrx_word' id='word_1_431' title='bbox 1452 2941 1465 2946; x_wconf 98' lang='lat'>-</span> <span class='ocrx_word' id='word_1_432' title='bbox 1490 2924 1622 2955; x_wconf 86' lang='lat' dir='ltr'>caduca</span> <span class='ocrx_word' id='word_1_433' title='bbox 1646 2941 1659 2946; x_wconf 98' lang='lat'>-</span> <span class='ocrx_word' id='word_1_434' title='bbox 1685 2940 1698 2945; x_wconf 98' lang='lat'>-</span> <span class='ocrx_word' id='word_1_435' title='bbox 1721 2933 1835 2955; x_wconf 86' lang='lat' dir='ltr'>vacua</span> <span class='ocrx_word' id='word_1_436' title='bbox 1860 2923 1932 2954; x_wconf 84' lang='grc' dir='ltr'>ΑΒ.</span> <span class='ocrx_word' id='word_1_437' title='bbox 1959 2939 2002 2945; x_wconf 86' lang='lat'>—-</span> 
     </span>
    </p>
   </div>
   <div class='ocr_carea' id='block_1_4' title="bbox 240 2969 2004 3376">
    <p class='ocr_par' dir='ltr' id='par_1_4' title="bbox 240 2969 2004 3376">
     <span class='ocr_line' id='line_1_43' title="bbox 242 2969 2001 3012; baseline 0.001 -13"><span class='ocrx_word' id='word_1_438' title='bbox 242 2969 298 3000; x_wconf 81' lang='lat'>17.</span> <span class='ocrx_word' id='word_1_439' title='bbox 328 2971 513 3009; x_wconf 67' lang='lat' dir='ltr'>exspoliati</span> <span class='ocrx_word' id='word_1_440' title='bbox 531 2978 549 3001; x_wconf 89' lang='lat' dir='ltr'>e</span> <span class='ocrx_word' id='word_1_441' title='bbox 569 2970 679 3002; x_wconf 79' lang='lat' dir='ltr'>Codd.</span> <span class='ocrx_word' id='word_1_442' title='bbox 707 2971 790 3010; x_wconf 85' lang='lat' dir='ltr'>aliq.</span> <span class='ocrx_word' id='word_1_443' title='bbox 812 2970 853 3001; x_wconf 92' lang='lat' dir='ltr'>T.</span> <span class='ocrx_word' id='word_1_444' title='bbox 882 2970 940 3007; x_wconf 87' lang='lat' dir='ltr'>(Ut</span> <span class='ocrx_word' id='word_1_445' title='bbox 962 2979 1042 3007; x_wconf 88' lang='lat' dir='ltr'>nos,</span> <span class='ocrx_word' id='word_1_446' title='bbox 1071 2969 1206 3011; x_wconf 73' lang='lat' dir='ltr'><strong>AB,R.)</strong></span> <span class='ocrx_word' id='word_1_447' title='bbox 1234 2988 1273 2993; x_wconf 91' lang='lat'><strong>—</strong></span> <span class='ocrx_word' id='word_1_448' title='bbox 1300 2969 1382 3012; x_wconf 88' lang='lat' dir='ltr'>quo]</span> <span class='ocrx_word' id='word_1_449' title='bbox 1410 2980 1479 3011; x_wconf 82' lang='lat' dir='ltr'>qua</span> <span class='ocrx_word' id='word_1_450' title='bbox 1498 2971 1539 3001; x_wconf 75' lang='lat' dir='ltr'>A.</span> <span class='ocrx_word' id='word_1_451' title='bbox 1567 2986 1605 2992; x_wconf 92' lang='lat'>—</span> <span class='ocrx_word' id='word_1_452' title='bbox 1635 2971 1689 3002; x_wconf 88' lang='lat'>18.</span> <span class='ocrx_word' id='word_1_453' title='bbox 1717 2972 1892 3002; x_wconf 80' lang='lat' dir='ltr'>intuemur</span> <span class='ocrx_word' id='word_1_454' title='bbox 1916 2969 2001 3001; x_wconf 89' lang='lat' dir='ltr'>Cod.</span> 
     </span>
     <span class='ocr_line' id='line_1_44' title="bbox 241 3015 2004 3056; baseline 0.001 -10"><span class='ocrx_word' id='word_1_455' title='bbox 241 3015 324 3055; x_wconf 80' lang='lat' dir='ltr'>Lag.</span> <span class='ocrx_word' id='word_1_456' title='bbox 352 3017 431 3056; x_wconf 83' lang='lat' dir='ltr'>aliq.</span> <span class='ocrx_word' id='word_1_457' title='bbox 450 3041 459 3055; x_wconf 92' lang='lat'>‚</span> <span class='ocrx_word' id='word_1_458' title='bbox 488 3021 524 3048; x_wconf 83' lang='lat' dir='ltr'>ut</span> <span class='ocrx_word' id='word_1_459' title='bbox 542 3018 691 3049; x_wconf 83' lang='lat' dir='ltr'>malebat</span> <span class='ocrx_word' id='word_1_460' title='bbox 710 3018 905 3049; x_wconf 78' lang='lat' dir='ltr'>Schtitzius.</span> <span class='ocrx_word' id='word_1_461' title='bbox 934 3016 991 3056; x_wconf 85' lang='lat' dir='ltr'>(Ut</span> <span class='ocrx_word' id='word_1_462' title='bbox 1009 3026 1094 3056; x_wconf 89' lang='lat' dir='ltr'>nos,</span> <span class='ocrx_word' id='word_1_463' title='bbox 1121 3016 1257 3055; x_wconf 80' lang='lat' dir='ltr'><strong>AB‚R.)</strong></span> <span class='ocrx_word' id='word_1_464' title='bbox 1276 3034 1316 3039; x_wconf 90' lang='lat'>—</span> <span class='ocrx_word' id='word_1_465' title='bbox 1342 3018 1399 3048; x_wconf 81' lang='lat'>21.</span> <span class='ocrx_word' id='word_1_466' title='bbox 1429 3017 1625 3048; x_wconf 75' lang='lat' dir='ltr'>hauriemus</span> <span class='ocrx_word' id='word_1_467' title='bbox 1643 3018 1770 3055; x_wconf 74' lang='lat' dir='ltr'>AB,R:</span> <span class='ocrx_word' id='word_1_468' title='bbox 1797 3017 2004 3048; x_wconf 79' lang='lat' dir='ltr'>hauriamus</span> 
     </span>
     <span class='ocr_line' id='line_1_45' title="bbox 243 3062 2003 3096; baseline 0.001 -4"><span class='ocrx_word' id='word_1_469' title='bbox 243 3062 412 3093; x_wconf 79' lang='lat' dir='ltr'>Lambiao</span> <span class='ocrx_word' id='word_1_470' title='bbox 439 3069 582 3096; x_wconf 90' lang='lat' dir='ltr'>auctore</span> <span class='ocrx_word' id='word_1_471' title='bbox 610 3065 652 3095; x_wconf 93' lang='lat' dir='ltr'>E.</span> <span class='ocrx_word' id='word_1_472' title='bbox 683 3080 720 3086; x_wconf 89' lang='lat'>-</span> <span class='ocrx_word' id='word_1_473' title='bbox 749 3064 806 3096; x_wconf 64' lang='grc'>24.</span> <span class='ocrx_word' id='word_1_474' title='bbox 833 3065 903 3095; x_wconf 75' lang='lat' dir='ltr'>viri</span> <span class='ocrx_word' id='word_1_475' title='bbox 929 3064 968 3095; x_wconf 92' lang='lat' dir='ltr'>B.</span> <span class='ocrx_word' id='word_1_476' title='bbox 999 3082 1035 3087; x_wconf 93' lang='lat'>—</span> <span class='ocrx_word' id='word_1_477' title='bbox 1081 3064 1137 3096; x_wconf 83' lang='grc'>26.</span> <span class='ocrx_word' id='word_1_478' title='bbox 1167 3066 1352 3096; x_wconf 80' lang='lat' dir='ltr'>consistere</span> <span class='ocrx_word' id='word_1_479' title='bbox 1377 3073 1446 3095; x_wconf 91' lang='lat' dir='ltr'>om.</span> <span class='ocrx_word' id='word_1_480' title='bbox 1475 3064 1546 3095; x_wconf 76' lang='lat' dir='ltr'>AB.</span> <span class='ocrx_word' id='word_1_481' title='bbox 1577 3081 1614 3086; x_wconf 94' lang='lat'><strong>—</strong></span> <span class='ocrx_word' id='word_1_482' title='bbox 1656 3065 1712 3096; x_wconf 88' lang='grc'>28.</span> <span class='ocrx_word' id='word_1_483' title='bbox 1745 3064 1926 3095; x_wconf 84' lang='lat' dir='ltr'>verborum</span> <span class='ocrx_word' id='word_1_484' title='bbox 1950 3072 2003 3094; x_wconf 81' lang='lat' dir='ltr'>co-</span> 
     </span>
     <span class='ocr_line' id='line_1_46' title="bbox 240 3108 2000 3151; baseline 0.002 -14"><span class='ocrx_word' id='word_1_485' title='bbox 240 3110 339 3147; x_wconf 81' lang='lat' dir='ltr'>piam</span> <span class='ocrx_word' id='word_1_486' title='bbox 366 3118 433 3140; x_wconf 88' lang='lat' dir='ltr'>om.</span> <span class='ocrx_word' id='word_1_487' title='bbox 461 3111 535 3141; x_wconf 83' lang='grc' dir='ltr'>ΑΒ.</span> <span class='ocrx_word' id='word_1_488' title='bbox 563 3127 603 3132; x_wconf 83' lang='grc'>-</span> <span class='ocrx_word' id='word_1_489' title='bbox 646 3108 747 3151; x_wconf 74' lang='lat' dir='ltr'>ipsis]</span> <span class='ocrx_word' id='word_1_490' title='bbox 775 3112 818 3142; x_wconf 78' lang='lat' dir='ltr'>iis</span> <span class='ocrx_word' id='word_1_491' title='bbox 844 3111 885 3142; x_wconf 89' lang='lat' dir='ltr'>R.</span> <span class='ocrx_word' id='word_1_492' title='bbox 927 3126 964 3132; x_wconf 81' lang='lat'><strong>—</strong></span> <span class='ocrx_word' id='word_1_493' title='bbox 1008 3111 1065 3142; x_wconf 85' lang='grc'>29.</span> <span class='ocrx_word' id='word_1_494' title='bbox 1093 3121 1134 3142; x_wconf 73' lang='lat' dir='ltr'>eac</span> <span class='ocrx_word' id='word_1_495' title='bbox 1156 3121 1193 3143; x_wconf 88' lang='lat' dir='ltr'>re</span> <span class='ocrx_word' id='word_1_496' title='bbox 1217 3110 1395 3142; x_wconf 78' lang='lat' dir='ltr'>naturalis</span> <span class='ocrx_word' id='word_1_497' title='bbox 1420 3111 1479 3142; x_wconf 78' lang='grc' dir='ltr'>ΑΒ</span> <span class='ocrx_word' id='word_1_498' title='bbox 1512 3115 1545 3143; x_wconf 88' lang='lat' dir='ltr'>et</span> <span class='ocrx_word' id='word_1_499' title='bbox 1581 3111 1636 3142; x_wconf 85' lang='lat' dir='ltr'>atii</span> <span class='ocrx_word' id='word_1_500' title='bbox 1665 3112 1810 3142; x_wconf 89' lang='lat' dir='ltr'>huiusce</span> <span class='ocrx_word' id='word_1_501' title='bbox 1836 3110 2000 3147; x_wconf 76' lang='lat' dir='ltr'>familiae,</span> 
     </span>
     <span class='ocr_line' id='line_1_47' title="bbox 243 3154 2003 3196; baseline 0.001 -12"><span class='ocrx_word' id='word_1_502' title='bbox 243 3159 283 3185; x_wconf 83' lang='lat' dir='ltr'>ut</span> <span class='ocrx_word' id='word_1_503' title='bbox 301 3154 378 3185; x_wconf 83' lang='lat' dir='ltr'>Vet.</span> <span class='ocrx_word' id='word_1_504' title='bbox 408 3156 530 3196; x_wconf 84' lang='lat' dir='ltr'>Steph.</span> <span class='ocrx_word' id='word_1_505' title='bbox 559 3157 626 3189; x_wconf 89' lang='lat' dir='ltr'><strong>Gu.</strong></span> <span class='ocrx_word' id='word_1_506' title='bbox 654 3158 712 3189; x_wconf 90' lang='lat'>3.:</span> <span class='ocrx_word' id='word_1_507' title='bbox 742 3166 783 3188; x_wconf 72' lang='lat' dir='ltr'>ex</span> <span class='ocrx_word' id='word_1_508' title='bbox 808 3158 859 3189; x_wconf 81' lang='lat' dir='ltr'>rei</span> <span class='ocrx_word' id='word_1_509' title='bbox 882 3161 1016 3188; x_wconf 80' lang='lat' dir='ltr'>natura</span> <span class='ocrx_word' id='word_1_510' title='bbox 1042 3158 1144 3189; x_wconf 87' lang='lat' dir='ltr'><strong>RET.</strong></span> <span class='ocrx_word' id='word_1_511' title='bbox 1165 3173 1207 3179; x_wconf 92' lang='lat'><strong>—</strong></span> <span class='ocrx_word' id='word_1_512' title='bbox 1233 3158 1289 3188; x_wconf 88' lang='lat'><strong>30.</strong></span> <span class='ocrx_word' id='word_1_513' title='bbox 1317 3157 1438 3189; x_wconf 74' lang='lat' dir='ltr'>scribet</span> <span class='ocrx_word' id='word_1_514' title='bbox 1465 3162 1496 3189; x_wconf 83' lang='lat' dir='ltr'>et</span> <span class='ocrx_word' id='word_1_515' title='bbox 1522 3159 1704 3189; x_wconf 81' lang='lat' dir='ltr'>institutus</span> <span class='ocrx_word' id='word_1_516' title='bbox 1720 3158 1792 3188; x_wconf 82' lang='grc' dir='ltr'>ΑΒ.</span> <span class='ocrx_word' id='word_1_517' title='bbox 1816 3173 1856 3178; x_wconf 94' lang='grc'>-</span> <span class='ocrx_word' id='word_1_518' title='bbox 1881 3156 1935 3187; x_wconf 88' lang='grc'><strong>31.</strong></span> <span class='ocrx_word' id='word_1_519' title='bbox 1965 3157 2003 3187; x_wconf 74' lang='lat' dir='ltr'>in</span> 
     </span>
     <span class='ocr_line' id='line_1_48' title="bbox 244 3201 1998 3244; baseline -0.001 -11"><span class='ocrx_word' id='word_1_520' title='bbox 244 3209 314 3233; x_wconf 89' lang='lat' dir='ltr'>om.</span> <span class='ocrx_word' id='word_1_521' title='bbox 342 3201 382 3231; x_wconf 81' lang='lat' dir='ltr'><strong>R.</strong></span> <span class='ocrx_word' id='word_1_522' title='bbox 414 3217 450 3222; x_wconf 91' lang='lat'>—</span> <span class='ocrx_word' id='word_1_523' title='bbox 479 3203 536 3234; x_wconf 88' lang='lat'><strong>33.</strong></span> <span class='ocrx_word' id='word_1_524' title='bbox 565 3204 613 3234; x_wconf 82' lang='lat' dir='ltr'>ad</span> <span class='ocrx_word' id='word_1_525' title='bbox 641 3213 709 3236; x_wconf 89' lang='lat' dir='ltr'>om.</span> <span class='ocrx_word' id='word_1_526' title='bbox 737 3205 810 3235; x_wconf 77' lang='lat' dir='ltr'><strong>AB.</strong></span> <span class='ocrx_word' id='word_1_527' title='bbox 842 3219 876 3225; x_wconf 80' lang='lat'>-</span> <span class='ocrx_word' id='word_1_528' title='bbox 908 3204 1071 3244; x_wconf 61' lang='lat' dir='ltr'>delegerit</span> <span class='ocrx_word' id='word_1_529' title='bbox 1094 3204 1154 3235; x_wconf 75' lang='lat' dir='ltr'>AB</span> <span class='ocrx_word' id='word_1_530' title='bbox 1181 3204 1335 3244; x_wconf 84' lang='lat' dir='ltr'>aliique:</span> <span class='ocrx_word' id='word_1_531' title='bbox 1365 3204 1524 3244; x_wconf 71' lang='lat' dir='ltr'>coqnoric</span> <span class='ocrx_word' id='word_1_532' title='bbox 1550 3205 1622 3236; x_wconf 88' lang='lat' dir='ltr'><strong>RE.</strong></span> <span class='ocrx_word' id='word_1_533' title='bbox 1646 3221 1680 3227; x_wconf 94' lang='grc'>-</span> <span class='ocrx_word' id='word_1_534' title='bbox 1711 3201 1816 3242; x_wconf 82' lang='lat' dir='ltr'>haud]</span> <span class='ocrx_word' id='word_1_535' title='bbox 1844 3208 1905 3233; x_wconf 82' lang='lat' dir='ltr'>aut</span> <span class='ocrx_word' id='word_1_536' title='bbox 1924 3202 1998 3234; x_wconf 80' lang='lat' dir='ltr'>AB.</span> 
     </span>
     <span class='ocr_line' id='line_1_49' title="bbox 244 3246 1998 3291; baseline 0.002 -14"><span class='ocrx_word' id='word_1_537' title='bbox 244 3263 286 3269; x_wconf 94' lang='grc'>-</span> <span class='ocrx_word' id='word_1_538' title='bbox 314 3246 370 3278; x_wconf 68' lang='grc'><strong>34.</strong></span> <span class='ocrx_word' id='word_1_539' title='bbox 403 3252 511 3280; x_wconf 79' lang='lat' dir='ltr'>struet</span> <span class='ocrx_word' id='word_1_540' title='bbox 536 3250 607 3280; x_wconf 80' lang='lat' dir='ltr'>AB.</span> <span class='ocrx_word' id='word_1_541' title='bbox 638 3267 677 3274; x_wconf 98' lang='lat'><strong>—</strong></span> <span class='ocrx_word' id='word_1_542' title='bbox 705 3250 762 3282; x_wconf 88' lang='grc'>35.</span> <span class='ocrx_word' id='word_1_543' title='bbox 791 3252 837 3283; x_wconf 84' lang='lat' dir='ltr'>ad</span> <span class='ocrx_word' id='word_1_544' title='bbox 862 3249 1049 3291; x_wconf 82' lang='lat' dir='ltr'>orationis]</span> <span class='ocrx_word' id='word_1_545' title='bbox 1078 3252 1326 3282; x_wconf 81' lang='lat' dir='ltr'>adornationis</span> <span class='ocrx_word' id='word_1_546' title='bbox 1351 3251 1422 3281; x_wconf 88' lang='grc' dir='ltr'>ΑΒ.</span> <span class='ocrx_word' id='word_1_547' title='bbox 1453 3268 1491 3273; x_wconf 91' lang='grc'>-</span> <span class='ocrx_word' id='word_1_548' title='bbox 1528 3250 1583 3282; x_wconf 92' lang='grc'>36.</span> <span class='ocrx_word' id='word_1_549' title='bbox 1609 3251 1763 3282; x_wconf 73' lang='lat' dir='ltr'>excitata</span> <span class='ocrx_word' id='word_1_550' title='bbox 1789 3249 1998 3281; x_wconf 80' lang='lat' dir='ltr'>Schutzius:</span> 
     </span>
     <span class='ocr_line' id='line_1_50' title="bbox 244 3294 2002 3337; baseline 0.002 -13"><span class='ocrx_word' id='word_1_551' title='bbox 244 3294 438 3325; x_wconf 72' lang='lat' dir='ltr'>eaeercieata</span> <span class='ocrx_word' id='word_1_552' title='bbox 464 3303 539 3325; x_wconf 88' lang='lat' dir='ltr'>cum</span> <span class='ocrx_word' id='word_1_553' title='bbox 568 3300 692 3328; x_wconf 85' lang='lat' dir='ltr'>ceteris</span> <span class='ocrx_word' id='word_1_554' title='bbox 719 3298 813 3330; x_wconf 82' lang='lat' dir='ltr'>libris</span> <span class='ocrx_word' id='word_1_555' title='bbox 838 3298 897 3329; x_wconf 84' lang='lat' dir='ltr'>AB</span> <span class='ocrx_word' id='word_1_556' title='bbox 924 3302 957 3330; x_wconf 87' lang='lat' dir='ltr'>et</span> <span class='ocrx_word' id='word_1_557' title='bbox 983 3298 1057 3329; x_wconf 89' lang='lat' dir='ltr'>RE.</span> <span class='ocrx_word' id='word_1_558' title='bbox 1087 3314 1127 3320; x_wconf 95' lang='lat'><strong>—</strong></span> <span class='ocrx_word' id='word_1_559' title='bbox 1170 3297 1346 3330; x_wconf 79' lang='lat' dir='ltr'>delabitur</span> <span class='ocrx_word' id='word_1_560' title='bbox 1370 3298 1398 3329; x_wconf 88' lang='lat' dir='ltr'>A</span> <span class='ocrx_word' id='word_1_561' title='bbox 1416 3321 1424 3337; x_wconf 97' lang='lat'>,</span> <span class='ocrx_word' id='word_1_562' title='bbox 1452 3297 1585 3330; x_wconf 78' lang='lat' dir='ltr'>labitur</span> <span class='ocrx_word' id='word_1_563' title='bbox 1610 3298 1650 3328; x_wconf 91' lang='lat' dir='ltr'>B.</span> <span class='ocrx_word' id='word_1_564' title='bbox 1689 3314 1726 3320; x_wconf 96' lang='lat'>—</span> <span class='ocrx_word' id='word_1_565' title='bbox 1767 3295 1826 3328; x_wconf 87' lang='lat'><strong>37.</strong></span> <span class='ocrx_word' id='word_1_566' title='bbox 1854 3297 1916 3328; x_wconf 79' lang='lat' dir='ltr'>Dii</span> <span class='ocrx_word' id='word_1_567' title='bbox 1939 3297 2002 3328; x_wconf 77' lang='lat' dir='ltr'>im-</span> 
     </span>
     <span class='ocr_line' id='line_1_51' title="bbox 244 3340 714 3376; baseline 0.004 -3"><span class='ocrx_word' id='word_1_568' title='bbox 244 3340 408 3374; x_wconf 82' lang='lat' dir='ltr'>mortales</span> <span class='ocrx_word' id='word_1_569' title='bbox 433 3340 485 3372; x_wconf 82' lang='grc' dir='ltr'>Ιιίο</span> <span class='ocrx_word' id='word_1_570' title='bbox 512 3342 650 3374; x_wconf 79' lang='lat' dir='ltr'>Catulus</span> <span class='ocrx_word' id='word_1_571' title='bbox 674 3344 714 3376; x_wconf 94' lang='lat' dir='ltr'>B.</span> 
     </span>
    </p>
   </div>
  </div>
 </body>
</html>
