2117 3762
247 250 327 298 132
908 254 978 295 DE
1009 255 1332 296 INVENTIONE

359 363 424 404 17.
477 360 606 402 Causa
645 356 901 401 distribuitur
939 357 981 399 in
1018 359 1309 414 impulsionem
1340 366 1380 402 et
1413 359 1456 402 in
1486 358 1858 401 ratiocinationem.
1917 361 2000 400 Im-

240 424 377 481 pulsio
408 429 492 473 est,
539 436 643 479 quae
674 423 762 463 sine
792 419 1040 474 cogitatione
1070 434 1145 475 per
1175 422 1378 478 quandam
1409 422 1670 464 affectionem
1701 422 1826 463 animi
1862 421 1999 463 facere

243 487 398 544 aliquid
427 489 640 532 hortatur,
686 489 731 525 ut
759 496 905 531 amor,
953 481 1186 531 iracundia,
1228 484 1466 539 aegritudo,
1498 483 1725 527 vinolentia
1762 488 1802 524 et
1831 485 1998 525 omnino

242 550 402 598 omnia,
448 548 490 590 in
521 549 668 603 quibus
699 545 859 586 animus
889 544 944 586 ita
974 544 1138 586 videtur
1168 545 1337 589 affectus
1367 547 1514 595 fuisse,
1562 552 1607 588 ut
1644 559 1734 587 rem
1764 545 1999 601 perspicere

214 626 336 654 scum
367 609 540 653 consilio
581 614 621 650 et
658 621 755 648 cura
791 621 874 648 non
903 608 1087 663 potuerit
1117 611 1157 647 et
1186 610 1250 657 id,
1301 609 1413 664 quod
1451 609 1564 658 fecit,
1618 608 1776 663 impetu
1820 610 2000 662 quodam

243 677 367 716 animi
397 672 534 729 potius
563 684 683 726 quam
705 671 954 724 cogitatione
977 668 1136 711 fecerit.
1196 671 1261 711 18.
1290 671 1562 713 Ratiocinatio
1585 676 1646 712 est
1666 676 1802 712 autem
1827 669 2000 723 diligens

241 743 283 780 et
319 736 575 778 considerata
611 732 792 775 faciendi
832 732 988 787 aliquid
1018 737 1089 774 aut
1119 745 1202 773 non
1231 732 1409 775 faciendi
1439 733 1701 789 excogitatio.
1761 734 1820 772 Ea
1851 731 2001 773 dicitur

240 799 474 842 interfuisse
520 803 625 845 tum,
675 810 769 838 cum
807 795 961 850 aliquid
1004 800 1116 836 certa
1156 796 1207 835 de
1245 807 1366 836 causa
1407 797 1556 838 vitasse
1595 802 1664 837 aut
1703 799 1866 837 secutus
1911 808 2002 836 esse

240 865 399 905 animus
432 858 658 910 videbitur,
690 864 757 908 ut,
791 858 825 900 si
856 857 1060 900 amicitiae
1091 856 1190 913 quid
1222 870 1342 898 causa
1373 856 1523 900 factum
1555 859 1735 907 dicetur,
1780 858 1815 899 si
1846 857 2002 899 inimici

193 922 495 971 :oulciscendi,
543 921 578 964 si
616 926 771 976 metus,
816 920 851 963 si
891 920 1065 974 gloriae,
1112 919 1146 961 si
1188 919 1407 975 pecuniae,
1461 921 1496 962 si
1532 922 1733 977 denique,
1781 926 1827 962 ut
1865 919 2002 962 omnia

243 987 470 1042 generatim
500 986 816 1040 amplectamur,
862 982 1033 1025 alicuius
1063 981 1296 1030 retinendi,
1343 983 1520 1036 augendi
1550 983 1859 1038 adipiscendive
1890 997 2004 1025 com-

239 1048 354 1091 modi
391 1052 460 1089 aut
497 1052 640 1089 contra
679 1045 915 1093 reficiendi,
964 1043 1229 1086 deminuendi
1277 1044 1537 1087 devitandive
1576 1045 1827 1088 incommodi
1866 1058 2003 1087 causa.

239 1115 342 1153 Nam
387 1113 539 1152 horum
582 1109 625 1151 in
671 1122 800 1164 genus
838 1109 1080 1150 alterutrum
1116 1108 1184 1149 illa
1214 1121 1382 1162 quoque
1420 1107 1626 1156 incident,
1673 1109 1716 1150 in
1755 1108 1904 1163 quibus
1934 1112 2004 1149 aut

239 1174 492 1217 incommodi
522 1171 677 1228 aliquid
708 1171 878 1213 maioris
909 1170 1164 1226 adipiscendi
1197 1170 1404 1212 commodi
1426 1184 1548 1212 causa
1569 1176 1640 1212 aut
1659 1171 1828 1212 maioris
1850 1169 2003 1213 vitandi

189 1235 494 1279 asincommodi
531 1234 754 1290 suscipitur
791 1240 863 1275 aut
898 1233 1162 1275 commodum
1199 1233 1368 1289 aliquod
1405 1232 1574 1275 maioris
1604 1232 1858 1287 adipiscendi
1890 1247 2004 1275 com-

239 1299 352 1343 modi
382 1304 452 1341 aut
479 1296 649 1340 maioris
679 1295 835 1339 vitandi
864 1295 1116 1337 incommodi
1146 1295 1412 1351 praeteritur.

355 1364 419 1404 19.
465 1361 543 1403 Hic
572 1360 688 1402 locus
718 1359 824 1401 sicut
854 1358 1022 1413 aliquod
1064 1357 1375 1400 fundamentum
1418 1364 1480 1400 est
1518 1357 1641 1400 huius
1682 1357 2000 1400 constitutionis.

239 1429 342 1468 Nam
370 1423 472 1466 nihil
500 1423 654 1465 factum
685 1436 775 1464 esse
806 1421 997 1476 cuiquam
1026 1420 1249 1476 probatur,
1281 1421 1361 1462 nisi
1391 1421 1568 1477 aliquid,
1601 1434 1731 1475 quare
1760 1421 1913 1462 factum
1935 1420 2001 1469 sit,

241 1486 488 1530 ostenditur.
549 1488 661 1540 Ergo
693 1490 929 1533 accusator,
977 1497 1070 1525 cum
1108 1483 1357 1540 impulsione
1388 1483 1543 1539 aliquid
1574 1482 1726 1525 factum
1759 1497 1850 1526 esse
1880 1483 2002 1532 dicet,

190 1569 227 1595 20
241 1551 356 1594 illum
396 1551 598 1604 impetum
643 1553 683 1589 et
727 1549 934 1602 quandam
972 1546 1296 1589 commotionem
1327 1546 1453 1588 animi
1484 1546 1830 1601 affectionemque
1860 1546 2003 1589 verbis

242 1620 283 1657 et
326 1612 540 1656 sententiis
580 1610 831 1666 amplificare
868 1608 1036 1651 debebit
1073 1614 1113 1651 et
1151 1612 1393 1656 ostendere,
1441 1614 1594 1664 quanta
1638 1610 1698 1651 vis
1738 1610 1790 1650 sit
1833 1610 2003 1658 amoris,

243 1683 394 1734 quanta
436 1674 562 1716 animi
608 1671 866 1728 perturbatio
908 1686 958 1713 ex
996 1670 1210 1713 iracundia
1245 1671 1317 1713 fiat
1345 1676 1415 1713 aut
1443 1685 1495 1713 ex
1524 1671 1661 1726 aliqua
1691 1685 1812 1714 causa
1843 1685 2004 1720 earum,

243 1753 324 1795 qua
351 1737 576 1794 impulsum
607 1735 788 1791 aliquem
819 1734 862 1776 id
893 1733 1039 1776 fecisse
1070 1733 1191 1776 dicet.
1259 1735 1337 1775 Hic
1368 1740 1406 1777 et
1437 1734 1723 1789 exemplorum
1755 1747 2008 1776 commemo-

242 1801 428 1850 ratione,
461 1799 533 1855 qui
562 1798 687 1840 simili
717 1797 898 1851 impulsu
929 1797 1085 1852 aliquid
1116 1798 1420 1846 commiserint,
1467 1803 1506 1838 et
1538 1796 1853 1839 similitudinum
1883 1796 2009 1838 colla-

192 1882 229 1908 25
243 1866 356 1907 tione
386 1869 427 1905 et
454 1862 583 1918 ipsius
615 1860 741 1903 animi
772 1860 1001 1901 affectionis
1023 1859 1299 1914 explicatione
1322 1862 1549 1901 curandum
1572 1865 1654 1909 est,
1686 1864 1835 1901 utnon
1856 1860 2007 1901 mirum

242 1927 453 1974 videatur,
492 1925 526 1966 si
557 1926 669 1980 quod
700 1922 752 1964 ad
780 1922 940 1964 facinus
970 1921 1042 1963 tali
1071 1921 1386 1977 perturbatione
1418 1921 1652 1964 commotus
1679 1924 1839 1963 animus
1870 1935 2008 1963 acces-

244 1991 359 2032 serit.
419 1989 487 2030 VI.
518 1989 586 2028 20.
623 1987 725 2028 Cum
757 1990 896 2027 autem
917 1998 1001 2026 non
1021 1984 1289 2038 impulsione,
1320 1999 1466 2026 verum
1488 1983 1803 2026 ratiocinatione
1825 1984 2006 2039 aliquem

245 2050 499 2094 commisisse
539 2049 639 2104 quid
679 2048 806 2095 dicet,
852 2049 950 2103 quid
990 2046 1199 2089 commodi
1241 2047 1292 2088 sit
1329 2052 1493 2088 secutus
1523 2052 1594 2088 aut
1624 2046 1724 2101 quid
1752 2046 2008 2091 incommodi

243 2114 419 2170 sugerit,
466 2110 765 2155 demonstrabit
795 2116 835 2152 et
863 2111 906 2152 id
937 2108 1127 2164 augebit,
1171 2124 1294 2166 quam
1324 2109 1504 2151 maxime
1533 2109 1706 2163 poterit,
1753 2115 1821 2159 ut,
1870 2111 2008 2166 quoad

197 2178 335 2221 socius
378 2175 471 2218 fieri
513 2174 668 2231 possit,
717 2174 868 2216 idonea
912 2187 1035 2228 quam
1078 2173 1258 2214 maxime
1304 2187 1427 2215 causa
1465 2175 1516 2214 ad
1555 2171 1812 2228 peccandum
1844 2174 2009 2214 hortata

245 2242 452 2284 videatur.
515 2239 557 2278 Si
587 2236 748 2291 gloriae
779 2249 923 2284 causa,
958 2240 1152 2289 quantam
1182 2236 1358 2290 gloriam
1390 2240 1706 2277 consecuturam
1736 2234 2005 2286 existimarit3

246 2303 347 2346 item
377 2301 413 2343 si
442 2300 762 2348 dominationis,
815 2298 850 2340 si
886 2297 1116 2353 pecuniae,
1165 2298 1199 2339 si
1239 2298 1462 2346 amicitiae,
1513 2297 1548 2339 si
1586 2297 1919 2348 inimicitiarum;
1969 2302 2010 2339 et

248 2364 419 2408 omnino
450 2362 643 2419 quicquid
673 2361 772 2411 erit,
804 2363 916 2415 quod
946 2374 1093 2402 causae
1122 2360 1249 2402 fuisse
1281 2360 1410 2410 dicet,
1444 2360 1486 2403 id
1507 2374 1666 2402 summe
1697 2374 1851 2415 augere
1881 2362 2009 2402 debe-

248 2427 322 2471 bit.
383 2429 452 2468 21.
486 2428 538 2467 Et
566 2428 647 2467 hoc
676 2438 769 2466 eum
800 2436 950 2477 magno
982 2437 1111 2477 opere
1141 2422 1407 2464 considerare
1438 2421 1673 2477 oportebit,
1725 2437 1808 2464 non
1838 2422 1938 2479 quid
1965 2422 2009 2464 in

201 2508 235 2534 ³⁵
250 2490 423 2534 veritate
453 2490 604 2537 modo,
638 2501 782 2530 verum
814 2486 937 2527 etiam
967 2485 1273 2533 vehementius,
1307 2485 1405 2540 quid
1436 2486 1479 2527 in
1508 2485 1704 2541 opinione
1736 2485 1850 2533 eius,
1884 2498 2008 2540 quem

251 2557 419 2607 arguet,
465 2550 605 2593 fuerit.
666 2548 776 2590 Nihil
815 2548 923 2590 enim
953 2547 1082 2589 refert
1110 2562 1193 2589 non
1222 2547 1350 2590 fuisse
1380 2554 1450 2590 aut
1478 2563 1561 2590 non
1593 2562 1683 2590 esse
1712 2547 1867 2602 aliquid
1897 2561 2009 2589 com-

250 2615 366 2658 modi
402 2619 471 2657 aut
513 2611 790 2660 incommodi,
841 2611 875 2653 si
916 2610 1077 2653 ostendi
1114 2615 1251 2666 potest
1285 2611 1324 2652 ei
1361 2611 1495 2654 visum
1538 2625 1648 2660 esse,
1698 2610 1769 2665 qui
1798 2615 2007 2665 arguatur.

343 2748 377 2779 1.
405 2745 573 2777 tribuitur
601 2743 658 2775 AT
685 2747 718 2775 et
744 2752 795 2783 pr.
822 2742 862 2774 P.
905 2758 938 2764 —
980 2743 1013 2775 6.
1041 2746 1089 2775 est
1113 2747 1229 2775 autem
1253 2742 1338 2775 PR:
1371 2746 1488 2775 autem
1514 2745 1563 2774 est
1593 2742 1696 2774 ΑΤΕ.
1731 2759 1775 2765 —-
1811 2741 1846 2774 8.
1873 2742 2009 2783 aliquid

253 2798 346 2826 certa
372 2793 577 2825 Schutzius:
607 2791 741 2830 aliquid
765 2789 917 2830 faciendi
941 2794 1004 2821 aut
1027 2799 1100 2821 non
1125 2789 1279 2828 faciendi
1304 2795 1400 2822 certa
1426 2791 1512 2822 ΡΑΤ
1529 2814 1537 2827 ,
1567 2790 1701 2830 aliquid
1725 2790 1921 2830 faciendum
1946 2793 2009 2822 aut

253 2850 323 2873 non
348 2840 545 2880 faciendum
571 2841 666 2869 certa
691 2837 764 2869 RE.
792 2853 833 2859 -
861 2837 895 2868 9.
923 2837 1097 2869 videbitur
1121 2837 1173 2874 P.
1213 2837 1331 2869 Schol.
1360 2837 1479 2869 Oud.:
1517 2837 1658 2868 videtur
1694 2837 1829 2869 ARTE.
1867 2852 1905 2858 -
1948 2835 2005 2868 13.

252 2888 291 2918 in
316 2888 438 2919 horum
473 2884 610 2918 PART.
640 2901 682 2916 -s
719 2885 757 2915 in
793 2884 914 2924 quibus
941 2887 1004 2915 aut
1027 2884 1238 2916 incommodi
1265 2884 1400 2924 aliquid
1428 2884 1574 2915 maioris
1599 2883 1815 2923 adipiscendi
1840 2883 2009 2916 commodi

255 2943 364 2965 causa
390 2936 451 2965 aut
475 2933 620 2964 maioris
642 2931 778 2962 vitandi
802 2931 1012 2962 incommodi
1035 2932 1222 2970 suscipitur
1254 2931 1475 2963 Victorinus:
1514 2931 1552 2961 in
1586 2930 1707 2972 quibus
1745 2934 1806 2962 aut
1840 2930 2010 2961 commodi

254 2981 387 3021 aliquid
409 2980 555 3012 maioris
581 2977 797 3017 adipiscendi
822 2986 928 3009 causa
953 2981 1015 3009 aut
1039 2978 1185 3009 maioris
1208 2978 1344 3010 vitandi
1367 2977 1574 3009 incommodi
1598 2977 1790 3016 suscipitur
1821 2977 1909 3008 ΡΑΤ
1925 3000 1934 3015 ,
1970 2977 2009 3007 in

255 3027 379 3066 quibus
409 3031 471 3059 auc
505 3025 760 3058 incommodum
793 3024 936 3065 aliquod
969 3025 1115 3055 maioris
1148 3025 1286 3055 vitandi
1317 3024 1525 3056 incommodi
1548 3033 1653 3056 causa
1678 3026 1740 3055 aut
1763 3024 1908 3056 maioris
1933 3023 2009 3054 adi-

254 3073 409 3113 piscendi
434 3073 603 3105 commodi
626 3072 813 3111 suscipitur
837 3071 913 3102 RE.
941 3088 984 3092 —
1010 3071 1066 3102 15.
1094 3072 1155 3102 aut
1179 3070 1324 3111 aliquod
1348 3071 1561 3103 commodum
1585 3071 1731 3102 maioris
1755 3071 1802 3109 P,
1831 3073 1894 3102 aut
1919 3078 2009 3101 com-

255 3119 352 3150 modi
383 3121 528 3151 maioris
552 3119 696 3160 aliquod
721 3126 773 3158 pr.
801 3117 842 3149 Τ.
891 3116 948 3157 (Ut
973 3127 1033 3149 nos
1050 3141 1058 3155 ,
1088 3126 1176 3149 corr.
1205 3117 1262 3154 T.)
1290 3133 1330 3140 —
1368 3117 1423 3150 19.
1451 3118 1654 3157 impulsione
1679 3118 1814 3157 aliquid
1831 3116 2005 3149 VPART:

257 3166 391 3206 aliquid
415 3166 617 3205 impulsione
645 3165 686 3196 E.
716 3181 756 3188 —
783 3165 837 3196 21.
868 3165 913 3195 sic
937 3165 1067 3196 amoris
1091 3163 1238 3196 PART:
1266 3165 1396 3195 amoris
1421 3165 1467 3195 sit
1491 3164 1531 3196 E.
1561 3181 1600 3187 —
1639 3164 1696 3196 25.
1723 3164 2009 3206 examplificatio-

256 3220 299 3244 ne
323 3213 373 3251 P,
411 3212 522 3244 Oxon.
549 3221 652 3244 unus.
682 3228 722 3235 —
763 3211 822 3243 26.
862 3210 905 3243 V.
941 3213 1076 3243 animus
1107 3215 1308 3249 suspectum
1343 3211 1424 3242 Ern.
1459 3210 1527 3242 del.
1555 3211 1637 3244 Sch.
1665 3210 1812 3244 Servant
1837 3212 1946 3243 nostri
1973 3213 2007 3242 et

256 3259 470 3291 Victorinus.
512 3274 547 3280 —
587 3258 644 3289 29.
671 3263 710 3291 ut
734 3258 829 3300 quod
855 3258 976 3300 adfieri
1000 3258 1047 3295 P,
1074 3262 1112 3289 ut
1137 3257 1230 3298 quod
1257 3258 1329 3289 eius
1352 3258 1428 3300 fieri
1450 3257 1533 3297 AT,
1558 3263 1601 3290 ut
1627 3258 1700 3290 eius
1724 3257 1840 3299 quoad
1863 3258 1937 3300 fieri
1960 3257 2004 3289 R.

258 3305 358 3345 (Eius
384 3309 520 3344 praeter
544 3303 570 3335 P
597 3315 664 3340 om,
694 3305 807 3337 Schol.
838 3304 931 3338 Oud.
969 3304 1069 3338 Voss.
1103 3305 1149 3336 ΙΙ.
1190 3304 1326 3337 Oxonn.
1363 3308 1510 3345 septem.
1563 3306 1684 3340 Servat
1712 3302 1937 3348 Victorinus.)
1963 3320 2007 3327 —-

257 3351 316 3386 33.
339 3353 472 3386 dicetur
494 3351 568 3384 AT.
595 3366 637 3376 ·-·
664 3351 720 3385 35.
748 3354 778 3385 ei
801 3351 875 3385 AT.
