2117 3762
737 229 836 268 LIB.
870 227 901 267 i.
965 227 1009 267 C.
1043 228 1083 267 5.
1117 228 1155 268 6.
1190 228 1230 267 7.
1777 231 1854 269 177

107 342 149 377 et
178 335 364 387 cognita,
403 334 564 375 inanem
596 331 799 389 quandam
831 334 955 373 habet
987 332 1260 374 elocutionem
1287 337 1327 372 et
1354 344 1485 385 paene
1510 330 1725 384 puerilem.
1785 335 1856 373 21.

107 400 252 451 Neque
275 412 374 438 vero
412 411 489 449 ego
520 399 597 437 boc
630 401 785 436 tantum
812 395 951 435 oneris
985 397 1193 448 imponam
1225 396 1376 436 nostris
1409 395 1652 447 praesertim
1683 396 1859 435 oratori-

107 461 184 500 bus
224 459 262 500 in
306 461 380 500 hac
410 465 519 500 tanta
552 459 824 510 occupatione
863 457 975 498 urbis
1005 471 1050 498 ac
1084 458 1213 503 vitae,
1265 456 1365 497 niliil
1405 461 1449 497 ut
1480 456 1529 497 iis
1562 462 1700 510 putem
1736 456 1858 498 licere

108 523 293 570 nescire;
345 534 591 577 quamquam
627 519 689 560 vis
729 520 906 561 oratoris
948 519 1234 574 professioque
1275 518 1361 571 ipsa
1419 520 1523 560 bene
1569 518 1731 559 dicendi
1782 518 1859 558 boc

109 585 322 636 suscipere
353 597 399 625 ac
430 581 615 636 polliceri
647 583 831 629 videtur,
865 589 907 622 ut
937 584 1048 623 omni
1076 581 1125 622 de
1153 595 1222 627 re,
1255 594 1524 635 quaecunque
1549 582 1600 621 sit
1629 581 1857 633 proposita,
1876 591 1890 617 ⁵

110 652 255 687 ornate
286 645 337 686 ab
377 659 428 687 eo
460 644 711 699 copioseque
746 644 917 685 dicatur.
979 646 1045 687 22.
1079 645 1158 685 Sed
1197 642 1291 698 quia
1330 658 1411 684 non
1445 642 1609 690 dubito,
1656 644 1755 698 quin
1784 641 1861 683 hoc

111 709 318 763 plerisque
340 707 584 748 immensum
607 705 890 761 infinitumque
917 705 1125 752 videatur,
1159 711 1198 745 ct
1225 706 1337 759 quod
1361 708 1539 745 Graecos
1568 706 1756 746 homines
1780 718 1863 746 non

112 770 245 812 solum
267 769 433 825 ingenio
459 775 499 810 et
530 767 715 809 doctrina
745 771 815 809 sed
842 770 965 809 etiam
988 769 1073 809 otio
1093 768 1312 821 studioque
1329 766 1582 808 abundantes
1601 767 1864 820 partitionem

113 833 320 886 quandam
350 832 499 873 artium
531 829 679 871 secisse
715 832 835 872 video
871 843 1004 885 neque
1037 829 1077 870 in
1105 830 1299 870 universo
1327 841 1482 881 genere
1506 831 1688 883 singulos
1724 829 1866 870 elabo-

113 907 225 935 rasse
256 894 328 933 sed
363 892 598 945 seposuisse
628 907 649 933 a
680 894 828 934 ceteris
860 890 1109 933 dictionibus
1145 904 1235 931 eam
1269 896 1428 943 partem
1465 890 1645 937 (licendi,
1691 905 1795 947 quac
1823 892 1865 931 in
1879 901 1915 926 10

113 953 347 996 forensibus
386 954 753 1007 disceptationibus
786 956 1033 996 iudiciorum
1065 966 1112 994 ac
1147 953 1491 994 deliberationum
1522 960 1780 1001 versarctur,
1827 958 1868 994 et

113 1016 155 1059 id
175 1030 302 1058 unum
329 1029 459 1071 genus
488 1016 642 1058 oratori
674 1017 917 1073 reliquisse:
961 1030 1042 1057 non
1073 1014 1326 1068 complectar
1358 1017 1398 1057 in
1430 1015 1493 1055 his
1526 1014 1640 1057 libris
1669 1015 1864 1071 amplius,

115 1092 237 1134 quam
268 1081 380 1135 quod
410 1079 505 1120 huic
535 1079 697 1134 generi,
748 1093 793 1120 re
825 1080 1009 1135 quaesita
1041 1084 1081 1119 et
1120 1079 1295 1118 multum
1335 1076 1560 1130 disputata,
1613 1092 1866 1119 summorum

114 1142 328 1183 hominum
368 1155 500 1197 prope
540 1155 744 1183 consensu
782 1148 841 1183 est
878 1143 1102 1189 tributum3
1155 1142 1223 1180 23.
1257 1146 1525 1195 repetamque
1562 1154 1645 1182 non
1675 1143 1724 1181 ab
1756 1140 1869 1181 incu-

115 1202 278 1244 nabulis
318 1210 482 1245 nostrae
524 1205 675 1245 veteris
715 1204 969 1260 puerilisque
1001 1202 1211 1243 doctrinae
1243 1204 1449 1255 quendam
1481 1202 1668 1243 ordinem
1701 1216 1916 1256 praece-15

115 1271 302 1320 morum,
334 1268 406 1307 sed
437 1280 504 1314 ea,
543 1280 647 1322 quae
677 1269 885 1321 quondam
916 1264 1057 1320 accepi
1087 1266 1128 1305 in
1159 1269 1397 1304 nostrorum
1428 1264 1643 1305 hominum
1674 1265 1871 1320 eloquen-

117 1327 367 1370 tissimorum
401 1334 440 1369 et
470 1328 581 1369 omni
613 1327 812 1382 dignitate
857 1327 1092 1383 principum
1126 1325 1403 1379 disputatione
1435 1339 1524 1366 esse
1563 1332 1742 1375 versata;
1789 1339 1870 1367 non

119 1391 231 1446 quod
261 1390 330 1432 illa
363 1396 641 1438 contemnam,
691 1404 795 1445 quae
828 1390 973 1432 Graeci
1004 1388 1169 1430 dicendi
1200 1387 1375 1429 artifices
1406 1393 1447 1428 et
1476 1388 1665 1430 doctores
1695 1387 1874 1442 relique-

117 1457 239 1501 runt;
273 1452 369 1501 sed,
405 1466 497 1494 cum
520 1452 589 1494 illa
610 1457 775 1508 pateant
795 1452 835 1494 in
866 1457 1145 1506 promptuque
1176 1449 1256 1491 sint
1286 1449 1476 1492 omnibus
1507 1464 1641 1506 neque
1672 1464 1719 1492 ea
1749 1450 1874 1491 inter-

118 1515 349 1570 pretatione
380 1529 472 1556 mea
503 1521 572 1556 aut
602 1515 785 1556 ornatius
817 1514 1015 1571 explicari
1045 1519 1114 1555 aut
1143 1511 1303 1567 planius
1333 1511 1508 1568 exprimi
1538 1513 1718 1568 possint,
1758 1511 1873 1553 dabis
1890 1528 1925 1553 ρο

120 1576 224 1618 hanc
254 1577 444 1626 veniam,
490 1577 546 1618 mi
576 1576 728 1626 frater,
770 1583 814 1619 ut
843 1578 1017 1632 opinor,
1057 1581 1103 1618 ut
1133 1588 1301 1623 eorum,
1346 1576 1496 1629 quibus
1526 1589 1682 1616 summa
1712 1573 1877 1616 dicendi

120 1639 209 1681 laus
240 1653 262 1680 a
293 1641 445 1681 nostris
476 1638 712 1681 hominibus
743 1654 937 1682 concessa
969 1646 1054 1688 est,
1096 1636 1381 1679 auctoritatem
1415 1637 1581 1679 Graecis
1611 1645 1871 1692 anteponam.

234 1703 324 1743 VII.
366 1704 436 1743 2ll.
486 1702 586 1743 Cum
618 1702 743 1757 igitur
773 1704 1054 1744 vehementius
1085 1702 1348 1741 inveheretur
1377 1698 1420 1740 in
1451 1712 1613 1740 causam
1644 1699 1874 1754 principum

123 1763 267 1804 consul
310 1763 523 1817 Philippus
562 1765 767 1818 Drusique
808 1764 1038 1806 tribunatus
1076 1775 1151 1818 pro
1192 1767 1354 1802 senatus
1391 1761 1632 1803 auctoritate
1663 1766 1876 1816 susceptus

123 1825 294 1879 infringi
324 1825 404 1866 iam
436 1824 725 1881 debilitarique
756 1826 987 1875 videretur,
1033 1824 1113 1867 dici
1144 1823 1243 1864 mihi
1282 1819 1450 1865 memini
1488 1823 1681 1865 ludorum
1730 1826 1876 1865 Roma·
1892 1838 1927 1863 2⁵

124 1901 273 1929 norum
305 1887 452 1929 diebus
482 1890 530 1928 L.
556 1888 747 1930 Crassum
786 1892 901 1943 quasi
944 1885 1163 1942 colligendi
1201 1884 1265 1926 sui
1301 1899 1420 1926 causa
1459 1899 1502 1926 se
1532 1885 1573 1926 in
1604 1885 1877 1927 Tusculanum

125 1949 370 1999 contulisse3
403 1949 565 1992 venisse
598 1953 765 1999 eodem,
797 1965 918 1993 socer
947 1951 1034 1993 eius
1067 1948 1137 2004 qui
1163 1946 1319 1996 fuerat,
1355 1949 1404 1997 Q.
1425 1947 1583 1989 Mucius
1606 1947 1820 1989 dicebatur
1841 1952 1881 1988 et

125 2015 181 2054 M.
204 2013 426 2060 Antonius,
471 2014 597 2053 homo
629 2019 668 2054 et
697 2013 965 2056 consiliorum
996 2015 1039 2055 in
1078 2026 1125 2054 re
1159 2009 1322 2066 publica
1362 2009 1497 2051 socius
1529 2015 1569 2051 et
1599 2023 1757 2051 summa
1788 2023 1880 2051 cum

128 2076 273 2116 Crasso
312 2073 589 2116 familiaritate
630 2077 888 2117 coniunctus.
949 2079 1018 2117 25.
1067 2073 1263 2116 Exierant
1300 2078 1435 2114 autem
1475 2085 1566 2113 cum
1605 2073 1696 2125 ipso
1736 2074 1880 2114 Crasso

128 2136 409 2179 adolescentes
440 2142 481 2178 et
509 2136 633 2178 Drusi
663 2137 841 2179 maxime
871 2138 1093 2180 familiares
1125 2142 1163 2177 et
1194 2135 1235 2176 in
1268 2135 1416 2189 quibus
1446 2148 1633 2189 magnam
1661 2141 1746 2176 tum
1768 2147 1880 2188 spem
1897 2148 1931 2174 30

128 2201 306 2240 maiores
336 2205 435 2241 natu
465 2198 675 2253 dignitatis
707 2213 806 2242 suae
836 2201 1111 2247 collocarent,
1161 2198 1205 2239 C.
1232 2199 1367 2245 Cotta,
1414 2197 1484 2251 qui
1514 2205 1600 2238 tum
1632 2195 1883 2237 tribunatum

129 2262 261 2317 plebis
291 2263 479 2316 petebat,
514 2267 555 2302 et
583 2263 628 2303 P.
655 2263 878 2318 Sulpicius,
912 2264 983 2318 qui
1014 2261 1208 2316 deinceps
1240 2274 1333 2302 eum
1365 2259 1647 2313 magistratum
1679 2258 1882 2313 petiturus

131 2322 366 2380 putabatur.
427 2326 495 2365 26.
529 2325 583 2365 Ηί
614 2324 751 2378 primo
783 2326 849 2367 die
880 2328 930 2367 de
962 2325 1222 2379 temporibus
1254 2322 1387 2378 deque
1417 2322 1609 2363 universa
1635 2335 1681 2362 re
1702 2320 1881 2374 publica,

131 2400 254 2442 quam
285 2389 338 2428 ob
369 2400 533 2429 causam
564 2393 783 2436 venerant,
816 2388 989 2429 multum
1018 2389 1128 2428 inter
1157 2399 1200 2427 se
1230 2399 1362 2439 usque
1392 2386 1443 2425 ad
1474 2390 1706 2425 extremum
1727 2388 1884 2436 teinpus

133 2449 454 2491 diei'collocuti
506 2456 612 2492 sunt.
691 2451 783 2500 Quo
823 2451 990 2506 quidem
1029 2461 1223 2491 sermone
1263 2446 1390 2488 multa
1440 2445 1632 2487 divinitus
1685 2459 1708 2485 a
1755 2444 1934 2485 tribusss

132 2511 214 2553 illis
254 2510 541 2554 consularibus
582 2513 701 2554 Cotta
741 2515 953 2566 deplorata
991 2518 1032 2554 et
1071 2515 1393 2553 commemorata
1437 2507 1653 2555 narrabat,
1702 2512 1745 2547 ut
1784 2505 1883 2546 nibil

133 2573 345 2616 incidisset
373 2580 517 2631 postea
547 2576 700 2617 civitati
731 2575 852 2625 mali,
886 2575 995 2632 quod
1026 2589 1110 2616 non
1141 2571 1381 2627 impendere
1410 2571 1467 2612 illi
1498 2576 1610 2611 tanto
1641 2575 1733 2610 ante
1763 2567 1886 2607 vidis-

137 2642 250 2687 sent3
302 2638 371 2678 27.
404 2652 454 2679 eo
485 2643 621 2680 autem
652 2639 763 2680 omni
793 2652 983 2681 sermone
1013 2636 1227 2684 consecto,
1271 2640 1422 2675 tantam
1453 2635 1494 2674 in
1525 2635 1668 2675 Crasso
1701 2630 1888 2670 humani-

137 2701 1887 2722 -ᾐ-ῂῄ-ῄῄ-μ-β--ῌ

229 2750 263 2782 2.
290 2751 354 2782 hoc
380 2759 440 2793 eqo
467 2752 509 2784 R.
539 2770 577 2776 -
606 2754 639 2785 5.
667 2754 832 2785 videatur
856 2753 939 2794 Lag.
967 2761 1086 2785 omnes
1115 2755 1252 2790 praeter
1276 2750 1309 2780 2.
1336 2748 1390 2780 36.
1420 2748 1476 2779 76.
1498 2769 1506 2781 ,
1534 2749 1614 2777 item
1641 2745 1668 2774 R
1687 2749 1721 2776 et
1740 2742 1885 2782 Quintil.

138 2795 174 2835 22
193 2796 251 2833 21·
269 2797 303 2829 5·
326 2814 364 2820 —
383 2798 417 2830 6·
439 2804 564 2831 ornate
589 2800 630 2832 ab
658 2809 694 2832 eo
715 2801 741 2831 B
767 2801 917 2839 aliique:
945 2800 987 2831 ab
1010 2809 1047 2830 eo
1075 2801 1196 2829 ornate
1217 2797 1255 2827 E.
1300 2795 1352 2835 (In
1379 2795 1408 2825 R
1434 2794 1635 2826 exciderunt
1661 2799 1712 2822 vv.
1734 2794 1768 2819 ut
1796 2789 1889 2820 omni

140 2860 154 2866 “
177 2859 191 2866 ·
214 2843 453 2886 infinitumque
477 2846 670 2887 videatur.)
711 2864 750 2869 —
790 2847 823 2878 8.
854 2847 1076 2878 abundantes
1101 2844 1152 2876 vel
1174 2849 1253 2884 post
1281 2843 1449 2873 actionem
1474 2841 1542 2870 iam
1574 2836 1751 2877 quemdam
1777 2835 1816 2865 13.
1847 2851 1884 2858 —

140 2889 197 2922 11.
227 2900 267 2921 ae
292 2890 414 2923 Pearc.
443 2900 484 2924 ex
513 2892 597 2924 Cod.
626 2893 736 2926 Gonv.
764 2893 910 2933 Recepit
936 2897 1037 2925 etiam
1066 2891 1118 2922 T:
1147 2894 1209 2921 aut
1234 2889 1338 2920 BRE.
1376 2905 1412 2910 —
1454 2885 1698 2916 deliberatione
1726 2882 1749 2912 B
1787 2879 1887 2921 (teste

141 2937 346 2975 nai-iesum
373 2938 456 2969 mihi
484 2944 642 2971 notatum
669 2950 736 2972 non
764 2939 855 2980 est):
884 2937 1191 2971 deliberationibus
1217 2937 1244 2967 Ι.
1275 2935 1319 2976 il.
1348 2934 1500 2965 Vossius.
1530 2948 1571 2952 -
1598 2930 1652 2961 17.
1679 2929 1891 2981 disputatio-0

140 2984 242 3016 m'bus
271 2984 312 3016 R.
343 3000 382 3006 —
426 2984 480 3016 18.
507 2995 575 3026 quo
600 2987 640 3018 B.
669 3003 708 3009 —
753 2988 808 3020 19.
837 2988 1004 3026 quoniam
1031 2986 1071 3017 R.
1101 2988 1154 3018 (ex
1181 2991 1247 3014 scr.
1275 2989 1379 3022 quom
1403 2978 1459 3017 T.)
1496 2994 1534 3000 -
1574 2977 1630 3007 25.
1657 2976 1796 3006 memini
1821 2975 1891 3006 dicu

141 3032 225 3063 mihi
244 3031 285 3062 R.
312 3047 347 3052 —
373 3030 432 3062 27.
450 3039 545 3063 socer
569 3034 641 3065 eius
665 3035 725 3074 qui
740 3035 874 3076 suerat,
905 3034 943 3073 Q.
966 3033 1075 3064 (lodd.
1096 3031 1179 3068 aliq.
1199 3039 1206 3060 :
1235 3036 1329 3059 socer
1345 3026 1495 3067 quietus
1517 3025 1631 3064 suerat
1658 3022 1773 3058 Voss„
1800 3029 1890 3052 soce-

142 3086 222 3109 rum
248 3079 340 3113 eius,
367 3078 425 3118 qui
449 3077 554 3117 fuisse
582 3078 622 3118 Q.
652 3080 708 3111 BE
726 3103 735 3118 ,
762 3088 915 3111 socerum
940 3081 999 3121 qul
1024 3078 1127 3118 fuisse
1156 3075 1196 3115 Q.
1226 3075 1265 3106 R.
1296 3074 1363 3105 Cir.
1393 3072 1571 3104 Sestianae
1598 3067 1636 3109 §.
1664 3068 1698 3099 6.
1726 3073 1760 3100 et
1786 3066 1890 3099 Gara-

144 3126 277 3156 tonium
304 3124 346 3155 ad
374 3123 569 3156 Caelianam
595 3125 633 3157 C.
660 3126 717 3157 24.
746 3135 779 3165 ρ.
807 3126 885 3158 512.
916 3142 954 3148 -
982 3125 1037 3157 30.
1065 3123 1292 3156 adolescentes
1318 3124 1347 3150 et
1374 3118 1481 3149 Drusi
1507 3116 1616 3148 Codd.
1638 3117 1732 3153 noti,
1758 3113 1808 3152 R,
1836 3114 1892 3144 ΑΙ-

146 3171 234 3203 dus:
263 3171 332 3202 duo
357 3170 607 3208 adolescentes,
633 3172 741 3203 Drusi
765 3173 864 3204 lunta
881 3196 890 3210 ,
917 3172 1146 3204 adolescentes
1174 3169 1243 3199 duo
1268 3166 1375 3196 Drusi
1403 3164 1439 3195 E.
1469 3180 1505 3186 —
1544 3162 1600 3194 31.
1628 3161 1835 3193 collocarent
1863 3161 1890 3191 B

147 3218 299 3258 aliique:
328 3217 542 3249 collocarunt
570 3217 639 3248 RE.
670 3234 708 3240 —
750 3223 822 3250 tum
848 3228 914 3250 om.
943 3220 985 3250 R.
1008 3235 1047 3240 -
1075 3218 1131 3248 32.
1164 3220 1209 3248 tr.
1238 3213 1324 3253 (sic,
1354 3220 1419 3242 οιιι.
1439 3208 1557 3250 plebis)
1578 3208 1761 3249 petebatur
1787 3207 1828 3238 R.
1849 3221 1892 3259 -ἶ-

147 3264 205 3296 33.
233 3263 440 3304 temporibus
459 3263 484 3294 B
510 3263 662 3303 aliique:
704 3266 914 3304 temporibus
938 3266 1007 3298 illis
1033 3264 1103 3295 RE.
1134 3276 1173 3284 -
1216 3259 1272 3291 35.
1300 3264 1457 3290 sermone
1482 3257 1508 3288 B
1535 3259 1569 3289 et
1593 3256 1749 3296 plerique
1775 3253 1828 3286 R:
1857 3260 1895 3284 m

149 3318 303 3346 sermone
328 3311 367 3342 E.
398 3326 437 3333 —
464 3309 519 3343 37.
547 3311 630 3344 mali
654 3311 786 3344 civitati
810 3311 851 3344 B.

226 3382 318 3410 Cicero
337 3381 366 3410 ¹1¹.
385 3381 408 3412 Ι.
1406 3374 1457 3420 12
