2117 3762
878 160 922 207 C.
953 163 1022 205 39.
1055 161 1122 204 [40.
1788 165 1867 208 501

132 274 291 326 sumpta
321 274 389 312 aut
419 267 525 311 male
556 268 750 310 conclusa
778 267 1087 322 reprehendere
1118 272 1159 310 et
1188 268 1333 310 eadem
1360 266 1426 310 vel
1456 270 1627 322 anguste
1657 268 1870 320 disserere,

132 338 177 374 ut
205 331 406 374 dialectici
437 330 508 387 qui
539 330 821 386 appellantur,
862 331 951 380 vel,
990 337 1036 373 ut
1065 337 1274 372 oratorem
1305 332 1448 381 decet,
1495 332 1574 372 late
1605 343 1872 385 expromere,

130 394 240 436 illius
279 394 585 436 exercitationis
621 398 663 435 et
698 393 901 435 subtiliter
938 392 1171 449 disputandi
1204 398 1244 434 et
1272 393 1441 448 copiose
1471 394 1633 435 dicendi
1665 396 1762 436 artis
1795 402 1870 436 est.

134 456 227 497 140.
276 458 334 498 De
365 455 484 498 bonis
513 469 613 497 vero
645 455 771 497 rebus
801 461 842 497 ct
873 455 1011 503 malis,
1058 455 1200 511 aequis
1231 455 1402 511 iniquis,
1445 455 1612 498 utilibus
1646 456 1872 505 inutilibus,

131 520 313 560 honestis
345 517 532 572 turpibus
561 531 682 573 quam
713 523 850 573 potest
880 518 1034 560 habere
1064 523 1206 560 orator
1232 518 1319 560 sine
1340 519 1420 561 illis
1440 518 1714 561 maximarum
1733 532 1905 561 rerums

131 581 288 623 artibus
318 581 549 623 facultatem
581 586 652 622 aut
681 581 867 636 copiam?
915 582 1056 631 Quare
1084 583 1186 622 haec
1215 581 1291 623 tibi
1322 583 1421 631 sint,
1465 581 1521 623 mi
1553 582 1722 631 Cicero,
1770 594 1876 636 quae

133 643 331 700 exposui,
364 643 478 699 quasi
510 643 659 685 indicia
688 643 865 685 sontium
895 643 1083 693 illorum;
1114 644 1164 684 ad
1189 656 1294 698 quos
1315 643 1351 685 si
1370 643 1488 686 nobis
1519 641 1673 685 eisdem
1703 643 1876 686 ducibus

131 705 273 748 aliisve
303 705 562 761 perveneris,
595 713 679 748 tum
710 712 751 748 et
778 708 880 748 haec
909 707 996 761 ipsa
1028 704 1174 747 melius
1205 710 1248 746 et
1274 705 1403 747 multo
1433 706 1590 754 maiora
1617 705 1695 748 alia
1723 719 1877 761 cogno-

131 781 236 810 sces.
299 769 341 811 C.
360 770 406 809 F.
439 770 527 823 Ego
558 782 683 818 vero,
724 781 771 810 ao
800 781 952 822 magno
983 766 1149 822 quidem
1180 766 1339 817 studio,
1380 769 1437 810 mi
1466 774 1608 823 pater3
1656 767 1877 825 multisque

132 845 184 873 ex
213 829 293 873 tuis
320 830 658 886 praeclarissimis
688 832 930 873 muneribus
960 829 1118 872 nullum
1147 829 1279 872 maius
1310 835 1518 886 exspecto.
1889 846 1926 873 ιο

221 993 257 1026 2.
284 1003 484 1036 expromere
509 994 577 1028 Gu.
605 995 718 1028 Oxon.
745 995 852 1033 alter.
879 994 961 1028 YV:
1006 995 1196 1037 exprimere
1221 995 1294 1029 RE.
1331 1012 1368 1020 —
1412 994 1446 1029 3.
1473 994 1516 1029 V.
1544 996 1633 1030 artis
1656 994 1795 1030 seclusit
1818 995 1878 1030 Er-

129 1042 274 1074 nescius.
301 1058 343 1065 —
369 1042 403 1075 8.
431 1046 503 1074 tum
526 1041 572 1084 et]
600 1047 671 1076 tum
695 1043 801 1075 eciam
825 1042 866 1075 V.
896 1059 934 1066 —
961 1042 1044 1076 haec
1069 1051 1137 1076 om.
1159 1042 1234 1076 RV.
