<?xml version="1.0" encoding="UTF-8"?>
<!DOCTYPE html PUBLIC "-//W3C//DTD XHTML 1.0 Transitional//EN"
    "http://www.w3.org/TR/xhtml1/DTD/xhtml1-transitional.dtd">
<html xmlns="http://www.w3.org/1999/xhtml" xml:lang="en" lang="en">
 <head>
  <title>
</title>
<meta http-equiv="Content-Type" content="text/html;charset=utf-8" />
  <meta name='ocr-system' content='tesseract 3.04.00' />
  <meta name='ocr-capabilities' content='ocr_page ocr_carea ocr_par ocr_line ocrx_word'/>
</head>
<body>
  <div class='ocr_page' id='page_1' title='image "./operaquaesupersu01ciceuoft/operaquaesupersu01ciceuoft_0016.png"; bbox 0 0 2117 3762; ppageno 0'>
   <div class='ocr_carea' id='block_1_1' title="bbox 299 243 1379 289">
    <p class='ocr_par' dir='ltr' id='par_1_1' title="bbox 299 243 1379 289">
     <span class='ocr_line' id='line_1_1' title="bbox 299 243 1379 289; baseline 0.008 -13"><span class='ocrx_word' id='word_1_1' title='bbox 299 248 328 289; x_wconf 66' lang='lat'>4</span> <span class='ocrx_word' id='word_1_2' title='bbox 966 243 1035 283; x_wconf 88' lang='lat' dir='ltr'>AD</span> <span class='ocrx_word' id='word_1_3' title='bbox 1066 243 1379 285; x_wconf 75' lang='lat' dir='ltr'><strong>HERENNIUM</strong></span> 
     </span>
    </p>
   </div>
   <div class='ocr_carea' id='block_1_2' title="bbox 239 348 2051 2724">
    <p class='ocr_par' dir='ltr' id='par_1_2' title="bbox 243 348 2051 1658">
     <span class='ocr_line' id='line_1_2' title="bbox 298 348 2049 402; baseline -0.001 -9"><span class='ocrx_word' id='word_1_4' title='bbox 298 365 422 402; x_wconf 89' lang='lat' dir='ltr'>sona,</span> <span class='ocrx_word' id='word_1_5' title='bbox 473 355 514 393; x_wconf 88' lang='lat' dir='ltr'>et</span> <span class='ocrx_word' id='word_1_6' title='bbox 550 365 573 392; x_wconf 93' lang='lat' dir='ltr'>a</span> <span class='ocrx_word' id='word_1_7' title='bbox 609 352 734 392; x_wconf 89' lang='lat' dir='ltr'>rebus</span> <span class='ocrx_word' id='word_1_8' title='bbox 763 349 876 402; x_wconf 90' lang='lat' dir='ltr'>ipsis.</span> <span class='ocrx_word' id='word_1_9' title='bbox 937 351 987 391; x_wconf 92' lang='lat' dir='ltr'>V.</span> <span class='ocrx_word' id='word_1_10' title='bbox 1021 348 1055 388; x_wconf 91' lang='lat' dir='ltr'><strong>A</strong></span> <span class='ocrx_word' id='word_1_11' title='bbox 1084 353 1226 389; x_wconf 87' lang='lat' dir='ltr'>nostra</span> <span class='ocrx_word' id='word_1_12' title='bbox 1254 363 1435 401; x_wconf 89' lang='lat' dir='ltr'>persona</span> <span class='ocrx_word' id='word_1_13' title='bbox 1465 349 1800 390; x_wconf 77' lang='lat' dir='ltr'>benevolentiam</span> <span class='ocrx_word' id='word_1_14' title='bbox 1831 351 2049 391; x_wconf 87' lang='lat' dir='ltr'>contrahe-</span> 
     </span>
     <span class='ocr_line' id='line_1_3' title="bbox 297 410 2047 465; baseline -0.001 -10"><span class='ocrx_word' id='word_1_15' title='bbox 297 430 412 464; x_wconf 87' lang='lat' dir='ltr'>mus,</span> <span class='ocrx_word' id='word_1_16' title='bbox 465 416 498 455; x_wconf 92' lang='lat' dir='ltr'>si</span> <span class='ocrx_word' id='word_1_17' title='bbox 535 419 720 454; x_wconf 90' lang='lat' dir='ltr'>nostrum</span> <span class='ocrx_word' id='word_1_18' title='bbox 760 410 940 452; x_wconf 83' lang='lat' dir='ltr'>officium</span> <span class='ocrx_word' id='word_1_19' title='bbox 981 411 1068 451; x_wconf 89' lang='lat' dir='ltr'>sine</span> <span class='ocrx_word' id='word_1_20' title='bbox 1109 413 1344 464; x_wconf 81' lang='lat' dir='ltr'>arrogantia</span> <span class='ocrx_word' id='word_1_21' title='bbox 1379 413 1664 460; x_wconf 85' lang='lat' dir='ltr'>laudabimus,</span> <span class='ocrx_word' id='word_1_22' title='bbox 1712 416 1835 465; x_wconf 88' lang='lat' dir='ltr'>atque</span> <span class='ocrx_word' id='word_1_23' title='bbox 1874 412 1915 451; x_wconf 89' lang='lat' dir='ltr'>in</span> <span class='ocrx_word' id='word_1_24' title='bbox 1960 428 2047 453; x_wconf 91' lang='lat' dir='ltr'>rem</span> 
     </span>
     <span class='ocr_line' id='line_1_4' title="bbox 297 474 2048 531; baseline -0.001 -14"><span class='ocrx_word' id='word_1_25' title='bbox 297 479 505 531; x_wconf 84' lang='lat' dir='ltr'>publicam</span> <span class='ocrx_word' id='word_1_26' title='bbox 537 477 678 531; x_wconf 89' lang='lat' dir='ltr'>quales</span> <span class='ocrx_word' id='word_1_27' title='bbox 721 475 920 515; x_wconf 84' lang='lat' dir='ltr'>fuerimus</span> <span class='ocrx_word' id='word_1_28' title='bbox 965 478 1035 512; x_wconf 89' lang='lat' dir='ltr'>aut</span> <span class='ocrx_word' id='word_1_29' title='bbox 1077 474 1120 512; x_wconf 93' lang='lat' dir='ltr'>in</span> <span class='ocrx_word' id='word_1_30' title='bbox 1164 479 1356 526; x_wconf 89' lang='lat' dir='ltr'>parentes</span> <span class='ocrx_word' id='word_1_31' title='bbox 1393 479 1463 514; x_wconf 91' lang='lat' dir='ltr'>aut</span> <span class='ocrx_word' id='word_1_32' title='bbox 1505 475 1547 514; x_wconf 93' lang='lat' dir='ltr'>in</span> <span class='ocrx_word' id='word_1_33' title='bbox 1591 474 1747 514; x_wconf 86' lang='lat' dir='ltr'>amicos</span> <span class='ocrx_word' id='word_1_34' title='bbox 1788 478 1858 513; x_wconf 87' lang='lat' dir='ltr'>aut</span> <span class='ocrx_word' id='word_1_35' title='bbox 1894 475 1937 514; x_wconf 90' lang='lat' dir='ltr'>in</span> <span class='ocrx_word' id='word_1_36' title='bbox 1975 490 2048 516; x_wconf 89' lang='lat' dir='ltr'>eos</span> 
     </span>
     <span class='ocr_line' id='line_1_5' title="bbox 296 534 2044 592; baseline -0.002 -12"><span class='ocrx_word' id='word_1_37' title='bbox 296 541 435 592; x_wconf 90' lang='lat' dir='ltr'>ipsos,</span> <span class='ocrx_word' id='word_1_38' title='bbox 482 540 551 592; x_wconf 91' lang='lat' dir='ltr'>qui</span> <span class='ocrx_word' id='word_1_39' title='bbox 581 540 775 586; x_wconf 86' lang='lat' dir='ltr'>audiunt,</span> <span class='ocrx_word' id='word_1_40' title='bbox 824 534 1079 583; x_wconf 79' lang='lat' dir='ltr'>referemus,</span> <span class='ocrx_word' id='word_1_41' title='bbox 1125 537 1223 575; x_wconf 91' lang='lat' dir='ltr'>dum</span> <span class='ocrx_word' id='word_1_42' title='bbox 1262 537 1366 576; x_wconf 88' lang='lat' dir='ltr'>haec</span> <span class='ocrx_word' id='word_1_43' title='bbox 1404 538 1543 577; x_wconf 91' lang='lat' dir='ltr'>omnia</span> <span class='ocrx_word' id='word_1_44' title='bbox 1573 538 1624 577; x_wconf 89' lang='lat' dir='ltr'>ad</span> <span class='ocrx_word' id='word_1_45' title='bbox 1655 550 1747 577; x_wconf 91' lang='lat' dir='ltr'>eam</span> <span class='ocrx_word' id='word_1_46' title='bbox 1776 537 1910 588; x_wconf 89' lang='lat' dir='ltr'>ipsam</span> <span class='ocrx_word' id='word_1_47' title='bbox 1940 551 2044 586; x_wconf 89' lang='lat' dir='ltr'>rem,</span> 
     </span>
     <span class='ocr_line' id='line_1_6' title="bbox 267 598 2050 656; baseline -0.002 -14"><span class='ocrx_word' id='word_1_48' title='bbox 267 616 379 656; x_wconf 78' lang='lat' dir='ltr'>squa</span> <span class='ocrx_word' id='word_1_49' title='bbox 409 603 458 641; x_wconf 90' lang='lat' dir='ltr'>de</span> <span class='ocrx_word' id='word_1_50' title='bbox 488 602 640 654; x_wconf 84' lang='lat' dir='ltr'>agitur,</span> <span class='ocrx_word' id='word_1_51' title='bbox 675 601 755 639; x_wconf 88' lang='lat' dir='ltr'>sint</span> <span class='ocrx_word' id='word_1_52' title='bbox 783 598 1110 638; x_wconf 88' lang='lat' dir='ltr'>accommodata.</span> <span class='ocrx_word' id='word_1_53' title='bbox 1173 599 1276 637; x_wconf 84' lang='lat' dir='ltr'>Item</span> <span class='ocrx_word' id='word_1_54' title='bbox 1315 599 1348 638; x_wconf 94' lang='lat' dir='ltr'>si</span> <span class='ocrx_word' id='word_1_55' title='bbox 1387 604 1529 639; x_wconf 90' lang='lat' dir='ltr'>nostra</span> <span class='ocrx_word' id='word_1_56' title='bbox 1566 600 1833 639; x_wconf 88' lang='lat' dir='ltr'>incommoda</span> <span class='ocrx_word' id='word_1_57' title='bbox 1862 599 2050 651; x_wconf 90' lang='lat' dir='ltr'>profere-</span> 
     </span>
     <span class='ocr_line' id='line_1_7' title="bbox 297 660 2051 716; baseline -0.002 -12"><span class='ocrx_word' id='word_1_58' title='bbox 297 678 411 711; x_wconf 89' lang='lat' dir='ltr'>mus,</span> <span class='ocrx_word' id='word_1_59' title='bbox 443 664 651 716; x_wconf 90' lang='lat' dir='ltr'>inopiam,</span> <span class='ocrx_word' id='word_1_60' title='bbox 685 662 978 708; x_wconf 77' lang='lat' dir='ltr'>solitudinem,</span> <span class='ocrx_word' id='word_1_61' title='bbox 1012 660 1314 709; x_wconf 87' lang='lat' dir='ltr'>calamitatem;</span> <span class='ocrx_word' id='word_1_62' title='bbox 1348 666 1388 701; x_wconf 90' lang='lat' dir='ltr'>et</span> <span class='ocrx_word' id='word_1_63' title='bbox 1417 662 1450 701; x_wconf 90' lang='lat' dir='ltr'>si</span> <span class='ocrx_word' id='word_1_64' title='bbox 1482 663 1719 710; x_wconf 90' lang='lat' dir='ltr'>orabimus,</span> <span class='ocrx_word' id='word_1_65' title='bbox 1752 666 1798 701; x_wconf 88' lang='lat' dir='ltr'>ut</span> <span class='ocrx_word' id='word_1_66' title='bbox 1826 661 1948 701; x_wconf 89' lang='lat' dir='ltr'>nobis</span> <span class='ocrx_word' id='word_1_67' title='bbox 1969 661 2051 701; x_wconf 86' lang='lat' dir='ltr'>sint</span> 
     </span>
     <span class='ocr_line' id='line_1_8' title="bbox 295 723 2047 776; baseline -0.002 -10"><span class='ocrx_word' id='word_1_68' title='bbox 295 727 476 774; x_wconf 87' lang='lat' dir='ltr'>auxilio,</span> <span class='ocrx_word' id='word_1_69' title='bbox 529 731 569 766; x_wconf 91' lang='lat' dir='ltr'>et</span> <span class='ocrx_word' id='word_1_70' title='bbox 608 725 729 764; x_wconf 90' lang='lat' dir='ltr'>simul</span> <span class='ocrx_word' id='word_1_71' title='bbox 770 725 1036 763; x_wconf 85' lang='lat' dir='ltr'>ostendemus</span> <span class='ocrx_word' id='word_1_72' title='bbox 1075 736 1151 762; x_wconf 90' lang='lat' dir='ltr'>nos</span> <span class='ocrx_word' id='word_1_73' title='bbox 1189 723 1231 762; x_wconf 90' lang='lat' dir='ltr'>in</span> <span class='ocrx_word' id='word_1_74' title='bbox 1271 724 1360 762; x_wconf 83' lang='lat' dir='ltr'>aliis</span> <span class='ocrx_word' id='word_1_75' title='bbox 1393 738 1507 776; x_wconf 86' lang='lat' dir='ltr'>spem</span> <span class='ocrx_word' id='word_1_76' title='bbox 1540 726 1722 764; x_wconf 88' lang='lat' dir='ltr'>noluisse</span> <span class='ocrx_word' id='word_1_77' title='bbox 1753 725 1922 764; x_wconf 88' lang='lat' dir='ltr'>habere.</span> <span class='ocrx_word' id='word_1_78' title='bbox 1984 724 2047 763; x_wconf 88' lang='lat' dir='ltr'>Ab</span> 
     </span>
     <span class='ocr_line' id='line_1_9' title="bbox 294 786 2048 839; baseline -0.002 -11"><span class='ocrx_word' id='word_1_79' title='bbox 294 788 623 829; x_wconf 78' lang='lat' dir='ltr'>adversariorum</span> <span class='ocrx_word' id='word_1_80' title='bbox 663 800 842 839; x_wconf 88' lang='lat' dir='ltr'>persona</span> <span class='ocrx_word' id='word_1_81' title='bbox 880 786 1173 825; x_wconf 85' lang='lat' dir='ltr'>benevolentia</span> <span class='ocrx_word' id='word_1_82' title='bbox 1212 786 1474 837; x_wconf 85' lang='lat' dir='ltr'>captabitur,</span> <span class='ocrx_word' id='word_1_83' title='bbox 1519 788 1553 826; x_wconf 88' lang='lat' dir='ltr'>si</span> <span class='ocrx_word' id='word_1_84' title='bbox 1595 800 1666 827; x_wconf 90' lang='lat' dir='ltr'>eos</span> <span class='ocrx_word' id='word_1_85' title='bbox 1709 788 1751 826; x_wconf 88' lang='lat' dir='ltr'>in</span> <span class='ocrx_word' id='word_1_86' title='bbox 1787 787 1958 834; x_wconf 89' lang='lat' dir='ltr'>odium,</span> <span class='ocrx_word' id='word_1_87' title='bbox 2006 787 2048 825; x_wconf 91' lang='lat' dir='ltr'>in</span> 
     </span>
     <span class='ocr_line' id='line_1_10' title="bbox 292 849 2049 903; baseline -0.001 -13"><span class='ocrx_word' id='word_1_88' title='bbox 292 851 518 898; x_wconf 83' lang='lat' dir='ltr'>invidiam,</span> <span class='ocrx_word' id='word_1_89' title='bbox 561 851 603 889; x_wconf 91' lang='lat' dir='ltr'>in</span> <span class='ocrx_word' id='word_1_90' title='bbox 633 850 984 901; x_wconf 86' lang='lat' dir='ltr'>contemptionem</span> <span class='ocrx_word' id='word_1_91' title='bbox 1016 849 1282 887; x_wconf 87' lang='lat' dir='ltr'>adducemus.</span> <span class='ocrx_word' id='word_1_92' title='bbox 1344 849 1390 887; x_wconf 90' lang='lat' dir='ltr'>In</span> <span class='ocrx_word' id='word_1_93' title='bbox 1423 850 1563 889; x_wconf 92' lang='lat' dir='ltr'>odium</span> <span class='ocrx_word' id='word_1_94' title='bbox 1594 850 1827 902; x_wconf 86' lang='lat' dir='ltr'>rapiemus,</span> <span class='ocrx_word' id='word_1_95' title='bbox 1871 849 1904 889; x_wconf 90' lang='lat' dir='ltr'>si</span> <span class='ocrx_word' id='word_1_96' title='bbox 1936 850 2049 903; x_wconf 87' lang='lat' dir='ltr'>quod</span> 
     </span>
     <span class='ocr_line' id='line_1_11' title="bbox 245 908 2046 965; baseline -0.001 -12"><span class='ocrx_word' id='word_1_97' title='bbox 245 927 280 953; x_wconf 84' lang='lat'>10</span> <span class='ocrx_word' id='word_1_98' title='bbox 294 926 437 954; x_wconf 91' lang='lat' dir='ltr'>eorum</span> <span class='ocrx_word' id='word_1_99' title='bbox 468 926 637 965; x_wconf 89' lang='lat' dir='ltr'>spurce,</span> <span class='ocrx_word' id='word_1_100' title='bbox 681 914 887 965; x_wconf 84' lang='lat' dir='ltr'>superbe,</span> <span class='ocrx_word' id='word_1_101' title='bbox 930 908 1176 963; x_wconf 81' lang='lat' dir='ltr'>perfidiose,</span> <span class='ocrx_word' id='word_1_102' title='bbox 1222 911 1470 959; x_wconf 88' lang='lat' dir='ltr'>crudeliter,</span> <span class='ocrx_word' id='word_1_103' title='bbox 1504 913 1790 960; x_wconf 86' lang='lat' dir='ltr'>confidenter,</span> <span class='ocrx_word' id='word_1_104' title='bbox 1824 912 2046 960; x_wconf 87' lang='lat' dir='ltr'>malitiose,</span> 
     </span>
     <span class='ocr_line' id='line_1_12' title="bbox 295 973 2050 1028; baseline -0.001 -13"><span class='ocrx_word' id='word_1_105' title='bbox 295 976 495 1028; x_wconf 86' lang='lat' dir='ltr'>flagitiose</span> <span class='ocrx_word' id='word_1_106' title='bbox 525 975 676 1015; x_wconf 88' lang='lat' dir='ltr'>factum</span> <span class='ocrx_word' id='word_1_107' title='bbox 708 975 982 1028; x_wconf 88' lang='lat' dir='ltr'>proferemus.</span> <span class='ocrx_word' id='word_1_108' title='bbox 1043 974 1090 1013; x_wconf 91' lang='lat' dir='ltr'>In</span> <span class='ocrx_word' id='word_1_109' title='bbox 1120 973 1319 1013; x_wconf 88' lang='lat' dir='ltr'>invidiam</span> <span class='ocrx_word' id='word_1_110' title='bbox 1350 974 1590 1022; x_wconf 89' lang='lat' dir='ltr'>trahemus,</span> <span class='ocrx_word' id='word_1_111' title='bbox 1623 975 1656 1014; x_wconf 92' lang='lat' dir='ltr'>si</span> <span class='ocrx_word' id='word_1_112' title='bbox 1686 975 1796 1022; x_wconf 90' lang='lat' dir='ltr'>vim,</span> <span class='ocrx_word' id='word_1_113' title='bbox 1839 975 1872 1014; x_wconf 93' lang='lat' dir='ltr'>si</span> <span class='ocrx_word' id='word_1_114' title='bbox 1901 979 2050 1027; x_wconf 91' lang='lat' dir='ltr'>poten-</span> 
     </span>
     <span class='ocr_line' id='line_1_13' title="bbox 295 1035 2046 1087; baseline 0 -10"><span class='ocrx_word' id='word_1_115' title='bbox 295 1039 412 1084; x_wconf 88' lang='lat' dir='ltr'>tiam,</span> <span class='ocrx_word' id='word_1_116' title='bbox 460 1037 713 1084; x_wconf 87' lang='lat' dir='ltr'>factionem,</span> <span class='ocrx_word' id='word_1_117' title='bbox 758 1038 945 1084; x_wconf 70' lang='lat' dir='ltr'>divitias,</span> <span class='ocrx_word' id='word_1_118' title='bbox 1006 1035 1422 1087; x_wconf 83' lang='lat' dir='ltr'>†incontinentiam‚</span> <span class='ocrx_word' id='word_1_119' title='bbox 1474 1037 1765 1085; x_wconf 87' lang='lat' dir='ltr'>nobilitatem,</span> <span class='ocrx_word' id='word_1_120' title='bbox 1818 1038 2046 1085; x_wconf 82' lang='lat' dir='ltr'>clientelas,</span> 
     </span>
     <span class='ocr_line' id='line_1_14' title="bbox 293 1097 2048 1152; baseline 0.001 -13"><span class='ocrx_word' id='word_1_121' title='bbox 293 1100 544 1152; x_wconf 86' lang='lat' dir='ltr'>hospitium,</span> <span class='ocrx_word' id='word_1_122' title='bbox 590 1101 880 1147; x_wconf 86' lang='lat' dir='ltr'>sodalitatem,</span> <span class='ocrx_word' id='word_1_123' title='bbox 935 1097 1154 1139; x_wconf 83' lang='lat' dir='ltr'>affinitates</span> <span class='ocrx_word' id='word_1_124' title='bbox 1199 1100 1534 1139; x_wconf 84' lang='lat' dir='ltr'>adversariorum</span> <span class='ocrx_word' id='word_1_125' title='bbox 1573 1100 1863 1151; x_wconf 85' lang='lat' dir='ltr'>proferemus,</span> <span class='ocrx_word' id='word_1_126' title='bbox 1914 1100 2048 1140; x_wconf 87' lang='lat' dir='ltr'>ethis</span> 
     </span>
     <span class='ocr_line' id='line_1_15' title="bbox 292 1160 2049 1217; baseline 0.001 -16"><span class='ocrx_word' id='word_1_127' title='bbox 292 1163 538 1202; x_wconf 89' lang='lat' dir='ltr'>adiumentis</span> <span class='ocrx_word' id='word_1_128' title='bbox 569 1164 698 1217; x_wconf 81' lang='lat' dir='ltr'>magis</span> <span class='ocrx_word' id='word_1_129' title='bbox 730 1176 854 1216; x_wconf 89' lang='lat' dir='ltr'>quam</span> <span class='ocrx_word' id='word_1_130' title='bbox 883 1162 1056 1202; x_wconf 80' lang='lat' dir='ltr'>veritate</span> <span class='ocrx_word' id='word_1_131' title='bbox 1097 1176 1169 1202; x_wconf 91' lang='lat' dir='ltr'>eos</span> <span class='ocrx_word' id='word_1_132' title='bbox 1209 1160 1417 1202; x_wconf 89' lang='lat' dir='ltr'>confidere</span> <span class='ocrx_word' id='word_1_133' title='bbox 1453 1163 1702 1213; x_wconf 85' lang='lat' dir='ltr'>aperiemus.</span> <span class='ocrx_word' id='word_1_134' title='bbox 1775 1163 1822 1202; x_wconf 89' lang='lat' dir='ltr'>In</span> <span class='ocrx_word' id='word_1_135' title='bbox 1862 1167 2049 1202; x_wconf 89' lang='lat' dir='ltr'>contem-</span> 
     </span>
     <span class='ocr_line' id='line_1_16' title="bbox 243 1223 2049 1278; baseline 0.001 -15"><span class='ocrx_word' id='word_1_136' title='bbox 243 1225 475 1278; x_wconf 81' lang='lat' dir='ltr'>15ptionem</span> <span class='ocrx_word' id='word_1_137' title='bbox 506 1227 783 1273; x_wconf 84' lang='lat' dir='ltr'>adducemus,</span> <span class='ocrx_word' id='word_1_138' title='bbox 817 1225 850 1264; x_wconf 93' lang='lat' dir='ltr'>si</span> <span class='ocrx_word' id='word_1_139' title='bbox 872 1225 1089 1272; x_wconf 90' lang='lat' dir='ltr'>inertiam,</span> <span class='ocrx_word' id='word_1_140' title='bbox 1122 1225 1358 1278; x_wconf 83' lang='lat' dir='ltr'>ignaviam,</span> <span class='ocrx_word' id='word_1_141' title='bbox 1393 1225 1623 1272; x_wconf 88' lang='lat' dir='ltr'>desidiam,</span> <span class='ocrx_word' id='word_1_142' title='bbox 1656 1225 1862 1265; x_wconf 83' lang='lat' dir='ltr'>luxuriam</span> <span class='ocrx_word' id='word_1_143' title='bbox 1888 1223 2049 1278; x_wconf 87' lang='lat' dir='ltr'>[adver-</span> 
     </span>
     <span class='ocr_line' id='line_1_17' title="bbox 291 1287 2046 1342; baseline -0.001 -14"><span class='ocrx_word' id='word_1_144' title='bbox 291 1287 508 1342; x_wconf 86' lang='lat' dir='ltr'>sariorum]</span> <span class='ocrx_word' id='word_1_145' title='bbox 541 1289 815 1342; x_wconf 87' lang='lat' dir='ltr'>proferemus.</span> <span class='ocrx_word' id='word_1_146' title='bbox 876 1288 938 1326; x_wconf 87' lang='lat' dir='ltr'>Ab</span> <span class='ocrx_word' id='word_1_147' title='bbox 983 1287 1221 1327; x_wconf 90' lang='lat' dir='ltr'>auditorum</span> <span class='ocrx_word' id='word_1_148' title='bbox 1264 1301 1445 1339; x_wconf 87' lang='lat' dir='ltr'>persona</span> <span class='ocrx_word' id='word_1_149' title='bbox 1484 1287 1778 1327; x_wconf 86' lang='lat' dir='ltr'>benevolentia</span> <span class='ocrx_word' id='word_1_150' title='bbox 1813 1288 2046 1341; x_wconf 81' lang='lat' dir='ltr'>colligetur,</span> 
     </span>
     <span class='ocr_line' id='line_1_18' title="bbox 291 1348 2050 1403; baseline -0.001 -11"><span class='ocrx_word' id='word_1_151' title='bbox 291 1352 325 1392; x_wconf 88' lang='lat' dir='ltr'>si</span> <span class='ocrx_word' id='word_1_152' title='bbox 355 1366 421 1392; x_wconf 91' lang='lat' dir='ltr'>res</span> <span class='ocrx_word' id='word_1_153' title='bbox 452 1365 596 1391; x_wconf 90' lang='lat' dir='ltr'>corum</span> <span class='ocrx_word' id='word_1_154' title='bbox 626 1351 814 1399; x_wconf 89' lang='lat' dir='ltr'>fortiter,</span> <span class='ocrx_word' id='word_1_155' title='bbox 862 1350 1098 1402; x_wconf 87' lang='lat' dir='ltr'>sapienter,</span> <span class='ocrx_word' id='word_1_156' title='bbox 1144 1354 1383 1398; x_wconf 89' lang='lat' dir='ltr'>mansuete,</span> <span class='ocrx_word' id='word_1_157' title='bbox 1434 1348 1651 1403; x_wconf 79' lang='lat' dir='ltr'>magnifice</span> <span class='ocrx_word' id='word_1_158' title='bbox 1680 1350 1879 1390; x_wconf 89' lang='lat' dir='ltr'>iudicatas</span> <span class='ocrx_word' id='word_1_159' title='bbox 1909 1350 2050 1402; x_wconf 88' lang='lat' dir='ltr'>profe-</span> 
     </span>
     <span class='ocr_line' id='line_1_19' title="bbox 292 1413 2046 1468; baseline -0.001 -14"><span class='ocrx_word' id='word_1_160' title='bbox 292 1427 458 1463; x_wconf 89' lang='lat' dir='ltr'>remus;</span> <span class='ocrx_word' id='word_1_161' title='bbox 505 1419 546 1454; x_wconf 90' lang='lat' dir='ltr'>et</span> <span class='ocrx_word' id='word_1_162' title='bbox 587 1414 650 1462; x_wconf 91' lang='lat' dir='ltr'>si,</span> <span class='ocrx_word' id='word_1_163' title='bbox 698 1426 803 1468; x_wconf 91' lang='lat' dir='ltr'>quae</span> <span class='ocrx_word' id='word_1_164' title='bbox 848 1414 898 1453; x_wconf 87' lang='lat' dir='ltr'>de</span> <span class='ocrx_word' id='word_1_165' title='bbox 940 1413 989 1452; x_wconf 91' lang='lat' dir='ltr'>iis</span> <span class='ocrx_word' id='word_1_166' title='bbox 1029 1413 1314 1461; x_wconf 83' lang='lat' dir='ltr'>existimatio,</span> <span class='ocrx_word' id='word_1_167' title='bbox 1362 1425 1466 1466; x_wconf 88' lang='lat' dir='ltr'>quae</span> <span class='ocrx_word' id='word_1_168' title='bbox 1507 1413 1646 1453; x_wconf 89' lang='lat' dir='ltr'>iudicii</span> <span class='ocrx_word' id='word_1_169' title='bbox 1694 1413 1948 1465; x_wconf 83' lang='lat' dir='ltr'>exspectatio</span> <span class='ocrx_word' id='word_1_170' title='bbox 1979 1414 2046 1461; x_wconf 91' lang='lat' dir='ltr'>sit,</span> 
     </span>
     <span class='ocr_line' id='line_1_20' title="bbox 292 1473 2048 1530; baseline -0.001 -12"><span class='ocrx_word' id='word_1_171' title='bbox 292 1478 540 1530; x_wconf 88' lang='lat' dir='ltr'>aperiemus.</span> <span class='ocrx_word' id='word_1_172' title='bbox 601 1478 663 1516; x_wconf 87' lang='lat' dir='ltr'>Ab</span> <span class='ocrx_word' id='word_1_173' title='bbox 695 1478 818 1516; x_wconf 90' lang='lat' dir='ltr'>rebus</span> <span class='ocrx_word' id='word_1_174' title='bbox 849 1476 950 1528; x_wconf 88' lang='lat' dir='ltr'>ipsis</span> <span class='ocrx_word' id='word_1_175' title='bbox 980 1477 1232 1516; x_wconf 88' lang='lat' dir='ltr'>benevolum</span> <span class='ocrx_word' id='word_1_176' title='bbox 1264 1473 1490 1516; x_wconf 84' lang='lat' dir='ltr'>efficiemus</span> <span class='ocrx_word' id='word_1_177' title='bbox 1512 1477 1743 1516; x_wconf 90' lang='lat' dir='ltr'>auditorem</span> <span class='ocrx_word' id='word_1_178' title='bbox 1764 1506 1774 1523; x_wconf 89' lang='lat'>,</span> <span class='ocrx_word' id='word_1_179' title='bbox 1808 1475 1843 1516; x_wconf 94' lang='lat' dir='ltr'>si</span> <span class='ocrx_word' id='word_1_180' title='bbox 1864 1480 2048 1516; x_wconf 89' lang='lat' dir='ltr'>nostram</span> 
     </span>
     <span class='ocr_line' id='line_1_21' title="bbox 243 1538 2050 1592; baseline -0.002 -11"><span class='ocrx_word' id='word_1_181' title='bbox 243 1552 278 1576; x_wconf 82' lang='lat'>20</span> <span class='ocrx_word' id='word_1_182' title='bbox 293 1555 458 1581; x_wconf 88' lang='lat' dir='ltr'>causam</span> <span class='ocrx_word' id='word_1_183' title='bbox 498 1540 704 1580; x_wconf 87' lang='lat' dir='ltr'>laudando</span> <span class='ocrx_word' id='word_1_184' title='bbox 753 1539 1025 1587; x_wconf 82' lang='lat' dir='ltr'>extollemus,</span> <span class='ocrx_word' id='word_1_185' title='bbox 1087 1538 1421 1579; x_wconf 88' lang='lat' dir='ltr'>adversariorum</span> <span class='ocrx_word' id='word_1_186' title='bbox 1466 1553 1542 1592; x_wconf 87' lang='lat' dir='ltr'>per</span> <span class='ocrx_word' id='word_1_187' title='bbox 1583 1539 1932 1592; x_wconf 87' lang='lat' dir='ltr'>contemptionem</span> <span class='ocrx_word' id='word_1_188' title='bbox 1978 1540 2050 1579; x_wconf 94' lang='lat' dir='ltr'>de-</span> 
     </span>
     <span class='ocr_line' id='line_1_22' title="bbox 292 1604 532 1658; baseline 0 -15"><span class='ocrx_word' id='word_1_189' title='bbox 292 1604 532 1658; x_wconf 87' lang='lat' dir='ltr'>primemus.</span> 
     </span>
    </p>

    <p class='ocr_par' dir='ltr' id='par_1_3' title="bbox 291 1663 2050 1844">
     <span class='ocr_line' id='line_1_23' title="bbox 402 1663 2050 1717; baseline -0.001 -11"><span class='ocrx_word' id='word_1_190' title='bbox 402 1666 470 1706; x_wconf 88' lang='lat' dir='ltr'>VI.</span> <span class='ocrx_word' id='word_1_191' title='bbox 519 1667 558 1705; x_wconf 83' lang='grc'>9.</span> <span class='ocrx_word' id='word_1_192' title='bbox 605 1665 809 1717; x_wconf 88' lang='lat' dir='ltr'>Deinceps</span> <span class='ocrx_word' id='word_1_193' title='bbox 851 1664 901 1704; x_wconf 89' lang='lat' dir='ltr'>de</span> <span class='ocrx_word' id='word_1_194' title='bbox 945 1664 1225 1704; x_wconf 87' lang='lat' dir='ltr'>insinuatione</span> <span class='ocrx_word' id='word_1_195' title='bbox 1257 1664 1528 1717; x_wconf 87' lang='lat' dir='ltr'>aperiendum</span> <span class='ocrx_word' id='word_1_196' title='bbox 1560 1668 1635 1704; x_wconf 89' lang='lat' dir='ltr'>est.</span> <span class='ocrx_word' id='word_1_197' title='bbox 1697 1663 1793 1704; x_wconf 90' lang='lat' dir='ltr'>Tria</span> <span class='ocrx_word' id='word_1_198' title='bbox 1823 1668 1917 1705; x_wconf 91' lang='lat' dir='ltr'>sunt</span> <span class='ocrx_word' id='word_1_199' title='bbox 1946 1669 2050 1705; x_wconf 85' lang='lat' dir='ltr'>tem-</span> 
     </span>
     <span class='ocr_line' id='line_1_24' title="bbox 291 1727 2050 1782; baseline 0 -14"><span class='ocrx_word' id='word_1_200' title='bbox 291 1742 420 1781; x_wconf 92' lang='lat' dir='ltr'>pora,</span> <span class='ocrx_word' id='word_1_201' title='bbox 468 1728 617 1782; x_wconf 90' lang='lat' dir='ltr'>quibus</span> <span class='ocrx_word' id='word_1_202' title='bbox 656 1728 861 1781; x_wconf 90' lang='lat' dir='ltr'>principio</span> <span class='ocrx_word' id='word_1_203' title='bbox 899 1727 958 1766; x_wconf 92' lang='lat' dir='ltr'>uti</span> <span class='ocrx_word' id='word_1_204' title='bbox 988 1741 1073 1766; x_wconf 90' lang='lat' dir='ltr'>non</span> <span class='ocrx_word' id='word_1_205' title='bbox 1104 1740 1350 1780; x_wconf 86' lang='lat' dir='ltr'>possumus,</span> <span class='ocrx_word' id='word_1_206' title='bbox 1405 1740 1510 1781; x_wconf 88' lang='lat' dir='ltr'>quae</span> <span class='ocrx_word' id='word_1_207' title='bbox 1542 1727 1760 1780; x_wconf 82' lang='lat' dir='ltr'>diligenter</span> <span class='ocrx_word' id='word_1_208' title='bbox 1789 1732 1884 1767; x_wconf 90' lang='lat' dir='ltr'>sunt</span> <span class='ocrx_word' id='word_1_209' title='bbox 1914 1728 2050 1768; x_wconf 92' lang='lat' dir='ltr'>consi-</span> 
     </span>
     <span class='ocr_line' id='line_1_25' title="bbox 292 1791 2049 1844; baseline -0.001 -12"><span class='ocrx_word' id='word_1_210' title='bbox 292 1793 499 1832; x_wconf 91' lang='lat' dir='ltr'>deranda:</span> <span class='ocrx_word' id='word_1_211' title='bbox 547 1796 617 1831; x_wconf 91' lang='lat' dir='ltr'>aut</span> <span class='ocrx_word' id='word_1_212' title='bbox 656 1804 748 1830; x_wconf 87' lang='lat' dir='ltr'>cum</span> <span class='ocrx_word' id='word_1_213' title='bbox 791 1795 956 1842; x_wconf 89' lang='lat' dir='ltr'>turpem</span> <span class='ocrx_word' id='word_1_214' title='bbox 995 1803 1162 1830; x_wconf 87' lang='lat' dir='ltr'>causam</span> <span class='ocrx_word' id='word_1_215' title='bbox 1201 1791 1430 1837; x_wconf 85' lang='lat' dir='ltr'>habemus,</span> <span class='ocrx_word' id='word_1_216' title='bbox 1480 1791 1560 1829; x_wconf 89' lang='lat' dir='ltr'>hoc</span> <span class='ocrx_word' id='word_1_217' title='bbox 1602 1794 1684 1837; x_wconf 91' lang='lat' dir='ltr'>est,</span> <span class='ocrx_word' id='word_1_218' title='bbox 1733 1803 1827 1829; x_wconf 87' lang='lat' dir='ltr'>cum</span> <span class='ocrx_word' id='word_1_219' title='bbox 1862 1791 1953 1844; x_wconf 87' lang='lat' dir='ltr'>ipsa</span> <span class='ocrx_word' id='word_1_220' title='bbox 1982 1804 2049 1831; x_wconf 87' lang='lat' dir='ltr'>res</span> 
     </span>
    </p>

    <p class='ocr_par' dir='ltr' id='par_1_4' title="bbox 240 1853 2050 2160">
     <span class='ocr_line' id='line_1_26' title="bbox 240 1853 2049 1905; baseline 0.002 -15"><span class='ocrx_word' id='word_1_221' title='bbox 240 1865 275 1891; x_wconf 84' lang='lat'>25</span> <span class='ocrx_word' id='word_1_222' title='bbox 291 1855 471 1894; x_wconf 89' lang='lat' dir='ltr'>animum</span> <span class='ocrx_word' id='word_1_223' title='bbox 502 1854 701 1894; x_wconf 88' lang='lat' dir='ltr'>auditoris</span> <span class='ocrx_word' id='word_1_224' title='bbox 732 1867 756 1893; x_wconf 91' lang='lat' dir='ltr'>a</span> <span class='ocrx_word' id='word_1_225' title='bbox 785 1854 908 1893; x_wconf 86' lang='lat' dir='ltr'>nobis</span> <span class='ocrx_word' id='word_1_226' title='bbox 939 1853 1120 1902; x_wconf 88' lang='lat' dir='ltr'>alienat;</span> <span class='ocrx_word' id='word_1_227' title='bbox 1168 1858 1238 1893; x_wconf 89' lang='lat' dir='ltr'>aut</span> <span class='ocrx_word' id='word_1_228' title='bbox 1276 1866 1368 1893; x_wconf 85' lang='lat' dir='ltr'>cum</span> <span class='ocrx_word' id='word_1_229' title='bbox 1406 1853 1567 1892; x_wconf 90' lang='lat' dir='ltr'>animus</span> <span class='ocrx_word' id='word_1_230' title='bbox 1597 1853 1799 1892; x_wconf 92' lang='lat' dir='ltr'>auditoris</span> <span class='ocrx_word' id='word_1_231' title='bbox 1829 1866 2049 1905; x_wconf 89' lang='lat' dir='ltr'>persuasus</span> 
     </span>
     <span class='ocr_line' id='line_1_27' title="bbox 290 1916 2050 1970; baseline -0.001 -12"><span class='ocrx_word' id='word_1_232' title='bbox 290 1930 379 1958; x_wconf 91' lang='lat' dir='ltr'>esse</span> <span class='ocrx_word' id='word_1_233' title='bbox 418 1918 580 1958; x_wconf 83' lang='lat' dir='ltr'>videtur</span> <span class='ocrx_word' id='word_1_234' title='bbox 618 1917 669 1956; x_wconf 89' lang='lat' dir='ltr'>ab</span> <span class='ocrx_word' id='word_1_235' title='bbox 711 1917 790 1964; x_wconf 90' lang='lat' dir='ltr'>iis,</span> <span class='ocrx_word' id='word_1_236' title='bbox 838 1916 908 1970; x_wconf 89' lang='lat' dir='ltr'>qui</span> <span class='ocrx_word' id='word_1_237' title='bbox 946 1920 1041 1956; x_wconf 89' lang='lat' dir='ltr'>ante</span> <span class='ocrx_word' id='word_1_238' title='bbox 1082 1921 1227 1956; x_wconf 82' lang='lat' dir='ltr'>contra</span> <span class='ocrx_word' id='word_1_239' title='bbox 1265 1916 1487 1964; x_wconf 78' lang='lat' dir='ltr'>dixerunt3</span> <span class='ocrx_word' id='word_1_240' title='bbox 1535 1920 1605 1955; x_wconf 90' lang='lat' dir='ltr'>aut</span> <span class='ocrx_word' id='word_1_241' title='bbox 1641 1929 1732 1955; x_wconf 90' lang='lat' dir='ltr'>cum</span> <span class='ocrx_word' id='word_1_242' title='bbox 1772 1916 1957 1957; x_wconf 90' lang='lat' dir='ltr'>defessus</span> <span class='ocrx_word' id='word_1_243' title='bbox 1988 1922 2050 1957; x_wconf 87' lang='lat' dir='ltr'>est</span> 
     </span>
     <span class='ocr_line' id='line_1_28' title="bbox 290 1979 2050 2032; baseline 0 -12"><span class='ocrx_word' id='word_1_244' title='bbox 290 1994 361 2020; x_wconf 92' lang='lat' dir='ltr'>eos</span> <span class='ocrx_word' id='word_1_245' title='bbox 393 1980 624 2027; x_wconf 88' lang='lat' dir='ltr'>audiendo,</span> <span class='ocrx_word' id='word_1_246' title='bbox 659 1979 729 2032; x_wconf 89' lang='lat' dir='ltr'>qui</span> <span class='ocrx_word' id='word_1_247' title='bbox 760 1982 853 2018; x_wconf 82' lang='lat' dir='ltr'>ante</span> <span class='ocrx_word' id='word_1_248' title='bbox 886 1979 1094 2019; x_wconf 77' lang='lat' dir='ltr'>dixerunt.</span> <span class='ocrx_word' id='word_1_249' title='bbox 1157 1979 1198 2020; x_wconf 91' lang='lat' dir='ltr'>Si</span> <span class='ocrx_word' id='word_1_250' title='bbox 1229 1991 1352 2019; x_wconf 84' lang='lat' dir='ltr'>causa</span> <span class='ocrx_word' id='word_1_251' title='bbox 1381 1979 1677 2031; x_wconf 86' lang='lat' dir='ltr'>turpitudinem</span> <span class='ocrx_word' id='word_1_252' title='bbox 1699 1979 1892 2027; x_wconf 89' lang='lat' dir='ltr'>habebit,</span> <span class='ocrx_word' id='word_1_253' title='bbox 1927 1993 2050 2020; x_wconf 83' lang='lat' dir='ltr'>exor-</span> 
     </span>
     <span class='ocr_line' id='line_1_29' title="bbox 290 2041 2050 2095; baseline -0.001 -13"><span class='ocrx_word' id='word_1_254' title='bbox 290 2043 368 2082; x_wconf 83' lang='lat' dir='ltr'>diri</span> <span class='ocrx_word' id='word_1_255' title='bbox 399 2043 625 2095; x_wconf 88' lang='lat' dir='ltr'>poterimus</span> <span class='ocrx_word' id='word_1_256' title='bbox 656 2042 720 2082; x_wconf 89' lang='lat' dir='ltr'>his</span> <span class='ocrx_word' id='word_1_257' title='bbox 751 2043 1007 2082; x_wconf 90' lang='lat' dir='ltr'>rationibus:</span> <span class='ocrx_word' id='word_1_258' title='bbox 1042 2055 1128 2082; x_wconf 86' lang='lat' dir='ltr'>rem</span> <span class='ocrx_word' id='word_1_259' title='bbox 1147 2073 1158 2090; x_wconf 94' lang='lat'>,</span> <span class='ocrx_word' id='word_1_260' title='bbox 1191 2056 1275 2082; x_wconf 90' lang='lat' dir='ltr'>non</span> <span class='ocrx_word' id='word_1_261' title='bbox 1306 2041 1546 2089; x_wconf 90' lang='lat' dir='ltr'>hominem,</span> <span class='ocrx_word' id='word_1_262' title='bbox 1580 2046 1650 2081; x_wconf 89' lang='lat' dir='ltr'>aut</span> <span class='ocrx_word' id='word_1_263' title='bbox 1678 2041 1892 2081; x_wconf 88' lang='lat' dir='ltr'>hominem</span> <span class='ocrx_word' id='word_1_264' title='bbox 1911 2073 1921 2090; x_wconf 91' lang='lat'>,</span> <span class='ocrx_word' id='word_1_265' title='bbox 1963 2056 2050 2082; x_wconf 89' lang='lat' dir='ltr'>non</span> 
     </span>
     <span class='ocr_line' id='line_1_30' title="bbox 289 2104 2048 2160; baseline 0.001 -16"><span class='ocrx_word' id='word_1_266' title='bbox 289 2118 376 2145; x_wconf 86' lang='lat' dir='ltr'>rem</span> <span class='ocrx_word' id='word_1_267' title='bbox 408 2106 584 2157; x_wconf 85' lang='lat' dir='ltr'>spectari</span> <span class='ocrx_word' id='word_1_268' title='bbox 615 2110 835 2157; x_wconf 76' lang='lat' dir='ltr'>oportere3</span> <span class='ocrx_word' id='word_1_269' title='bbox 883 2119 967 2145; x_wconf 91' lang='lat' dir='ltr'>non</span> <span class='ocrx_word' id='word_1_270' title='bbox 997 2106 1160 2160; x_wconf 88' lang='lat' dir='ltr'>placere</span> <span class='ocrx_word' id='word_1_271' title='bbox 1190 2105 1311 2145; x_wconf 86' lang='lat' dir='ltr'>nobis</span> <span class='ocrx_word' id='word_1_272' title='bbox 1342 2105 1468 2157; x_wconf 86' lang='lat' dir='ltr'>ipsis,</span> <span class='ocrx_word' id='word_1_273' title='bbox 1503 2118 1608 2158; x_wconf 86' lang='lat' dir='ltr'>quae</span> <span class='ocrx_word' id='word_1_274' title='bbox 1638 2104 1747 2144; x_wconf 87' lang='lat' dir='ltr'>facta</span> <span class='ocrx_word' id='word_1_275' title='bbox 1777 2105 1967 2145; x_wconf 87' lang='lat' dir='ltr'>dicantur</span> <span class='ocrx_word' id='word_1_276' title='bbox 1997 2106 2048 2145; x_wconf 91' lang='lat' dir='ltr'>ab</span> 
     </span>
    </p>

    <p class='ocr_par' dir='ltr' id='par_1_5' title="bbox 239 2167 2051 2724">
     <span class='ocr_line' id='line_1_31' title="bbox 241 2167 2051 2221; baseline -0.001 -14"><span class='ocrx_word' id='word_1_277' title='bbox 241 2177 276 2203; x_wconf 79' lang='lat'>³0</span> <span class='ocrx_word' id='word_1_278' title='bbox 290 2168 564 2215; x_wconf 84' lang='lat' dir='ltr'>adversariis,</span> <span class='ocrx_word' id='word_1_279' title='bbox 613 2172 653 2207; x_wconf 91' lang='lat' dir='ltr'>et</span> <span class='ocrx_word' id='word_1_280' title='bbox 695 2180 784 2208; x_wconf 89' lang='lat' dir='ltr'>esse</span> <span class='ocrx_word' id='word_1_281' title='bbox 824 2169 996 2221; x_wconf 85' lang='lat' dir='ltr'>indigna</span> <span class='ocrx_word' id='word_1_282' title='bbox 1026 2172 1096 2208; x_wconf 87' lang='lat' dir='ltr'>aut</span> <span class='ocrx_word' id='word_1_283' title='bbox 1125 2167 1308 2216; x_wconf 83' lang='lat' dir='ltr'>nefaria3</span> <span class='ocrx_word' id='word_1_284' title='bbox 1362 2167 1512 2207; x_wconf 90' lang='lat' dir='ltr'>deinde</span> <span class='ocrx_word' id='word_1_285' title='bbox 1544 2179 1637 2206; x_wconf 93' lang='lat' dir='ltr'>cum</span> <span class='ocrx_word' id='word_1_286' title='bbox 1668 2167 1737 2206; x_wconf 87' lang='lat' dir='ltr'>diu</span> <span class='ocrx_word' id='word_1_287' title='bbox 1767 2181 1855 2207; x_wconf 90' lang='lat' dir='ltr'>rem</span> <span class='ocrx_word' id='word_1_288' title='bbox 1886 2168 2051 2208; x_wconf 84' lang='lat' dir='ltr'>auxeri-</span> 
     </span>
     <span class='ocr_line' id='line_1_32' title="bbox 290 2230 2049 2283; baseline 0.001 -14"><span class='ocrx_word' id='word_1_289' title='bbox 290 2244 380 2270; x_wconf 90' lang='lat' dir='ltr'>mus</span> <span class='ocrx_word' id='word_1_290' title='bbox 399 2261 410 2278; x_wconf 96' lang='lat'>,</span> <span class='ocrx_word' id='word_1_291' title='bbox 453 2230 556 2270; x_wconf 90' lang='lat' dir='ltr'>nihil</span> <span class='ocrx_word' id='word_1_292' title='bbox 586 2230 718 2271; x_wconf 90' lang='lat' dir='ltr'>simile</span> <span class='ocrx_word' id='word_1_293' title='bbox 749 2244 772 2270; x_wconf 92' lang='lat' dir='ltr'>a</span> <span class='ocrx_word' id='word_1_294' title='bbox 801 2231 924 2270; x_wconf 89' lang='lat' dir='ltr'>nobis</span> <span class='ocrx_word' id='word_1_295' title='bbox 955 2231 1108 2271; x_wconf 86' lang='lat' dir='ltr'>factum</span> <span class='ocrx_word' id='word_1_296' title='bbox 1140 2231 1435 2279; x_wconf 84' lang='lat' dir='ltr'>ostendemus3</span> <span class='ocrx_word' id='word_1_297' title='bbox 1483 2233 1553 2269; x_wconf 88' lang='lat' dir='ltr'>aut</span> <span class='ocrx_word' id='word_1_298' title='bbox 1583 2230 1819 2283; x_wconf 91' lang='lat' dir='ltr'>aliquorum</span> <span class='ocrx_word' id='word_1_299' title='bbox 1849 2230 2049 2270; x_wconf 90' lang='lat' dir='ltr'>iudicium</span> 
     </span>
     <span class='ocr_line' id='line_1_33' title="bbox 290 2293 2051 2346; baseline 0.001 -14"><span class='ocrx_word' id='word_1_300' title='bbox 290 2294 341 2332; x_wconf 89' lang='lat' dir='ltr'>de</span> <span class='ocrx_word' id='word_1_301' title='bbox 372 2293 495 2332; x_wconf 89' lang='lat' dir='ltr'>simili</span> <span class='ocrx_word' id='word_1_302' title='bbox 526 2305 671 2342; x_wconf 89' lang='lat' dir='ltr'>causa,</span> <span class='ocrx_word' id='word_1_303' title='bbox 715 2298 784 2333; x_wconf 86' lang='lat' dir='ltr'>aut</span> <span class='ocrx_word' id='word_1_304' title='bbox 814 2295 864 2334; x_wconf 93' lang='lat' dir='ltr'>de</span> <span class='ocrx_word' id='word_1_305' title='bbox 896 2296 1042 2335; x_wconf 87' lang='lat' dir='ltr'>eadem</span> <span class='ocrx_word' id='word_1_306' title='bbox 1061 2326 1073 2343; x_wconf 93' lang='lat'>,</span> <span class='ocrx_word' id='word_1_307' title='bbox 1120 2298 1190 2334; x_wconf 90' lang='lat' dir='ltr'>aut</span> <span class='ocrx_word' id='word_1_308' title='bbox 1220 2295 1270 2334; x_wconf 91' lang='lat' dir='ltr'>de</span> <span class='ocrx_word' id='word_1_309' title='bbox 1301 2294 1492 2341; x_wconf 91' lang='lat' dir='ltr'>minore,</span> <span class='ocrx_word' id='word_1_310' title='bbox 1540 2297 1610 2333; x_wconf 92' lang='lat' dir='ltr'>aut</span> <span class='ocrx_word' id='word_1_311' title='bbox 1640 2294 1690 2333; x_wconf 92' lang='lat' dir='ltr'>de</span> <span class='ocrx_word' id='word_1_312' title='bbox 1721 2293 1880 2334; x_wconf 85' lang='lat' dir='ltr'>maiore</span> <span class='ocrx_word' id='word_1_313' title='bbox 1911 2293 2051 2346; x_wconf 88' lang='lat' dir='ltr'>profe-</span> 
     </span>
     <span class='ocr_line' id='line_1_34' title="bbox 288 2356 2050 2411; baseline 0.002 -18"><span class='ocrx_word' id='word_1_314' title='bbox 288 2368 443 2395; x_wconf 90' lang='lat' dir='ltr'>remus.</span> <span class='ocrx_word' id='word_1_315' title='bbox 504 2356 661 2396; x_wconf 91' lang='lat' dir='ltr'>Deinde</span> <span class='ocrx_word' id='word_1_316' title='bbox 691 2358 742 2397; x_wconf 88' lang='lat' dir='ltr'>ad</span> <span class='ocrx_word' id='word_1_317' title='bbox 774 2362 958 2397; x_wconf 88' lang='lat' dir='ltr'>nostram</span> <span class='ocrx_word' id='word_1_318' title='bbox 990 2370 1156 2397; x_wconf 89' lang='lat' dir='ltr'>causam</span> <span class='ocrx_word' id='word_1_319' title='bbox 1186 2356 1439 2411; x_wconf 85' lang='lat' dir='ltr'>pedetentim</span> <span class='ocrx_word' id='word_1_320' title='bbox 1470 2357 1715 2396; x_wconf 88' lang='lat' dir='ltr'>accedemus</span> <span class='ocrx_word' id='word_1_321' title='bbox 1746 2360 1787 2396; x_wconf 91' lang='lat' dir='ltr'>et</span> <span class='ocrx_word' id='word_1_322' title='bbox 1815 2356 2050 2397; x_wconf 91' lang='lat' dir='ltr'>similitudi-</span> 
     </span>
     <span class='ocr_line' id='line_1_35' title="bbox 288 2418 2050 2474; baseline 0.001 -17"><span class='ocrx_word' id='word_1_323' title='bbox 288 2431 384 2457; x_wconf 88' lang='lat' dir='ltr'>nem</span> <span class='ocrx_word' id='word_1_324' title='bbox 416 2418 691 2459; x_wconf 90' lang='lat' dir='ltr'>conferemus.</span> <span class='ocrx_word' id='word_1_325' title='bbox 752 2420 855 2460; x_wconf 87' lang='lat' dir='ltr'>Item</span> <span class='ocrx_word' id='word_1_326' title='bbox 896 2420 931 2459; x_wconf 92' lang='lat' dir='ltr'>si</span> <span class='ocrx_word' id='word_1_327' title='bbox 969 2420 1214 2474; x_wconf 84' lang='lat' dir='ltr'>negabimus</span> <span class='ocrx_word' id='word_1_328' title='bbox 1254 2433 1331 2460; x_wconf 91' lang='lat' dir='ltr'>nos</span> <span class='ocrx_word' id='word_1_329' title='bbox 1370 2420 1419 2459; x_wconf 92' lang='lat' dir='ltr'>de</span> <span class='ocrx_word' id='word_1_330' title='bbox 1451 2419 1697 2459; x_wconf 88' lang='lat' dir='ltr'>adversariis</span> <span class='ocrx_word' id='word_1_331' title='bbox 1727 2423 1799 2459; x_wconf 88' lang='lat' dir='ltr'>aut</span> <span class='ocrx_word' id='word_1_332' title='bbox 1828 2420 1880 2461; x_wconf 89' lang='lat' dir='ltr'>de</span> <span class='ocrx_word' id='word_1_333' title='bbox 1910 2419 2050 2474; x_wconf 88' lang='lat' dir='ltr'>aliqua</span> 
     </span>
     <span class='ocr_line' id='line_1_36' title="bbox 239 2480 2048 2531; baseline 0.001 -12"><span class='ocrx_word' id='word_1_334' title='bbox 239 2490 274 2519; x_wconf 84' lang='lat'>³⁵</span> <span class='ocrx_word' id='word_1_335' title='bbox 289 2492 334 2520; x_wconf 91' lang='lat' dir='ltr'>re</span> <span class='ocrx_word' id='word_1_336' title='bbox 364 2480 546 2521; x_wconf 84' lang='lat' dir='ltr'>dicturos</span> <span class='ocrx_word' id='word_1_337' title='bbox 565 2512 576 2529; x_wconf 94' lang='lat'>,</span> <span class='ocrx_word' id='word_1_338' title='bbox 610 2486 650 2521; x_wconf 90' lang='lat' dir='ltr'>et</span> <span class='ocrx_word' id='word_1_339' title='bbox 678 2486 817 2522; x_wconf 83' lang='lat' dir='ltr'>tamen</span> <span class='ocrx_word' id='word_1_340' title='bbox 848 2483 1007 2523; x_wconf 82' lang='lat' dir='ltr'>occulte</span> <span class='ocrx_word' id='word_1_341' title='bbox 1039 2483 1249 2531; x_wconf 87' lang='lat' dir='ltr'>dicemus,</span> <span class='ocrx_word' id='word_1_342' title='bbox 1282 2482 1569 2522; x_wconf 90' lang='lat' dir='ltr'>interiectione</span> <span class='ocrx_word' id='word_1_343' title='bbox 1600 2483 1840 2523; x_wconf 88' lang='lat' dir='ltr'>verborum.</span> <span class='ocrx_word' id='word_1_344' title='bbox 1905 2483 1970 2521; x_wconf 87' lang='lat'>10.</span> <span class='ocrx_word' id='word_1_345' title='bbox 2006 2482 2048 2521; x_wconf 90' lang='lat' dir='ltr'>Si</span> 
     </span>
     <span class='ocr_line' id='line_1_37' title="bbox 289 2541 2050 2594; baseline 0.001 -13"><span class='ocrx_word' id='word_1_346' title='bbox 289 2555 513 2594; x_wconf 89' lang='lat' dir='ltr'>persuasus</span> <span class='ocrx_word' id='word_1_347' title='bbox 544 2545 708 2584; x_wconf 86' lang='lat' dir='ltr'>auditor</span> <span class='ocrx_word' id='word_1_348' title='bbox 737 2544 888 2593; x_wconf 88' lang='lat' dir='ltr'>fuerit,</span> <span class='ocrx_word' id='word_1_349' title='bbox 936 2546 977 2585; x_wconf 92' lang='lat' dir='ltr'>id</span> <span class='ocrx_word' id='word_1_350' title='bbox 1010 2550 1101 2593; x_wconf 89' lang='lat' dir='ltr'>est,</span> <span class='ocrx_word' id='word_1_351' title='bbox 1149 2546 1183 2586; x_wconf 94' lang='lat' dir='ltr'>si</span> <span class='ocrx_word' id='word_1_352' title='bbox 1222 2546 1354 2585; x_wconf 91' lang='lat' dir='ltr'>oratio</span> <span class='ocrx_word' id='word_1_353' title='bbox 1387 2545 1723 2585; x_wconf 87' lang='lat' dir='ltr'>adversariorum</span> <span class='ocrx_word' id='word_1_354' title='bbox 1752 2543 1897 2585; x_wconf 88' lang='lat' dir='ltr'>fecerit</span> <span class='ocrx_word' id='word_1_355' title='bbox 1925 2541 2050 2584; x_wconf 89' lang='lat' dir='ltr'>fidem</span> 
     </span>
     <span class='ocr_line' id='line_1_38' title="bbox 290 2604 2047 2662; baseline 0.001 -18"><span class='ocrx_word' id='word_1_356' title='bbox 290 2606 548 2645; x_wconf 87' lang='lat' dir='ltr'>auditoribus</span> <span class='ocrx_word' id='word_1_357' title='bbox 580 2604 730 2660; x_wconf 88' lang='lat' dir='ltr'>(neque</span> <span class='ocrx_word' id='word_1_358' title='bbox 762 2608 869 2647; x_wconf 85' lang='lat' dir='ltr'>enim</span> <span class='ocrx_word' id='word_1_359' title='bbox 902 2622 986 2649; x_wconf 90' lang='lat' dir='ltr'>non</span> <span class='ocrx_word' id='word_1_360' title='bbox 1017 2609 1138 2649; x_wconf 88' lang='lat' dir='ltr'>facile</span> <span class='ocrx_word' id='word_1_361' title='bbox 1169 2609 1273 2649; x_wconf 92' lang='lat' dir='ltr'>scire</span> <span class='ocrx_word' id='word_1_362' title='bbox 1294 2608 1548 2661; x_wconf 88' lang='lat' dir='ltr'>poterimus,</span> <span class='ocrx_word' id='word_1_363' title='bbox 1583 2607 1779 2662; x_wconf 87' lang='lat' dir='ltr'>quoniam</span> <span class='ocrx_word' id='word_1_364' title='bbox 1800 2620 1885 2647; x_wconf 90' lang='lat' dir='ltr'>non</span> <span class='ocrx_word' id='word_1_365' title='bbox 1906 2619 2047 2646; x_wconf 91' lang='lat' dir='ltr'>sumus</span> 
     </span>
     <span class='ocr_line' id='line_1_39' title="bbox 289 2668 2043 2724; baseline 0.001 -17"><span class='ocrx_word' id='word_1_366' title='bbox 289 2669 444 2716; x_wconf 90' lang='lat' dir='ltr'>nescii,</span> <span class='ocrx_word' id='word_1_367' title='bbox 478 2669 627 2722; x_wconf 87' lang='lat' dir='ltr'>quibus</span> <span class='ocrx_word' id='word_1_368' title='bbox 652 2670 776 2709; x_wconf 90' lang='lat' dir='ltr'>rebus</span> <span class='ocrx_word' id='word_1_369' title='bbox 796 2668 896 2710; x_wconf 89' lang='lat' dir='ltr'>fides</span> <span class='ocrx_word' id='word_1_370' title='bbox 918 2669 1006 2711; x_wconf 88' lang='lat' dir='ltr'>fieri</span> <span class='ocrx_word' id='word_1_371' title='bbox 1028 2670 1242 2724; x_wconf 90' lang='lat' dir='ltr'>soleat)—-</span> <span class='ocrx_word' id='word_1_372' title='bbox 1272 2683 1371 2724; x_wconf 82' lang='lat' dir='ltr'>ergo</span> <span class='ocrx_word' id='word_1_373' title='bbox 1404 2670 1438 2710; x_wconf 92' lang='lat' dir='ltr'>si</span> <span class='ocrx_word' id='word_1_374' title='bbox 1466 2668 1592 2710; x_wconf 91' lang='lat' dir='ltr'>fidem</span> <span class='ocrx_word' id='word_1_375' title='bbox 1620 2670 1771 2710; x_wconf 86' lang='lat' dir='ltr'>factam</span> <span class='ocrx_word' id='word_1_376' title='bbox 1790 2669 2043 2722; x_wconf 87' lang='lat' dir='ltr'>putabimus,</span> 
     </span>
    </p>
   </div>
   <div class='ocr_carea' id='block_1_3' title="bbox 384 2813 2048 2857">
    <p class='ocr_par' dir='ltr' id='par_1_6' title="bbox 384 2813 2048 2857">
     <span class='ocr_line' id='line_1_40' title="bbox 384 2813 2048 2857; baseline 0.001 -13"><span class='ocrx_word' id='word_1_377' title='bbox 384 2813 417 2844; x_wconf 75' lang='lat'>2.</span> <span class='ocrx_word' id='word_1_378' title='bbox 446 2814 539 2845; x_wconf 81' lang='lat' dir='ltr'>laud.</span> <span class='ocrx_word' id='word_1_379' title='bbox 569 2818 670 2854; x_wconf 83' lang='lat' dir='ltr'>atque</span> <span class='ocrx_word' id='word_1_380' title='bbox 695 2816 732 2845; x_wconf 77' lang='lat' dir='ltr'>in</span> <span class='ocrx_word' id='word_1_381' title='bbox 756 2815 836 2846; x_wconf 86' lang='lat' dir='ltr'>PB:</span> <span class='ocrx_word' id='word_1_382' title='bbox 876 2816 970 2847; x_wconf 84' lang='lat' dir='ltr'>laud.</span> <span class='ocrx_word' id='word_1_383' title='bbox 1006 2821 1069 2849; x_wconf 83' lang='lat' dir='ltr'>aut</span> <span class='ocrx_word' id='word_1_384' title='bbox 1100 2819 1137 2848; x_wconf 80' lang='lat' dir='ltr'>in</span> <span class='ocrx_word' id='word_1_385' title='bbox 1161 2817 1327 2849; x_wconf 81' lang='lat' dir='ltr'><strong>AFRTE.</strong></span> <span class='ocrx_word' id='word_1_386' title='bbox 1362 2833 1403 2839; x_wconf 92' lang='lat'><em>-</em></span> <span class='ocrx_word' id='word_1_387' title='bbox 1446 2816 1480 2848; x_wconf 69' lang='lat'>4.</span> <span class='ocrx_word' id='word_1_388' title='bbox 1509 2816 1652 2848; x_wconf 78' lang='lat' dir='ltr'>audient</span> <span class='ocrx_word' id='word_1_389' title='bbox 1686 2814 1789 2847; x_wconf 78' lang='lat' dir='ltr'><strong>AFR.</strong></span> <span class='ocrx_word' id='word_1_390' title='bbox 1829 2831 1866 2837; x_wconf 98' lang='lat'><strong>—</strong></span> <span class='ocrx_word' id='word_1_391' title='bbox 1911 2814 2048 2857; x_wconf 85' lang='lat' dir='ltr'>aliquid</span> 
     </span>
    </p>
   </div>
   <div class='ocr_carea' id='block_1_4' title="bbox 291 2859 2048 2998">
    <p class='ocr_par' dir='ltr' id='par_1_7' title="bbox 291 2859 2048 2998">
     <span class='ocr_line' id='line_1_41' title="bbox 291 2859 2048 2905; baseline 0.004 -18"><span class='ocrx_word' id='word_1_392' title='bbox 291 2859 471 2897; x_wconf 81' lang='lat' dir='ltr'>reseremus</span> <span class='ocrx_word' id='word_1_393' title='bbox 497 2861 627 2892; x_wconf 84' lang='lat' dir='ltr'>PFRT.</span> <span class='ocrx_word' id='word_1_394' title='bbox 671 2861 735 2901; x_wconf 83' lang='lat' dir='ltr'>(De</span> <span class='ocrx_word' id='word_1_395' title='bbox 761 2862 819 2892; x_wconf 80' lang='grc' dir='ltr'>ΑΒ</span> <span class='ocrx_word' id='word_1_396' title='bbox 846 2871 913 2893; x_wconf 88' lang='lat' dir='ltr'>non</span> <span class='ocrx_word' id='word_1_397' title='bbox 942 2863 1078 2905; x_wconf 84' lang='lat' dir='ltr'>liquet.)</span> <span class='ocrx_word' id='word_1_398' title='bbox 1120 2864 1163 2895; x_wconf 82' lang='lat' dir='ltr'>Ut</span> <span class='ocrx_word' id='word_1_399' title='bbox 1188 2874 1273 2901; x_wconf 73' lang='lat' dir='ltr'>neS,</span> <span class='ocrx_word' id='word_1_400' title='bbox 1302 2864 1496 2896; x_wconf 75' lang='lat' dir='ltr'>ErnestiuS.</span> <span class='ocrx_word' id='word_1_401' title='bbox 1535 2880 1577 2885; x_wconf 90' lang='lat'><strong>—</strong></span> <span class='ocrx_word' id='word_1_402' title='bbox 1618 2863 1651 2894; x_wconf 94' lang='lat'>5.</span> <span class='ocrx_word' id='word_1_403' title='bbox 1689 2871 1759 2902; x_wconf 82' lang='lat' dir='ltr'>qua</span> <span class='ocrx_word' id='word_1_404' title='bbox 1784 2862 1825 2894; x_wconf 83' lang='lat' dir='ltr'>de</span> <span class='ocrx_word' id='word_1_405' title='bbox 1850 2861 1963 2899; x_wconf 74' lang='grc' dir='ltr'>ΑΕΒ,</span> <span class='ocrx_word' id='word_1_406' title='bbox 2008 2866 2048 2894; x_wconf 86' lang='lat' dir='ltr'>ut</span> 
     </span>
     <span class='ocr_line' id='line_1_42' title="bbox 292 2908 2045 2951; baseline 0.005 -17"><span class='ocrx_word' id='word_1_407' title='bbox 292 2913 355 2944; x_wconf 81' lang='lat' dir='ltr'>ego</span> <span class='ocrx_word' id='word_1_408' title='bbox 382 2910 577 2945; x_wconf 76' lang='lat' dir='ltr'>suspicatus</span> <span class='ocrx_word' id='word_1_409' title='bbox 606 2917 698 2939; x_wconf 84' lang='lat' dir='ltr'>eram</span> <span class='ocrx_word' id='word_1_410' title='bbox 726 2910 759 2939; x_wconf 90' lang='lat' dir='ltr'>in</span> <span class='ocrx_word' id='word_1_411' title='bbox 787 2909 852 2939; x_wconf 89' lang='lat' dir='ltr'>Ed.</span> <span class='ocrx_word' id='word_1_412' title='bbox 884 2918 959 2947; x_wconf 62' lang='lat' dir='ltr'>pn:</span> <span class='ocrx_word' id='word_1_413' title='bbox 1000 2912 1041 2942; x_wconf 73' lang='lat' dir='ltr'>sle</span> <span class='ocrx_word' id='word_1_414' title='bbox 1067 2921 1136 2951; x_wconf 83' lang='lat' dir='ltr'>qua</span> <span class='ocrx_word' id='word_1_415' title='bbox 1161 2912 1292 2943; x_wconf 85' lang='lat' dir='ltr'><strong>PBTE.</strong></span> <span class='ocrx_word' id='word_1_416' title='bbox 1329 2928 1373 2932; x_wconf 91' lang='lat'>—</span> <span class='ocrx_word' id='word_1_417' title='bbox 1414 2911 1449 2942; x_wconf 87' lang='lat'>7.</span> <span class='ocrx_word' id='word_1_418' title='bbox 1477 2913 1509 2941; x_wconf 84' lang='lat' dir='ltr'>et</span> <span class='ocrx_word' id='word_1_419' title='bbox 1533 2909 1638 2940; x_wconf 77' lang='lat' dir='ltr'>simul</span> <span class='ocrx_word' id='word_1_420' title='bbox 1670 2909 1782 2940; x_wconf 87' lang='lat' dir='ltr'>PBT:</span> <span class='ocrx_word' id='word_1_421' title='bbox 1821 2909 1924 2940; x_wconf 82' lang='lat' dir='ltr'>simul</span> <span class='ocrx_word' id='word_1_422' title='bbox 1957 2908 2045 2948; x_wconf 74' lang='lat' dir='ltr'>AFE</span> 
     </span>
     <span class='ocr_line' id='line_1_43' title="bbox 292 2949 2048 2998; baseline 0.004 -17"><span class='ocrx_word' id='word_1_423' title='bbox 292 2949 336 2989; x_wconf 82' lang='lat' dir='ltr'>(et</span> <span class='ocrx_word' id='word_1_424' title='bbox 361 2954 389 2982; x_wconf 83' lang='lat' dir='ltr'>si</span> <span class='ocrx_word' id='word_1_425' title='bbox 414 2955 514 2984; x_wconf 78' lang='lat' dir='ltr'>simul</span> <span class='ocrx_word' id='word_1_426' title='bbox 539 2953 598 2995; x_wconf 86' lang='lat' dir='ltr'>R.)</span> <span class='ocrx_word' id='word_1_427' title='bbox 626 2971 666 2976; x_wconf 92' lang='lat'>——</span> <span class='ocrx_word' id='word_1_428' title='bbox 705 2956 760 2985; x_wconf 77' lang='lat'>12.</span> <span class='ocrx_word' id='word_1_429' title='bbox 789 2956 944 2993; x_wconf 74' lang='lat' dir='ltr'>divitias,</span> <span class='ocrx_word' id='word_1_430' title='bbox 972 2958 1204 2998; x_wconf 78' lang='lat' dir='ltr'>eloquentiam</span> <span class='ocrx_word' id='word_1_431' title='bbox 1220 2983 1228 2998; x_wconf 92' lang='lat'>‚</span> <span class='ocrx_word' id='word_1_432' title='bbox 1255 2958 1547 2990; x_wconf 77' lang='lat' dir='ltr'>incontinentiam</span> <span class='ocrx_word' id='word_1_433' title='bbox 1572 2956 1601 2987; x_wconf 87' lang='lat' dir='ltr'>R</span> <span class='ocrx_word' id='word_1_434' title='bbox 1618 2979 1626 2994; x_wconf 88' lang='lat'><em>‚</em></span> <span class='ocrx_word' id='word_1_435' title='bbox 1654 2956 1797 2988; x_wconf 80' lang='lat' dir='ltr'>divitias</span> <span class='ocrx_word' id='word_1_436' title='bbox 1821 2956 1876 2987; x_wconf 84' lang='lat' dir='ltr'>vel</span> <span class='ocrx_word' id='word_1_437' title='bbox 1900 2957 2048 2988; x_wconf 76' lang='lat' dir='ltr'>inconti-</span> 
     </span>
    </p>
   </div>
   <div class='ocr_carea' id='block_1_5' title="bbox 290 3000 2045 3374">
    <p class='ocr_par' dir='ltr' id='par_1_8' title="bbox 290 3000 2045 3374">
     <span class='ocr_line' id='line_1_44' title="bbox 290 3000 2043 3044; baseline 0.005 -16"><span class='ocrx_word' id='word_1_438' title='bbox 290 3000 444 3029; x_wconf 77' lang='lat' dir='ltr'>nentiam</span> <span class='ocrx_word' id='word_1_439' title='bbox 470 3001 510 3031; x_wconf 89' lang='lat' dir='ltr'>T.</span> <span class='ocrx_word' id='word_1_440' title='bbox 564 3002 844 3033; x_wconf 72' lang='lat' dir='ltr'>«incontinentia</span> <span class='ocrx_word' id='word_1_441' title='bbox 871 3003 912 3033; x_wconf 80' lang='lat' dir='ltr'>ab</span> <span class='ocrx_word' id='word_1_442' title='bbox 939 3005 970 3035; x_wconf 89' lang='lat' dir='ltr'>h.</span> <span class='ocrx_word' id='word_1_443' title='bbox 1001 3005 1022 3036; x_wconf 91' lang='grc' dir='ltr'>Ι.</span> <span class='ocrx_word' id='word_1_444' title='bbox 1050 3014 1189 3044; x_wconf 85' lang='lat' dir='ltr'>prorsus</span> <span class='ocrx_word' id='word_1_445' title='bbox 1215 3007 1327 3037; x_wconf 81' lang='lat' dir='ltr'>aliena</span> <span class='ocrx_word' id='word_1_446' title='bbox 1355 3007 1443 3036; x_wconf 81' lang='lat' dir='ltr'>est.»</span> <span class='ocrx_word' id='word_1_447' title='bbox 1471 3003 1578 3034; x_wconf 75' lang='grc' dir='ltr'><strong>ΒΑιΤ.</strong></span> <span class='ocrx_word' id='word_1_448' title='bbox 1596 3019 1638 3024; x_wconf 88' lang='lat'>-—-</span> <span class='ocrx_word' id='word_1_449' title='bbox 1664 3003 1720 3035; x_wconf 66' lang='lat'>14.</span> <span class='ocrx_word' id='word_1_450' title='bbox 1749 3003 1893 3034; x_wconf 83' lang='lat' dir='ltr'>veritati</span> <span class='ocrx_word' id='word_1_451' title='bbox 1918 3003 1988 3036; x_wconf 89' lang='lat' dir='ltr'>BT.</span> <span class='ocrx_word' id='word_1_452' title='bbox 2005 3018 2043 3026; x_wconf 86' lang='lat'>——·</span> 
     </span>
     <span class='ocr_line' id='line_1_45' title="bbox 292 3044 2045 3092; baseline 0.007 -18"><span class='ocrx_word' id='word_1_453' title='bbox 292 3044 349 3074; x_wconf 82' lang='lat'>15.</span> <span class='ocrx_word' id='word_1_454' title='bbox 378 3045 673 3087; x_wconf 76' lang='lat' dir='ltr'>aduersariorum]</span> <span class='ocrx_word' id='word_1_455' title='bbox 703 3048 759 3080; x_wconf 90' lang='lat' dir='ltr'>Sic</span> <span class='ocrx_word' id='word_1_456' title='bbox 780 3049 889 3081; x_wconf 84' lang='lat' dir='ltr'>Codd.</span> <span class='ocrx_word' id='word_1_457' title='bbox 918 3053 1023 3082; x_wconf 83' lang='lat' dir='ltr'>nostri</span> <span class='ocrx_word' id='word_1_458' title='bbox 1054 3061 1131 3083; x_wconf 89' lang='lat' dir='ltr'>cum</span> <span class='ocrx_word' id='word_1_459' title='bbox 1160 3052 1333 3092; x_wconf 83' lang='lat' dir='ltr'>plerisque</span> <span class='ocrx_word' id='word_1_460' title='bbox 1362 3055 1396 3083; x_wconf 87' lang='lat' dir='ltr'>et</span> <span class='ocrx_word' id='word_1_461' title='bbox 1421 3051 1468 3088; x_wconf 84' lang='lat' dir='ltr'>E,</span> <span class='ocrx_word' id='word_1_462' title='bbox 1497 3058 1612 3080; x_wconf 84' lang='lat' dir='ltr'>eorum</span> <span class='ocrx_word' id='word_1_463' title='bbox 1639 3057 1716 3081; x_wconf 91' lang='lat' dir='ltr'>cum</span> <span class='ocrx_word' id='word_1_464' title='bbox 1744 3050 1855 3082; x_wconf 85' lang='lat' dir='ltr'>Codd.</span> <span class='ocrx_word' id='word_1_465' title='bbox 1894 3050 1975 3089; x_wconf 79' lang='lat' dir='ltr'>aliq.</span> <span class='ocrx_word' id='word_1_466' title='bbox 2004 3050 2045 3087; x_wconf 70' lang='lat' dir='ltr'>L,</span> 
     </span>
     <span class='ocr_line' id='line_1_46' title="bbox 293 3089 2045 3138; baseline 0.005 -18"><span class='ocrx_word' id='word_1_467' title='bbox 293 3089 415 3122; x_wconf 82' lang='lat' dir='ltr'>Gracv.</span> <span class='ocrx_word' id='word_1_468' title='bbox 445 3093 552 3131; x_wconf 86' lang='lat' dir='ltr'>Sch.‚</span> <span class='ocrx_word' id='word_1_469' title='bbox 594 3096 749 3132; x_wconf 73' lang='lat' dir='ltr'>ipsorum</span> <span class='ocrx_word' id='word_1_470' title='bbox 787 3095 896 3128; x_wconf 88' lang='lat' dir='ltr'>Oxon.</span> <span class='ocrx_word' id='word_1_471' title='bbox 927 3107 1036 3134; x_wconf 82' lang='lat' dir='ltr'>unus.</span> <span class='ocrx_word' id='word_1_472' title='bbox 1080 3108 1170 3138; x_wconf 86' lang='lat' dir='ltr'>quae</span> <span class='ocrx_word' id='word_1_473' title='bbox 1206 3101 1319 3130; x_wconf 84' lang='lat' dir='ltr'>omnia</span> <span class='ocrx_word' id='word_1_474' title='bbox 1348 3106 1365 3129; x_wconf 94' lang='lat' dir='ltr'>e</span> <span class='ocrx_word' id='word_1_475' title='bbox 1394 3097 1506 3128; x_wconf 86' lang='lat' dir='ltr'>Gloss.</span> <span class='ocrx_word' id='word_1_476' title='bbox 1541 3097 1740 3134; x_wconf 78' lang='lat' dir='ltr'>fluxerunt,</span> <span class='ocrx_word' id='word_1_477' title='bbox 1786 3099 1952 3136; x_wconf 81' lang='lat' dir='ltr'>quocirca</span> <span class='ocrx_word' id='word_1_478' title='bbox 1991 3105 2045 3128; x_wconf 90' lang='lat' dir='ltr'>se-</span> 
     </span>
     <span class='ocr_line' id='line_1_47' title="bbox 293 3137 2044 3186; baseline 0.004 -19"><span class='ocrx_word' id='word_1_479' title='bbox 293 3137 473 3169; x_wconf 78' lang='lat' dir='ltr'>clusimus.</span> <span class='ocrx_word' id='word_1_480' title='bbox 497 3157 533 3162; x_wconf 90' lang='lat'>—</span> <span class='ocrx_word' id='word_1_481' title='bbox 554 3140 609 3171; x_wconf 73' lang='lat'>20.</span> <span class='ocrx_word' id='word_1_482' title='bbox 631 3141 787 3172; x_wconf 81' lang='lat' dir='ltr'>tollemus</span> <span class='ocrx_word' id='word_1_483' title='bbox 804 3143 934 3174; x_wconf 67' lang='lat' dir='ltr'><strong>PAFT.</strong></span> <span class='ocrx_word' id='word_1_484' title='bbox 954 3161 991 3167; x_wconf 91' lang='lat'><em>-</em></span> <span class='ocrx_word' id='word_1_485' title='bbox 1020 3145 1076 3176; x_wconf 74' lang='lat'>22.</span> <span class='ocrx_word' id='word_1_486' title='bbox 1097 3142 1333 3186; x_wconf 80' lang='lat' dir='ltr'>aperiendum]</span> <span class='ocrx_word' id='word_1_487' title='bbox 1354 3144 1533 3175; x_wconf 76' lang='lat' dir='ltr'>dicendum</span> <span class='ocrx_word' id='word_1_488' title='bbox 1545 3144 1647 3181; x_wconf 84' lang='lat' dir='ltr'>AFR,</span> <span class='ocrx_word' id='word_1_489' title='bbox 1674 3144 1856 3175; x_wconf 76' lang='lat' dir='ltr'>dicendum</span> <span class='ocrx_word' id='word_1_490' title='bbox 1873 3151 2044 3183; x_wconf 74' lang='lat' dir='ltr'>superscr-</span> 
     </span>
     <span class='ocr_line' id='line_1_48' title="bbox 292 3185 2044 3231; baseline 0.004 -17"><span class='ocrx_word' id='word_1_491' title='bbox 292 3185 517 3223; x_wconf 75' lang='lat' dir='ltr'>aperiendum</span> <span class='ocrx_word' id='word_1_492' title='bbox 541 3186 568 3216; x_wconf 85' lang='lat' dir='ltr'>T</span> <span class='ocrx_word' id='word_1_493' title='bbox 586 3210 593 3223; x_wconf 93' lang='lat'>,</span> <span class='ocrx_word' id='word_1_494' title='bbox 639 3189 799 3220; x_wconf 76' lang='lat' dir='ltr'>utendum</span> <span class='ocrx_word' id='word_1_495' title='bbox 823 3200 993 3228; x_wconf 82' lang='lat' dir='ltr'>superscr.</span> <span class='ocrx_word' id='word_1_496' title='bbox 1027 3193 1249 3231; x_wconf 73' lang='lat' dir='ltr'>aperiendum</span> <span class='ocrx_word' id='word_1_497' title='bbox 1274 3192 1314 3227; x_wconf 88' lang='lat' dir='ltr'>B,</span> <span class='ocrx_word' id='word_1_498' title='bbox 1342 3190 1568 3221; x_wconf 76' lang='lat' dir='ltr'>tractandum</span> <span class='ocrx_word' id='word_1_499' title='bbox 1595 3190 1672 3221; x_wconf 83' lang='lat' dir='ltr'>Vet.</span> <span class='ocrx_word' id='word_1_500' title='bbox 1700 3190 1880 3229; x_wconf 84' lang='lat' dir='ltr'>Stephani.</span> <span class='ocrx_word' id='word_1_501' title='bbox 1913 3206 1950 3212; x_wconf 96' lang='lat'>—</span> <span class='ocrx_word' id='word_1_502' title='bbox 1985 3189 2044 3221; x_wconf 76' lang='lat'>26.</span> 
     </span>
     <span class='ocr_line' id='line_1_49' title="bbox 292 3231 2041 3277; baseline 0.005 -17"><span class='ocrx_word' id='word_1_503' title='bbox 292 3238 359 3261; x_wconf 84' lang='lat' dir='ltr'>esse</span> <span class='ocrx_word' id='word_1_504' title='bbox 382 3231 521 3262; x_wconf 77' lang='lat' dir='ltr'>videtur</span> <span class='ocrx_word' id='word_1_505' title='bbox 545 3232 682 3264; x_wconf 85' lang='lat' dir='ltr'><strong>PFRT:</strong></span> <span class='ocrx_word' id='word_1_506' title='bbox 710 3236 843 3267; x_wconf 74' lang='lat' dir='ltr'>videtur</span> <span class='ocrx_word' id='word_1_507' title='bbox 862 3246 930 3268; x_wconf 80' lang='lat' dir='ltr'>esse</span> <span class='ocrx_word' id='word_1_508' title='bbox 948 3239 1050 3269; x_wconf 72' lang='lat' dir='ltr'><strong>ABE.</strong></span> <span class='ocrx_word' id='word_1_509' title='bbox 1081 3256 1117 3261; x_wconf 91' lang='lat'>—</span> <span class='ocrx_word' id='word_1_510' title='bbox 1154 3238 1210 3270; x_wconf 88' lang='lat'>35.</span> <span class='ocrx_word' id='word_1_511' title='bbox 1237 3238 1274 3269; x_wconf 86' lang='lat' dir='ltr'>Si</span> <span class='ocrx_word' id='word_1_512' title='bbox 1298 3246 1487 3277; x_wconf 79' lang='lat' dir='ltr'>persuasus</span> <span class='ocrx_word' id='word_1_513' title='bbox 1505 3237 1668 3276; x_wconf 80' lang='lat' dir='ltr'>auditor,</span> <span class='ocrx_word' id='word_1_514' title='bbox 1695 3237 1726 3268; x_wconf 79' lang='lat' dir='ltr'>si</span> <span class='ocrx_word' id='word_1_515' title='bbox 1744 3238 1860 3268; x_wconf 83' lang='lat' dir='ltr'>oratio</span> <span class='ocrx_word' id='word_1_516' title='bbox 1880 3236 1950 3267; x_wconf 77' lang='lat' dir='ltr'>Eri*-</span> <span class='ocrx_word' id='word_1_517' title='bbox 1977 3236 2041 3269; x_wconf 77' lang='lat' dir='ltr'>Vv-</span> 
     </span>
     <span class='ocr_line' id='line_1_50' title="bbox 294 3275 2041 3328; baseline 0.003 -20"><span class='ocrx_word' id='word_1_518' title='bbox 294 3275 330 3328; x_wconf 63' lang='grc' dir='ltr'><strong><em>ξί</em></strong></span> <span class='ocrx_word' id='word_1_519' title='bbox 355 3286 544 3316; x_wconf 82' lang='lat' dir='ltr'>persuasus</span> <span class='ocrx_word' id='word_1_520' title='bbox 568 3294 581 3300; x_wconf 90' lang='lat'><em>-</em></span> <span class='ocrx_word' id='word_1_521' title='bbox 605 3294 619 3299; x_wconf 92' lang='lat'>-</span> <span class='ocrx_word' id='word_1_522' title='bbox 642 3280 678 3310; x_wconf 81' lang='lat' dir='ltr'>id</span> <span class='ocrx_word' id='word_1_523' title='bbox 703 3285 749 3311; x_wconf 81' lang='lat' dir='ltr'>est</span> <span class='ocrx_word' id='word_1_524' title='bbox 774 3289 933 3320; x_wconf 79' lang='lat' dir='ltr'>suspecta</span> <span class='ocrx_word' id='word_1_525' title='bbox 963 3285 1136 3317; x_wconf 84' lang='lat' dir='ltr'>Gronovio</span> <span class='ocrx_word' id='word_1_526' title='bbox 1164 3286 1328 3323; x_wconf 80' lang='lat' dir='ltr'>expunxit</span> <span class='ocrx_word' id='word_1_527' title='bbox 1354 3284 1433 3315; x_wconf 87' lang='lat' dir='ltr'>Sch.</span> <span class='ocrx_word' id='word_1_528' title='bbox 1454 3293 1462 3319; x_wconf 74' lang='grc' dir='ltr'>ς</span> <span class='ocrx_word' id='word_1_529' title='bbox 1508 3284 1655 3315; x_wconf 84' lang='lat' dir='ltr'>Graevio</span> <span class='ocrx_word' id='word_1_530' title='bbox 1681 3289 1839 3323; x_wconf 83' lang='lat' dir='ltr'>suspecta</span> <span class='ocrx_word' id='word_1_531' title='bbox 1866 3287 1963 3315; x_wconf 83' lang='lat' dir='ltr'>erant</span> <span class='ocrx_word' id='word_1_532' title='bbox 1987 3292 2041 3315; x_wconf 82' lang='lat' dir='ltr'>vv.</span> 
     </span>
     <span class='ocr_line' id='line_1_51' title="bbox 293 3323 2041 3374; baseline 0.006 -21"><span class='ocrx_word' id='word_1_533' title='bbox 293 3323 330 3353; x_wconf 76' lang='lat' dir='ltr'>‘id</span> <span class='ocrx_word' id='word_1_534' title='bbox 349 3327 397 3354; x_wconf 84' lang='lat' dir='ltr'>est</span> <span class='ocrx_word' id='word_1_535' title='bbox 421 3341 436 3348; x_wconf 92' lang='lat'>-</span> <span class='ocrx_word' id='word_1_536' title='bbox 451 3341 464 3346; x_wconf 98' lang='lat'>-</span> <span class='ocrx_word' id='word_1_537' title='bbox 488 3324 620 3365; x_wconf 79' lang='lat' dir='ltr'>fecerit.</span> <span class='ocrx_word' id='word_1_538' title='bbox 643 3344 682 3350; x_wconf 94' lang='lat'>—-</span> <span class='ocrx_word' id='word_1_539' title='bbox 709 3326 764 3359; x_wconf 80' lang='grc'>36.</span> <span class='ocrx_word' id='word_1_540' title='bbox 785 3327 900 3367; x_wconf 77' lang='lat' dir='ltr'>fecerit</span> <span class='ocrx_word' id='word_1_541' title='bbox 916 3332 1017 3373; x_wconf 82' lang='lat' dir='ltr'>fidem</span> <span class='ocrx_word' id='word_1_542' title='bbox 1035 3333 1257 3364; x_wconf 78' lang='lat' dir='ltr'>auditoribus</span> <span class='ocrx_word' id='word_1_543' title='bbox 1275 3331 1453 3363; x_wconf 77' lang='lat' dir='ltr'>PABFRT</span> <span class='ocrx_word' id='word_1_544' title='bbox 1470 3339 1478 3362; x_wconf 72' lang='grc' dir='ltr'>ε</span> <span class='ocrx_word' id='word_1_545' title='bbox 1506 3330 1728 3363; x_wconf 77' lang='lat' dir='ltr'>auditoribus</span> <span class='ocrx_word' id='word_1_546' title='bbox 1744 3331 1844 3374; x_wconf 85' lang='lat' dir='ltr'>fidem</span> <span class='ocrx_word' id='word_1_547' title='bbox 1858 3331 1975 3374; x_wconf 74' lang='lat' dir='ltr'>fecerit</span> <span class='ocrx_word' id='word_1_548' title='bbox 1999 3330 2041 3363; x_wconf 84' lang='lat' dir='ltr'>E.</span> 
     </span>
    </p>
   </div>
  </div>
 </body>
</html>
