2117 3762
239 216 320 258 456
1015 201 1208 245 TOPICA

240 323 274 364 si
305 334 382 375 ego
413 330 635 374 gravarer,
681 316 750 355 aut
778 312 986 364 ingratum
1016 306 1059 348 id
1090 311 1160 349 aut
1189 309 1414 363 superbum
1450 305 1676 349 videretur.
1738 309 1842 357 Sed,
1889 307 1985 350 dum

238 384 390 426 fuimus
420 395 521 427 una,
554 385 597 420 tu
627 376 804 431 optimus
836 386 879 413 es
909 371 1044 416 testis,
1079 383 1203 425 quam
1233 369 1384 412 fuerim
1415 374 1666 424 occupatus;
1704 373 1744 412 5.
1776 375 1822 412 ut
1851 377 1988 413 autem

241 460 264 488 a
293 452 333 487 te
365 442 555 490 discessi,
587 441 628 480 in
651 437 866 479 Graeciam
888 432 1178 488 proficiscens,
1213 446 1306 474 cum
1337 447 1465 487 opera
1497 446 1590 473 mea
1619 445 1697 474 nec
1726 447 1792 475 res
1825 434 1989 489 publica

241 523 318 550 nec
347 505 466 548 amici
497 505 711 544 uterentur
740 512 815 539 nec
847 499 1020 538 honeste
1050 496 1159 535 inter
1188 508 1300 536 arma
1329 494 1489 537 versari
1518 507 1712 550 possem,
1753 510 1806 537 ne
1837 495 1872 537 si
1900 501 1988 538 tuto

213 569 405 625 squidem
436 566 478 608 id
507 566 606 606 mihi
636 562 804 608 liceret,
849 565 894 600 ut
923 559 1018 600 veni
1048 557 1208 600 Veliam
1238 561 1390 612 tuaque
1422 563 1462 600 et
1492 564 1583 599 tuos
1614 557 1723 608 vidi,
1756 557 1990 600 admonitus

242 633 362 675 huius
391 628 496 670 aeris
528 626 649 667 alieni
680 623 795 665 nolui
826 621 970 663 deesse
1002 633 1054 661 ne
1084 619 1231 661 tacitae
1262 619 1430 674 quidem
1459 619 1703 674 flagitationi
1734 625 1842 662 tuae.
1913 622 1993 662 Ita-

245 709 323 749 que
358 694 482 739 haec,
533 701 625 730 cum
656 700 819 728 mecum
848 684 978 726 libros
1009 695 1093 724 non
1122 680 1347 729 haberem,
1394 682 1595 724 memoria
1625 683 1801 739 repetita
1830 684 1873 724 in
1903 683 1993 737 ipsa

242 755 499 809 navigatione
539 748 768 803 conscripsi
807 746 965 802 tibique
1008 760 1062 786 ex
1090 743 1242 786 itinere
1271 742 1392 792 misi,
1439 750 1484 786 ut
1512 759 1604 787 mea
1634 746 1850 801 diligentia
1878 760 1994 788 man-

244 821 431 860 datorum
471 820 636 855 tuorum
676 817 716 852 te
757 822 949 865 quoque,
997 806 1074 849 etsi
1104 805 1364 848 admonitore
1394 820 1476 848 non
1508 822 1625 862 eges,
1667 809 1719 850 ad
1750 807 1993 850 memoriam

192 896 229 920 10
243 885 474 922 nostrarum
506 888 649 917 rerum
680 874 918 915 excitarem.
978 871 1061 912 Sed
1091 870 1174 911 iam
1205 874 1368 923 tempus
1400 875 1462 911 est
1491 872 1542 912 ad
1572 870 1634 920 id,
1676 874 1788 927 quod
1818 870 1995 913 institui-

242 955 355 991 mus,
388 941 601 981 accedere.

350 1006 400 1045 11.
433 1005 472 1044 6.
508 1004 607 1044 Cum
639 1000 771 1041 omnis
799 998 906 1039 ratio
939 995 1114 1050 diligens
1136 994 1366 1036 disserendi
1389 994 1490 1036 duas
1510 993 1660 1038 habeat
1679 1002 1840 1050 partes,
1871 1010 1996 1038 unam

241 1065 502 1114 inveniendi,
535 1064 705 1105 alteram
735 1059 970 1108 iudicandi,
1003 1058 1219 1113 utriusque
1250 1059 1465 1112 princeps,
1498 1063 1543 1098 ut
1572 1058 1671 1099 mihi
1693 1059 1861 1114 quidem
1884 1059 1998 1101 vide-

242 1137 328 1178 tur,
377 1127 618 1170 Aristoteles
660 1124 751 1166 suit.
814 1122 942 1164 Stoici
979 1128 1116 1163 autem
1156 1121 1198 1162 in
1236 1121 1366 1163 altera
1398 1120 1739 1163 elaboraverunt:
1788 1121 1997 1164 iudicandi

192 1206 228 1233 1⁵
244 1192 353 1235 enim
383 1192 470 1232 vias
501 1188 722 1242 diligenter
751 1183 956 1241 persecuti
987 1189 1082 1226 sunt
1112 1197 1159 1225 ea
1192 1185 1381 1233 scientia,
1414 1199 1536 1240 quam
1568 1184 1835 1236 διαλεκτικήν
1856 1186 1999 1240 appel-

240 1256 343 1305 lant;
375 1251 612 1294 inveniendi
632 1255 762 1291 artem
780 1280 790 1297 ‚
825 1261 931 1304 quae
953 1247 1104 1299 τοπική
1138 1246 1311 1295 dicitur,
1346 1261 1451 1302 quae
1473 1253 1515 1289 et
1535 1246 1587 1289 ad
1607 1261 1727 1289 usum
1750 1248 1888 1301 potior
1909 1254 1999 1289 erat

243 1324 284 1360 et
313 1315 457 1358 ordine
487 1320 657 1356 naturae
689 1317 799 1353 certe
829 1313 969 1367 prior,
1010 1315 1140 1351 totam
1169 1309 1444 1365 reliquerunt.
1506 1314 1546 1353 7.
1580 1314 1664 1353 Nos
1694 1319 1852 1360 autem,
1893 1325 1999 1368 quo-

241 1383 352 1423 niam
382 1379 425 1420 in
454 1382 627 1431 utraque
659 1388 819 1417 summa
849 1373 1002 1415 utilitas
1035 1379 1099 1414 est
1130 1378 1171 1414 et
1190 1379 1428 1430 utramque,
1461 1373 1494 1415 si
1519 1375 1600 1416 erit
1621 1375 1772 1422 otium,
1803 1375 2000 1429 persequi

243 1445 493 1497 cogitamus,
535 1438 585 1480 ab
617 1452 686 1486 ea,
730 1450 838 1493 quae
866 1436 984 1492 prior
1015 1441 1096 1483 est,
1138 1436 1364 1478 ordiemur.
1425 1439 1475 1479 Ut
1505 1437 1632 1492 igitur
1662 1450 1805 1478 earum
1835 1450 1995 1487 rerum,

194 1518 230 1543 20
245 1520 349 1562 quae
380 1501 645 1545 absconditae
678 1505 794 1548 sunt,
845 1501 1127 1540 demonstrato
1159 1504 1200 1539 et
1230 1505 1374 1541 notato
1405 1499 1499 1542 loco
1530 1499 1659 1541 facilis
1689 1499 1873 1541 inventio
1912 1505 1996 1549 est,

244 1573 325 1618 sic,
359 1580 450 1609 cum
480 1565 763 1619 pervestigare
794 1568 1084 1616 argumentum
1116 1561 1284 1617 aliquod
1316 1564 1528 1610 volumus,
1571 1562 1684 1604 locos
1714 1576 1838 1604 nosse
1870 1561 1996 1607 debe-

244 1646 359 1681 mus3
401 1630 458 1670 sic
490 1628 599 1669 enim
630 1625 855 1682 appellatae
886 1627 936 1666 ab
969 1624 1191 1666 Aristotele
1221 1631 1315 1666 sunt
1346 1639 1419 1667 eae
1452 1626 1569 1681 quasi
1600 1627 1740 1673 sedes,
1791 1639 1813 1666 e
1848 1624 1998 1680 quibus

246 1697 487 1747 argumenta
516 1695 777 1746 promuntur.
839 1689 877 1729 8.
919 1689 1063 1743 Itaque
1102 1687 1199 1729 licet
1229 1687 1427 1737 definire,
1476 1690 1612 1729 locum
1645 1701 1736 1728 esse
1766 1687 2000 1742 argumenti

247 1760 411 1806 sedem;
459 1757 746 1807 argumentum
792 1757 929 1793 autem
979 1752 1229 1797 orationem,
1277 1765 1382 1806 quae
1423 1750 1487 1792 rei
1529 1750 1679 1792 dubiae
1710 1750 1834 1792 faciat
1864 1750 2000 1792 fidem.

196 1830 231 1856 2⁵
247 1819 327 1861 Sed
359 1833 410 1860 ex
439 1819 488 1858 iis
518 1816 637 1863 locis,
678 1815 720 1856 in
751 1816 901 1871 quibus
933 1820 1175 1865 argumenta
1204 1813 1361 1855 inclusa
1393 1819 1507 1862 sunt,
1547 1814 1616 1855 alii
1645 1815 1689 1854 in
1722 1827 1770 1854 eo
1802 1813 1918 1869 ipso,
1952 1813 2003 1855 de

247 1896 328 1938 quo
360 1880 516 1935 agitur,
549 1882 751 1927 haerent,
786 1878 854 1919 alii
886 1882 1149 1919 assumuntur
1180 1878 1451 1918 extrinsecus.
1513 1879 1559 1918 In
1590 1878 1681 1932 ipso
1713 1882 1799 1918 tum
1822 1890 1873 1918 ex
1895 1882 2000 1925 toto,

246 1952 331 1988 tum
364 1959 415 1985 ex
445 1942 630 1998 partibus
662 1943 769 1989 eius,
815 1947 901 1983 tum
942 1954 995 1982 ex
1035 1946 1157 1989 nota,
1204 1946 1290 1980 tum
1324 1955 1374 1981 ex
1403 1940 1453 1981 iis
1484 1939 1634 1988 rebus,
1684 1953 1790 1994 quae
1821 1941 2002 1995 quodam

246 2010 372 2050 modo
413 2006 583 2048 affectae
625 2010 718 2047 sunt
762 2006 814 2045 ad
852 2003 915 2051 id,
963 2005 1013 2044 de
1054 2016 1137 2057 quo
1177 2002 1401 2057 quaeritur.
1478 2004 1746 2044 Extrinsecus
1791 2008 1926 2043 autem
1954 2016 2005 2043 ea

249 2074 475 2119 ducuntur,
520 2083 623 2125 quae
664 2070 811 2110 absunt
851 2069 1058 2121 longeque
1099 2064 1303 2107 disiuncta
1340 2070 1449 2106 sunt.
1512 2067 1552 2109 9.
1585 2066 1666 2106 Sed
1697 2066 1747 2105 ad
1778 2065 1821 2105 id
1852 2069 2000 2113 totum,

200 2144 235 2170 ³0
250 2133 299 2175 de
331 2146 413 2188 quo
445 2131 685 2178 disseritur,
719 2138 805 2172 tum
836 2128 1019 2171 definitio
1051 2129 1292 2175 adhibetur,
1326 2142 1430 2182 quae
1462 2127 1576 2183 quasi
1597 2127 1828 2168 involutum
1851 2126 2006 2168 evolvit

249 2196 314 2244 id,
349 2198 398 2237 de
429 2209 509 2250 quo
542 2196 785 2250 quaeritur3
831 2193 920 2234 eius
951 2192 1181 2246 argumenti
1219 2190 1308 2231 talis
1348 2195 1409 2231 est
1438 2189 1636 2231 formula:
1687 2191 1755 2231 Ius
1787 2188 1910 2230 civile
1942 2193 2004 2231 est

249 2258 431 2313 aequitas
461 2257 681 2299 constituta
712 2258 782 2303 iis,
828 2257 898 2310 qui
931 2254 1114 2295 eiusdem
1147 2253 1320 2294 civitatis
1351 2258 1466 2301 sunt,
1513 2252 1566 2293 ad
1596 2266 1661 2293 res
1693 2266 1786 2294 suas
1818 2253 2006 2293 obtinen-

250 2321 344 2370 das3
379 2320 465 2362 eius
496 2326 632 2362 autem
664 2318 880 2374 aequitatis
912 2317 1022 2358 utilis
1054 2316 1233 2370 cognitio
1258 2321 1341 2356 est:
1375 2315 1486 2356 utilis
1518 2329 1619 2368 ergo
1652 2320 1713 2355 est
1741 2314 1843 2356 iuris
1874 2314 2005 2356 civilis

251 2384 445 2433 scientia3
496 2385 561 2424 10.
604 2388 689 2422 tum
722 2380 897 2436 partium
935 2382 1216 2423 enumeratio,
1264 2392 1370 2434 quae
1410 2383 1607 2419 tractatur
1647 2380 1725 2419 hoc
1764 2379 1912 2419 modo:
1961 2377 2004 2419 Si

202 2456 235 2482 ³⁵
252 2460 384 2501 neque
416 2460 539 2486 censu
569 2459 645 2486 nee
667 2444 844 2485 vindicta
867 2457 942 2484 nec
974 2448 1219 2483 testamento
1252 2440 1358 2482 liber
1389 2440 1519 2482 factus
1551 2446 1636 2489 est,
1670 2454 1754 2481 non
1782 2445 1843 2481 est
1871 2438 2002 2489 liber3

251 2522 383 2564 neque
414 2507 495 2548 ulla
526 2513 587 2548 est
617 2521 758 2548 earum
790 2519 954 2547 rerum:
1004 2518 1088 2546 non
1119 2511 1180 2545 est
1210 2504 1338 2558 igitur
1367 2504 1504 2553 liber3
1558 2510 1643 2545 tum
1683 2503 1862 2550 notatio,
1912 2515 2006 2543 cum

254 2586 306 2612 ex
335 2569 451 2611 verbi
480 2571 520 2611 vi
550 2574 838 2623 argumentum
871 2567 1039 2623 aliquod
1071 2566 1254 2615 elicitur,
1287 2569 1367 2608 hoc
1397 2569 1548 2607 modo:
1605 2567 1705 2606 Cum
1737 2564 1803 2605 lex
1835 2563 2003 2605 assiduo

252 2634 457 2674 vindicem
479 2632 687 2674 assiduum
711 2646 800 2673 esse
822 2630 983 2678 iubeat,
1016 2631 1266 2684 locupletem
1286 2631 1402 2670 iubet
1429 2629 1648 2682 locupleti;
1681 2627 1864 2682 locuples
1895 2627 2005 2668 enim

345 2786 378 2818 5.
404 2786 540 2826 quidem
565 2785 602 2817 id
627 2785 677 2816 ab
694 2785 741 2816 cs
764 2789 796 2817 et
822 2785 937 2816 Valla:
973 2784 1009 2814 id
1036 2784 1172 2823 quidem
1198 2783 1262 2814 dE.
1307 2800 1341 2804 —
1387 2784 1444 2815 15.
1472 2779 1716 2824 διαλεκτικὴν
1743 2799 1754 2806 ·
1781 2797 1794 2803 ·
1820 2779 1959 2824 τοπικὴ
1988 2789 2006 2812 e

257 2833 421 2864 librorum
449 2835 620 2872 vestigiis:
651 2832 852 2863 dialecticen
877 2849 890 2854 -
914 2848 928 2854 -
953 2831 1062 2870 topice
1089 2839 1164 2861 cum
1193 2831 1287 2862 libris
1315 2831 1487 2870 plerisque
1508 2830 1548 2860 Ε.
1579 2846 1618 2851 -
1647 2831 1701 2860 16.
1731 2828 1928 2860 inveniendi
1953 2827 2006 2859 ad

258 2879 323 2913 fe,
351 2880 376 2910 B
396 2890 435 2923 (ιε
464 2878 661 2910 inveniendi
686 2888 765 2909 vero
792 2878 863 2911 bE,
891 2877 1090 2908 inveniendi
1116 2882 1229 2908 autem
1257 2886 1285 2908 c.
1316 2895 1351 2900 —
1382 2886 1468 2917 quae
1493 2880 1523 2906 et
1549 2876 1595 2906 ad
1621 2875 1738 2907 abed
1757 2884 1796 2909 e,
1827 2874 1876 2905 B:
1905 2883 2008 2914 quae-

259 2934 319 2965 que
345 2926 391 2955 acl
416 2926 477 2957 ΓΕ.
507 2943 547 2948 —-
589 2926 642 2957 22.
673 2934 730 2957 eae
755 2925 819 2956 as:
848 2925 912 2955 hae
939 2924 963 2955 E
993 2932 1070 2955 cum
1101 2927 1223 2956 ceteris
1251 2926 1376 2955 nostris
1404 2928 1541 2961 praeter
1567 2924 1609 2959 d,
1638 2925 1696 2962 qui
1724 2922 1828 2953 habet
1855 2929 1914 2952 eae
1938 2930 2007 2952 res.

263 2987 299 2992 —
328 2972 383 3002 24.
411 2973 602 3003 orationem
628 2972 647 3002 b
667 2981 708 3009 c,
754 2971 839 3003 cod.
880 2971 1047 3002 Einsicdl.
1086 2970 1244 3002 Boethii:
1288 2972 1461 3001 rationem
1490 2970 1514 3000 E
1543 2979 1621 3000 curn
1649 2971 1771 3001 ceteris
1797 2970 1935 2999 nostris.
1965 2984 2003 2990 -

261 3017 315 3047 25.
336 3018 377 3047 iis
395 3016 484 3057 (hiis)
504 3027 521 3049 a
538 3019 578 3049 d:
608 3019 660 3049 his
680 3019 703 3049 E
723 3027 800 3049 cum
821 3021 900 3050 cett.
922 3020 1058 3048 nostris.
1080 3035 1123 3038 —
1148 3017 1205 3048 27.
1233 3019 1274 3048 iis
1292 3018 1333 3047 d:
1361 3018 1409 3047 Itis
1430 3017 1454 3047 E
1475 3024 1551 3047 cum
1573 3020 1652 3048 cett.
1674 3025 1708 3047 n.
1733 3032 1769 3038 -
1798 3014 1855 3045 29.
1875 3015 2007 3045 ducun-

262 3068 319 3094 tm·
346 3064 526 3095 Ascensius
545 3088 553 3101 ‚
582 3065 795 3097 Lambinus:
841 3064 1002 3095 dicuntur
1030 3065 1053 3094 E
1082 3072 1159 3095 cum
1188 3064 1298 3095 Codd.
1328 3066 1429 3094 notis.
1469 3079 1509 3084 —
1551 3062 1608 3094 33.
1638 3062 1787 3104 coqnitio
1813 3065 1861 3092 est
1887 3060 2007 3092 abed

264 3113 296 3140 et
324 3116 409 3140 corr·
437 3110 467 3146 s,
496 3111 609 3148 Valla,
639 3113 722 3143 BV:
763 3116 810 3142 est
835 3112 983 3152 coquitio
1009 3111 1068 3142 NE
1087 3133 1095 3146 .
1134 3112 1286 3150 cognitio
1314 3118 1365 3147 pr.
1395 3109 1416 3140 s.
1450 3124 1483 3129 —
1529 3118 1609 3149 erqo
1635 3114 1682 3140 est
1708 3107 1871 3144 abces,
1899 3107 2006 3145 Valla,

263 3155 341 3186 BV:
371 3160 417 3185 est
436 3165 514 3195 eryo
535 3158 553 3187 d
569 3158 608 3188 E.
628 3174 666 3180 —
693 3158 749 3189 35.
769 3167 828 3189 nec
846 3158 940 3188 vind.
963 3166 980 3189 a
997 3166 1013 3188 c
1029 3158 1048 3188 (1
1067 3157 1182 3188 Valla:
1209 3166 1318 3196 neque
1336 3165 1368 3188 v.
1385 3156 1405 3187 1)
1421 3165 1438 3187 e
1454 3156 1518 3187 sE.
1533 3172 1576 3178 -—
1597 3155 1654 3187 36.
1683 3155 1756 3186 ulla
1774 3157 1822 3185 est
1845 3162 1864 3184 a
1878 3153 1956 3184 bed
1971 3153 2005 3187 l',

263 3201 384 3235 Valla.
414 3206 460 3232 est
485 3203 555 3233 ulla
583 3204 650 3234 eE.
692 3221 733 3226 —
772 3204 829 3235 37.
858 3205 952 3236 verbi
977 3205 1012 3234 υἱ
1038 3213 1054 3235 a
1072 3203 1204 3240 bedf.
1233 3204 1349 3240 Valla,
1377 3203 1459 3233 BV:
1499 3203 1535 3232 υἱ
1561 3203 1654 3233 verbi
1682 3202 1782 3233 eNE.
1811 3216 1854 3221 --
1892 3200 1948 3230 lex
1973 3207 2005 3235 3,

263 3248 340 3279 BU:
383 3248 437 3278 lea:
461 3247 559 3279 Aelia
585 3249 704 3282 Sentia
730 3250 818 3282 bes.
846 3251 932 3282 Item
954 3251 1001 3288 E,
1030 3251 1091 3282 sed
1119 3250 1259 3282 seclusis
1287 3259 1339 3282 vv.
1359 3250 1456 3281 Aelia
1481 3248 1627 3279 sentia.-
1665 3249 1732 3278 elia
1755 3248 1866 3279 sentia
1892 3245 1946 3276 lex
1963 3245 2004 3284 d;

264 3303 282 3327 e
308 3294 454 3326 Boethio
481 3300 622 3334 apparet
647 3298 926 3338 antiquissimum
952 3306 1027 3330 esse
1053 3298 1233 3338 glossema.
1263 3296 1332 3329 Crr.
1360 3296 1508 3328 Dirksen
1535 3295 1616 3327 XII.
1647 3294 1769 3336 Taseln
1794 3302 1828 3333 p.
1858 3292 1937 3324 160.
