2117 3762
276 267 331 309 24
886 262 954 305 AD
993 262 1299 307 HERENNIUM

276 371 652 419 confirmationem,
678 370 1011 415 exornationem,
1033 369 1380 424 complexionem.
1439 373 1672 428 Propositio
1696 378 1780 422 est,
1807 388 1882 430 per
1902 390 2024 432 quam

276 437 531 478 ostendimus
554 434 786 475 summatim
802 464 812 480 ,
846 432 943 485 quid
962 432 1033 476 sit,
1066 433 1178 486 quod
1199 435 1375 486 probare
1397 434 1603 476 volumus.
1665 438 1781 477 Ratio
1805 443 1866 478 est
1886 452 2020 489 causa,

275 512 381 552 quae
413 500 667 538 demonstrat
697 509 840 535 verum
873 508 962 534 esse
998 494 1066 541 id,
1115 496 1227 554 quod
1268 494 1539 544 intendimus,
1589 499 1704 538 brevi
1748 497 2019 542 subiectione.

274 561 458 601 Rationis
489 558 741 599 confirmatio
773 561 835 596 est
865 568 911 596 ea
927 586 936 602 ‚
970 567 1077 609 quae
1097 553 1284 609 pluribus
1305 560 1555 610 argumentis
1577 558 1821 601 corroborat
1841 564 2025 604 breviter

245 623 503 676 ⁵expositam
550 622 766 661 rationem.
827 619 1054 659 Exornatio
1101 622 1185 665 est,
1235 632 1314 673 qua
1356 621 1512 662 utimur
1554 623 1617 662 rei
1663 624 1944 665 honestandae
1984 631 2025 666 et

274 683 649 738 collocupletandae
670 695 814 729 causa,
848 680 1086 722 confirmata
1107 683 1477 733 argumentatione.
1535 685 1776 739 Complexio
1801 693 1884 735 est,
1918 701 2022 742 quae

273 745 479 787 concludit
507 743 712 791 breviter,
756 743 953 795 colligens
983 749 1120 796 partes
1152 746 1533 797 argumentationis.
1595 749 1718 789 Hisce
1749 750 1875 802 igitur
1905 750 2024 805 quin-

273 822 352 862 que
383 805 565 861 partibus
596 811 640 845 ut
669 805 976 846 absolutissime
1006 811 1191 852 utamur,
1233 807 1315 846 hoc
1351 809 1476 848 modo
1507 812 1774 852 tractabimus
1806 825 2024 865 argumen-

271 871 482 909 tationem.
545 868 657 908 XlX.
707 868 881 908 Causam
929 869 1195 908 ostendemus
1242 868 1347 909 Ulixi
1392 868 1542 919 fuisse,
1596 887 1721 927 quare
1768 874 2024 915 interfecerit

220 934 459 979 noAiacem3
510 929 721 970 inimicum
758 931 867 970 enim
913 931 1163 970 acerrimum
1204 932 1254 970 de
1299 933 1437 972 medio
1467 933 1611 975 tollere
1642 935 1832 985 volebat,
1884 951 1907 978 a
1938 951 2019 992 quo

270 992 345 1034 sibi
377 1007 459 1034 non
490 994 636 1033 iniuria
667 1007 873 1033 summum
902 992 1134 1048 periculum
1166 991 1391 1034 metuebat.
1452 996 1629 1036 Videbat
1659 997 1728 1039 illo
1760 999 1954 1040 incolumi
1977 1014 2020 1040 se

268 1055 517 1096 incolumem
548 1069 631 1095 non
660 1054 870 1104 suturum3
919 1054 1111 1110 sperabat
1139 1055 1248 1096 illius
1286 1062 1420 1097 morte
1461 1071 1504 1097 se
1545 1058 1714 1100 salutem
1748 1060 1825 1101 sibi
1856 1075 2022 1117 compa-

267 1131 384 1165 rare;
432 1124 726 1165 consueverat,
776 1119 809 1157 si
840 1119 927 1158 iure
959 1132 1045 1158 11011
1075 1123 1258 1172 poterat,
1291 1120 1440 1159 iniuria
1471 1121 1616 1174 quavis
1645 1122 1813 1163 inimico
1846 1125 2019 1165 exitium

267 1180 516 1228 machinari,
571 1181 636 1221 cui
675 1182 735 1221 rei
775 1194 886 1220 mors
921 1181 1090 1234 indigna
1118 1180 1348 1222 Palamedis
1380 1183 1663 1223 testimonium
1695 1186 1777 1225 dat.
1839 1188 1947 1239 Ergo
1980 1192 2022 1227 et

216 1252 251 1276 1⁵
267 1248 400 1283 metus
430 1242 603 1297 periculi
633 1241 877 1284 hortabatur
908 1257 1003 1283 eum
1033 1243 1298 1292 interimere,
1340 1258 1360 1284 a
1383 1259 1464 1299 quo
1497 1246 1742 1300 supplicium
1772 1247 2016 1298 verebatur3

267 1310 307 1344 et
345 1309 600 1346 consuetudo
646 1304 843 1360 peccandi
890 1304 1081 1345 maleficii
1126 1307 1377 1360 suscipiendi
1416 1307 1659 1348 removebat
1700 1308 2016 1351 dubitationem.

265 1368 333 1406 29.
368 1368 521 1408 Omnes
554 1369 663 1408 enim
696 1382 788 1408 cum
819 1369 989 1408 minima
1019 1374 1186 1422 peccata
1218 1382 1310 1409 cum
1343 1384 1464 1410 causa
1495 1372 1743 1426 suscipiunt,
1790 1377 1875 1412 tum
1917 1385 2018 1413 vero

264 1427 351 1476 illa,
403 1444 507 1484 quae
547 1429 675 1470 multo
715 1432 893 1471 maxima
932 1436 1028 1471 sunt
1056 1429 1276 1479 maleficia,
1330 1431 1467 1487 aliquo
1501 1438 1613 1473 certo
1646 1432 1926 1474 emolumento
1958 1435 2021 1474 in-

265 1490 375 1532 ducti
406 1493 613 1546 suscipere
644 1498 860 1533 conantur.
923 1493 965 1532 Si
996 1493 1147 1534 multos
1177 1494 1341 1534 induxit
1369 1495 1410 1534 111
1442 1500 1656 1546 peccatum
1685 1498 1884 1550 pecuniae
1907 1510 2015 1551 speS‚

214 1563 251 1591 20
265 1556 297 1595 si
330 1555 561 1610 complures
591 1554 746 1596 scelere
778 1570 821 1595 se
853 1558 1185 1597 contaminarunt
1212 1558 1376 1611 imperii
1418 1557 1662 1611 cupiditate,
1715 1560 1748 1598 si
1780 1559 1895 1600 multi
1926 1559 2018 1600 leve

265 1619 553 1671 compendium
584 1616 728 1658 fraude
760 1618 940 1657 maxima
971 1625 1300 1667 commutarunt,
1333 1620 1397 1659 cui
1429 1620 1579 1660 mirum
1612 1619 1819 1662 videbitur
1849 1624 1970 1663 istum
1996 1636 2019 1663 a

263 1678 466 1720 maleficio
498 1685 666 1734 propter
696 1680 940 1719 acerrimam
971 1679 1238 1721 formidinem
1269 1696 1353 1721 non
1384 1686 1667 1736 temperasse?
1707 1684 1850 1725 Virum
1882 1685 2020 1725 {ortis-

263 1743 434 1789 simum,
468 1743 805 1795 integerrimum,
839 1744 1149 1784 inimicitiarum
1181 1746 1643 1799 persequentissimum,
1674 1746 1823 1788 iniuria
1854 1747 2020 1788 lacessi-

262 1811 374 1853 tum,
424 1806 485 1846 ira
531 1806 825 1846 exsuscitatum
868 1807 996 1847 homo
1042 1808 1234 1856 timidus,
1285 1822 1458 1853 nocens,
1510 1809 1699 1848 conscius
1740 1811 1802 1850 sui
1840 1811 2015 1864 peccati,

211 1881 247 1906 25
262 1869 506 1917 insidiosus,
553 1868 811 1919 *l-inimicum
850 1868 1101 1910 incolumem
1141 1884 1230 1910 esse
1262 1870 1412 1918 110luit;
1463 1871 1527 1910 cui
1560 1870 1724 1911 tandem
1755 1873 1836 1912 hoc
1868 1874 2017 1913 mirum

259 1929 495 1971 videbitur?
545 1933 645 1972 Nam
686 1945 779 1973 cum
817 1931 928 1973 seras
968 1930 1119 1973 bestias
1149 1934 1363 1974 videamus
1394 1932 1548 1973 alacres
1580 1938 1620 1973 et
1650 1939 1807 1974 erectas
1836 1934 2012 1983 vadere,

259 1998 306 2033 ut
335 1993 450 2034 alteri
482 1995 637 2034 bestiae
677 2000 876 2044 noceant,
929 2010 1014 2036 non
1046 2001 1107 2036 est
1136 1995 1378 2036 incredibile
1419 1997 1646 2050 putandum
1690 1997 1808 2038 istius
1848 2011 2015 2052 quoque

261 2057 443 2096 animum
474 2055 630 2104 ferum,
662 2057 872 2099 crudelem
903 2064 1025 2113 atque
1055 2059 1326 2099 inhumanum
1357 2060 1504 2113 cupide
1536 2060 1586 2099 ad
1611 2060 1767 2099 inimici
1788 2061 2014 2114 perniciem

258 2117 515 2172 profectum3
549 2121 791 2173 praesertim
822 2134 915 2161 cum
945 2122 987 2160 in
1016 2119 1161 2161 bestiis
1191 2120 1347 2162 nullam
1378 2135 1512 2176 neque
1534 2123 1687 2162 bonam
1708 2136 1844 2177 neque
1865 2121 2014 2163 malam

211 2193 246 2218 30
260 2182 462 2222 rationem
492 2181 729 2231 videamus,
770 2185 812 2223 111
842 2185 920 2224 isto
951 2185 1150 2238 plurimas
1182 2189 1222 2224 et
1252 2185 1451 2239 pessimas
1483 2184 1663 2224 rationes
1695 2198 1859 2239 semper
1887 2183 2014 2225 fuisse

259 2243 549 2297 intelligamus.
612 2248 678 2286 30.
715 2248 755 2286 Si
787 2261 887 2300 ergo
918 2247 1127 2302 pollicitus
1159 2260 1250 2287 sum
1287 2261 1353 2287 me
1388 2245 1579 2286 daturum
1605 2260 1794 2294 causam,
1843 2260 1923 2302 qua
1952 2248 2015 2287 in-

261 2309 404 2347 ductus
436 2307 572 2348 Ulixes
602 2311 823 2350 accesserit
853 2312 904 2350 ad
934 2309 1206 2358 maleficium,
1255 2315 1318 2358 et,
1367 2310 1400 2349 si
1430 2310 1740 2350 inimicitiarum
1770 2310 2013 2349 acerrimam

259 2369 460 2409 rationem
494 2376 534 2409 et
556 2371 729 2424 periculi
761 2378 917 2413 metum
947 2374 1230 2413 intercessisse
1266 2371 1570 2419 demonstravi,
1615 2386 1700 2412 non
1731 2377 1793 2412 est
1822 2369 2009 2419 dubium,

259 2433 358 2486 quin
398 2431 640 2474 confiteatur
675 2448 838 2477 causam
875 2435 1069 2477 maleficii
1098 2435 1240 2476 fuisse.
1302 2438 1410 2489 Ergo
1449 2433 1754 2475 absolutissima
1793 2439 1854 2474 est
1891 2447 2014 2486 argu-

210 2503 244 2529 ³⁵
259 2495 455 2534 mentatio
485 2509 552 2541 ea,
605 2509 708 2550 quae
740 2512 793 2538 ex
835 2499 1016 2553 quinque
1059 2497 1245 2554 partibus
1289 2503 1470 2546 constat;
1523 2498 1595 2537 sed
1636 2511 1684 2537 ea
1722 2510 1808 2537 non
1847 2508 2012 2550 semper

257 2570 429 2597 necesse
471 2562 533 2597 est
569 2559 643 2598 uti.
705 2562 807 2600 Tum
851 2559 989 2614 [enim]
1033 2561 1323 2615 complexione
1360 2557 1714 2614 supersedendum
1751 2563 1832 2605 est,
1876 2559 1910 2597 si
1944 2571 2010 2597 res

256 2616 395 2659 brevis
422 2624 503 2666 est,
545 2625 590 2660 ut
618 2620 736 2662 facile
768 2624 968 2664 memoria
1005 2622 1400 2678 comprehendatur3
1448 2627 1536 2662 tum
1574 2621 1790 2661 exornatio
1827 2625 2011 2674 praeter-

258 2683 456 2723 mittenda
491 2687 577 2732 est,
629 2685 662 2724 si
693 2697 837 2738 parum
871 2685 1056 2740 locuples
1093 2687 1143 2726 ad
1184 2683 1515 2740 amplificandum
1551 2688 1591 2724 et
1623 2681 1910 2723 exornandum
1942 2696 2009 2722 res

257 2745 420 2784 videtur
446 2759 551 2786 esse.
614 2747 685 2786 Sin
721 2752 761 2787 et
787 2746 924 2788 brevis
950 2749 1027 2789 erit
1055 2747 1355 2802 argumentatio
1386 2752 1427 2787 et
1451 2761 1517 2787 res
1552 2746 1687 2786 tenuis
1720 2750 1789 2785 aut
1823 2744 2006 2793 humilis,

208 2814 244 2839 0⁰
261 2810 343 2847 tum
372 2812 412 2847 et
440 2809 712 2849 exornatione
746 2815 785 2850 et
818 2810 1107 2865 complexione
1141 2808 1495 2865 supersedendum
1523 2813 1596 2849 est.
1657 2809 1703 2847 In
1739 2808 1851 2847 omni
1889 2820 2010 2859 argu-

258 2870 507 2910 mentatione
537 2872 587 2911 de
615 2869 772 2912 duabus
807 2871 989 2926 partibus
1015 2874 1235 2927 postremis
1260 2874 1387 2920 haec,
1421 2885 1543 2926 quam
1579 2870 1775 2925 exposui,
1808 2870 1910 2910 ratio
1947 2873 2010 2910 est

347 2975 380 3006 2.
407 2978 552 3014 probari
577 2978 653 3017 PB,
679 2980 803 3019 propri
821 2980 865 3019 F,
907 2981 1019 3011 dicere
1037 2980 1077 3011 T.
1110 2996 1146 3001 -
1175 2981 1208 3011 5.
1236 2985 1267 3012 et
1293 2981 1374 3018 (sic,
1414 2988 1483 3010 non
1504 2982 1542 3008 ut
1567 2977 1622 3009 alii
1651 2979 1684 3008 in
1714 2976 1834 3008 eadem
1863 2986 1933 3008 var.
1954 2979 2007 3007 at-

256 3020 354 3060 ηυδε)
381 3022 638 3061 locupletandae
663 3026 692 3056 R
718 3027 823 3057 solus.
875 3026 944 3057 Cl'r.
975 3027 1012 3058 C.
1044 3027 1099 3058 29.
1131 3044 1168 3049 —-
1197 3027 1229 3058 9.
1262 3028 1354 3058 Ulixi
1381 3026 1488 3057 Codd.
1511 3026 1641 3056 nostri:
1673 3024 1785 3064 Ulyssi
1813 3024 1851 3054 E.
1881 3039 1920 3044 —-
1947 3024 2003 3054 10.

257 3068 377 3098 aiacem
394 3068 432 3099 P.
456 3085 490 3090 —
520 3071 574 3101 11.
602 3081 673 3102 non
692 3074 859 3105 *iniuriam
877 3074 936 3104 sed
953 3082 1121 3105 summum
1139 3073 1240 3104 AFT.
1263 3090 1302 3095 --
1331 3072 1386 3104 13.
1414 3072 1550 3103 iniuria
1568 3072 1690 3111 quavis
1710 3072 1850 3101 inimico
1868 3069 2002 3100 PAFn:

256 3115 378 3153 quavis
402 3116 534 3146 iniuria
557 3119 695 3150 inimico
722 3120 771 3157 E,
809 3122 948 3151 inimico
981 3121 1114 3151 iniuria
1144 3121 1268 3159 quavis
1293 3120 1340 3156 B,
1382 3120 1516 3149 iniuria
1541 3119 1700 3159 quamvis
1726 3118 1866 3147 inimico
1893 3116 1934 3146 T.
1963 3131 2005 3137 —

256 3160 312 3190 17·
340 3162 529 3201 suscipiant
567 3164 664 3195 AFT-
691 3182 735 3186 —
776 3167 831 3197 18.
859 3167 989 3198 inducti
1024 3166 1221 3202 PABFRT,
1257 3167 1304 3197 L:
1344 3166 1439 3197 ducti
1470 3165 1508 3195 E.
1548 3181 1586 3186 —-
1628 3165 1684 3195 20.
1717 3163 2005 3195 contaminarunt

255 3205 424 3237 PAFRT:
453 3211 777 3242 contaminaverunt
801 3214 871 3244 BE.
903 3231 939 3237 -
969 3213 1025 3244 24.
1053 3214 1243 3244 excitatum
1268 3213 1294 3243 B
1321 3217 1354 3244 et
1381 3221 1468 3243 corr.
1494 3212 1541 3249 T,
1570 3212 1613 3245 L,
1643 3210 1766 3243 Graev.
1790 3226 1826 3231 ——
1855 3209 1910 3240 25.
1938 3211 2003 3240 ini-

254 3253 392 3291 micum]
420 3253 476 3285 Sic
503 3255 610 3286 Codd.
639 3260 729 3296 noti,
771 3264 956 3299 corrupte:
1001 3260 1052 3291 vel
1079 3260 1145 3291 del.
1174 3264 1316 3291 auctore
1343 3258 1488 3291 Graevio
1519 3259 1570 3290 vel
1604 3258 1707 3289 scrib.
1736 3257 1895 3287 inimicus
1922 3263 2001 3287 011111

256 3298 441 3330 Gulielmio
469 3306 501 3332 et
527 3301 605 3333 Sch.
636 3319 674 3325 —
713 3304 768 3336 32.
799 3307 910 3337 L'lioees
937 3307 1136 3338 PABFRT:
1175 3307 1305 3346 Ulysses
1332 3306 1371 3337 E.
1404 3323 1441 3329 —
1481 3304 1537 3337 37.
1567 3305 1677 3336 Codd.
1708 3305 1813 3335 nostri
1839 3301 2000 3340 turbant3

255 3346 291 3376 iu
317 3355 358 3378 eo
385 3350 498 3379 tamen
524 3352 749 3381 consentiunt
775 3351 939 3393 PABFT,
966 3357 1004 3385 ut
1030 3356 1118 3386 enim
1146 3356 1326 3392 omittant,
1355 3353 1518 3392 quocirca
1546 3352 1766 3385 seclusimus.
