2117 3762
817 261 916 301 LlB.
949 259 982 299 Ι.
1044 260 1084 301 C.
1116 259 1153 300 8.
1185 260 1223 299 0.
1817 260 1893 300 179

148 370 239 425 quis
268 370 346 409 hoc
376 381 457 409 non
488 367 576 408 iure
606 365 778 406 miretur
808 378 1048 419 summeque
1080 368 1119 406 in
1151 381 1200 407 eo
1234 363 1528 407 elaborandum
1551 376 1640 404 esse
1661 365 1889 414 arbitretur,

147 438 214 479 ut,
256 445 338 486 qno
369 445 452 471 uno
485 432 672 470 homines
704 428 880 469 maxime
913 429 1052 469 bestiis·
1084 434 1311 484 praestent,
1353 429 1392 468 in
1423 426 1501 468 hoc
1532 425 1766 466 hominibus
1798 427 1895 481 ipsis

146 495 387 536 antecellat?
439 496 485 535 Ut
526 508 623 534 vero
668 492 746 533 iam
790 491 839 532 ad
871 492 938 532 illa
969 506 1125 532 summa
1155 491 1385 538 veniamus,
1433 502 1537 543 quae
1568 489 1629 529 vis
1660 487 1736 528 alia
1765 490 1898 544 potuit

147 565 215 598 aut
247 557 458 612 dispersos
484 555 671 597 homines
702 569 828 596 unum
862 554 900 595 in
940 555 1074 596 locum
1113 567 1365 607 congregare
1397 558 1466 593 aut
1495 565 1516 593 a
1547 550 1633 592 sera
1663 551 1897 605 agrestique

148 620 230 660 vita
271 622 320 660 ad
363 622 467 660 bunc
509 621 730 659 humanum
764 617 914 658 cultum
948 617 1191 671 civilemque
1223 617 1429 657 deducere
1460 620 1528 655 aut
1558 613 1638 654 iam
1668 613 1927 654 constitutis⁵

147 681 377 723 civitatibus
408 682 541 735 leges.
573 679 747 726 iudicia,
788 679 874 721 iura
907 679 1175 720 describere?
1226 681 1292 719 Ἠ.
1324 682 1379 719 Ac
1411 693 1460 718 ne
1493 676 1628 732 plura,
1669 689 1774 730 quae
1805 681 1899 716 sunt

146 758 278 800 paene
309 741 644 789 innumerabilia,
676 749 916 790 consecter,
950 742 1297 797 eomprehendam
1330 740 1470 781 brevi:
1518 739 1576 780 sic
1606 738 1713 780 enim
1745 744 1897 785 statuo,

148 807 318 860 perfecti
358 805 533 846 oratoris
573 804 857 846 moderatione
900 811 940 845 et
980 804 1178 859 sapientia
1220 817 1303 843 non
1335 804 1468 843 solum
1500 801 1629 855 ipsius
1660 801 1899 855 dignitatem

147 871 219 910 sed
251 874 291 909 et
320 868 573 923 privatorum
604 867 880 922 plurimorum
913 873 953 909 et
983 867 1201 909 universae
1231 865 1292 906 rei
1313 863 1502 918 publicae
1525 863 1697 905 salutem
1720 863 1899 903 maxime

146 929 363 972 contineri.
423 928 705 979 Quamobrem
748 930 928 985 pergite,
977 936 1020 972 ut
1055 929 1212 977 facitis,
1259 927 1566 976 adolescentes;
1617 932 1737 982 atque
1776 926 1818 967 in
1857 924 1899 967 id
1915 939 1949 964 10

146 992 346 1036 studium.
388 992 430 1033 in
461 1005 543 1046 quo
577 994 695 1041 estis,
737 993 983 1039 incumbite,
1024 998 1069 1034 ut
1099 997 1139 1033 et
1167 992 1287 1033 vobis
1318 989 1467 1030 honori
1498 994 1538 1030 et
1567 988 1705 1030 amicis
1734 987 1900 1030 utilitati

146 1061 186 1097 et
214 1057 275 1097 rei
305 1055 493 1110 publicae
524 1055 802 1096 emolumento
837 1069 925 1096 esse
955 1055 1135 1109 possitis.
1198 1055 1270 1093 IX.
1305 1054 1372 1093 35.
1416 1054 1518 1093 Tum
1552 1050 1746 1092 Scaevola
1775 1050 1902 1092 comi-

145 1123 231 1166 ter,
275 1124 320 1158 ut
352 1116 532 1163 solebat,
574 1118 740 1164 Cetera,
782 1117 933 1173 inquit,
976 1119 1177 1159 assentior
1208 1116 1376 1162 Crasso,
1424 1127 1475 1154 ne
1505 1120 1573 1154 aut
1604 1117 1653 1155 de
1685 1114 1729 1154 C.
1753 1112 1899 1161 Laelii,

145 1179 281 1222 soceri
310 1179 392 1221 mei
422 1186 490 1220 aut
519 1179 569 1220 de
600 1180 720 1221 huius
780 1181 922 1233 generi
967 1185 1037 1221 aut
1081 1184 1167 1220 arte
1198 1183 1267 1219 aut
1296 1176 1426 1231 gloria
1459 1176 1695 1226 detraham3
1733 1178 1804 1217 sed
1834 1175 1902 1217 illa

147 1244 254 1291 duo,
289 1243 452 1289 Crasse,
485 1257 655 1290 vereor,
688 1249 732 1284 ut
763 1242 838 1283 tibi
869 1246 1024 1296 possim
1056 1243 1306 1283 concedere:
1357 1253 1509 1288 unum,
1544 1238 1654 1294 quod
1684 1241 1734 1280 ab
1765 1243 1950 1279 orato-15

144 1304 261 1346 ribus
304 1305 487 1346 civitates
527 1311 566 1346 et
606 1305 724 1346 initio
765 1307 1006 1346 constitutas
1052 1310 1092 1346 et
1136 1317 1259 1358 saepe
1302 1307 1568 1344 conservatas
1613 1315 1702 1342 esse
1743 1301 1900 1349 dixisti,

146 1367 318 1408 alterum
331 1368 350 1416 ,'
377 1367 508 1423 quod,
541 1375 705 1409 remoto
736 1367 851 1416 foro,
886 1368 1098 1416 contione,
1133 1364 1322 1414 iudiciis,
1356 1370 1523 1413 senatu,
1560 1362 1735 1405 statuisti
1766 1368 1902 1404 orato-

145 1442 234 1471 rem
265 1431 307 1470 in
339 1429 451 1470 omni
482 1444 633 1483 genere
664 1430 868 1471 sermonis
901 1435 942 1471 et
971 1428 1235 1471 humanitatis
1266 1440 1356 1468 esse
1394 1426 1639 1480 perfeetum.
1700 1428 1766 1467 36.
1799 1425 1901 1476 Quis

146 1492 257 1533 enim
303 1491 374 1533 tibi
418 1495 499 1534 hoc
543 1493 815 1540 concesserit,
867 1499 935 1534 aut
973 1493 1091 1534 initio
1133 1505 1262 1546 genus
1301 1489 1516 1531 hominum
1546 1489 1588 1530 in
1617 1487 1825 1530 montibus
1855 1502 1904 1529 ac

147 1555 256 1597 silvis
288 1555 529 1610 dissipatum
559 1569 642 1596 non
673 1555 942 1608 prudentium
974 1554 1155 1597 consiliis
1186 1551 1444 1605 compulsum
1469 1554 1607 1605 potius
1629 1565 1752 1605 quam
1774 1553 1903 1592 diser·
1916 1563 1952 1588 20

147 1623 282 1659 torum
322 1620 509 1659 oratione
548 1618 775 1659 delenitum
815 1632 858 1659 se
897 1617 1061 1673 oppidis
1090 1614 1391 1669 moenibusque
1424 1614 1652 1669 saepsisse?
1702 1620 1772 1656 aut
1800 1627 1919 1663 vero>

146 1681 329 1735 reliquas
360 1680 556 1722 utilitates
587 1687 656 1722 aut
685 1683 725 1722 in
754 1680 1049 1722 constituendis
1079 1685 1150 1721 aut
1177 1680 1220 1720 in
1252 1677 1545 1719 conservandis
1567 1676 1800 1718 civitatibus
1820 1691 1903 1718 non

147 1757 170 1784 a
200 1742 452 1798 sapientibus
483 1749 523 1784 et
551 1742 727 1784 fortibus
758 1743 856 1784 viris
887 1745 959 1785 sed
1001 1757 1025 1784 a
1070 1742 1233 1784 disertis
1278 1746 1504 1794 ornateque
1542 1739 1772 1781 dicentibus
1813 1752 1902 1781 esse

148 1806 413 1846 constitutas?
464 1808 532 1847 37.
573 1808 636 1846 An
675 1819 774 1847 vero
821 1808 894 1847 tibi
935 1805 1133 1847 Romulus
1172 1805 1242 1845 ille
1281 1809 1351 1844 aut
1391 1808 1578 1856 pastores
1619 1809 1660 1844 et
1696 1814 1902 1844 convenas

148 1880 422 1922 congregasse
461 1874 532 1909 aut
569 1867 817 1910 Sabinorum
856 1870 1061 1910 connubia
1098 1868 1362 1909 coniunxisse
1402 1871 1472 1907 aut
1512 1864 1782 1907 finitimorum
1817 1866 1900 1906 vim
1916 1875 1951 1901 2⁵

147 1932 393 1985 repressisse
425 1929 662 1985 eloquentia
693 1932 877 1979 videtur,
909 1944 992 1972 non
1024 1931 1197 1972 consilio
1230 1935 1270 1970 et
1290 1930 1489 1984 sapientia
1510 1929 1736 1982 singulari?
1764 1929 1900 1978 Quid?

146 1993 189 2033 in
219 1994 351 2033 Numa
379 1993 610 2046 Pompilio;
655 1994 781 2047 quid?
825 1994 867 2033 in
899 1995 1043 2035 Servio
1075 1992 1235 2041 Tullio;
1282 1991 1407 2047 quid?
1451 1992 1494 2030 in
1525 1991 1672 2032 ceteris
1705 1993 1899 2045 regibus,

148 2069 326 2110 quorum
357 2056 485 2096 multa
515 2061 610 2097 sunt
640 2057 791 2097 eximia
820 2055 871 2097 ad
903 2057 1232 2098 constituendam
1273 2068 1360 2094 rem
1398 2052 1630 2107 publicam,
1677 2069 1776 2094 num
1817 2055 1903 2094 elo-

148 2117 340 2172 quentiae
369 2119 589 2172 vestigium
622 2121 819 2173 apparet?
852 2118 990 2168 Quid?
1025 2118 1182 2160 exactis
1213 2115 1399 2170 regibus,
1436 2117 1615 2166 (tametsi
1646 2117 1776 2171 ipsam
1805 2129 1902 2157 exa-

148 2181 325 2221 ctionem
368 2187 528 2228 mente,
580 2195 665 2221 non
710 2182 850 2234 lingua
889 2180 1117 2236 perfectam
1154 2182 1202 2221 L.
1232 2179 1350 2220 Bruti
1392 2192 1482 2219 esse
1524 2178 1777 2233 cernimus‚)
1829 2179 1950 2223 sed30

148 2241 342 2297 deinceps
380 2244 519 2284 omnia
558 2257 698 2284 nonne
738 2245 862 2297 plena
903 2244 1195 2293 consiliorum,
1250 2242 1386 2283 inania
1425 2244 1649 2284 verborum
1687 2241 1900 2283 videmus?

148 2306 216 2346 38.
249 2307 337 2360 Ego
366 2319 466 2346 vero
498 2306 532 2346 si
561 2305 687 2347 velim
719 2312 758 2347 et
787 2311 953 2347 nostrae
985 2308 1159 2347 civitatis
1191 2307 1390 2361 exemplis
1410 2308 1469 2347 uti
1492 2311 1533 2346 et
1554 2307 1750 2354 aliarum,
1783 2304 1902 2358 plura

147 2366 338 2421 proferre
368 2366 523 2422 possim
554 2369 799 2410 detrimenta
829 2368 1006 2422 publicis
1037 2367 1161 2410 rebus
1192 2382 1315 2424 quam
1346 2370 1582 2409 adiumenta
1612 2382 1685 2423 per
1713 2369 1900 2409 homines

152 2428 514 2484 eloquentissimos
545 2430 794 2484 importata3
828 2433 924 2480 sed,
957 2436 1002 2471 ut
1031 2431 1191 2486 reliqua
1216 2432 1562 2484 praetermittam,
1597 2432 1778 2472 omnium
1800 2429 1901 2470 mihi

147 2492 311 2538 videor,
351 2493 558 2547 exceptis,
604 2494 774 2542 Crasse,
807 2491 926 2534 vobis
957 2492 1141 2540 duobus,
1175 2492 1537 2548 eloquentissimos
1570 2492 1733 2534 audisse
1765 2493 1826 2534 Ti.
1860 2496 1900 2532 et
1913 2507 1947 2534 ³5

151 2554 196 2596 C.
221 2555 513 2609 Sempronios,
549 2568 726 2609 quorum
757 2560 899 2609 pater,
943 2557 1070 2596 homo
1101 2557 1283 2610 prudens
1314 2562 1355 2597 et
1386 2557 1542 2611 gravis,
1580 2557 1898 2610 haudquaquam

149 2616 367 2670 eloquens,
419 2622 459 2657 et
500 2630 623 2670 saepe
666 2619 765 2658 alias
805 2623 846 2659 et
884 2619 1064 2659 maxime
1111 2632 1278 2666 censor,
1329 2618 1449 2660 saluti
1487 2619 1548 2659 rei
1583 2617 1772 2672 publicae
1808 2615 1898 2657 suit.

149 2678 284 2731 Atque
321 2679 355 2719 is
394 2693 478 2720 non
521 2686 712 2721 accurata
753 2682 930 2735 quadam
970 2682 1169 2721 orationis
1210 2680 1329 2734 copia
1368 2684 1440 2722 sed
1479 2687 1579 2721 nutu
1619 2686 1738 2735 atque
1768 2676 1896 2719 verbo

150 2739 367 2782 libertinos
399 2743 440 2783 in
470 2744 647 2784 urbanas
680 2744 810 2784 tribus
841 2744 1071 2793 transtulit3
1105 2744 1215 2799 quod
1247 2743 1323 2783 nisi
1345 2743 1532 2792 fecisset,
1566 2757 1653 2784 rem
1675 2740 1895 2796 publicam,

151 2815 276 2856 quam
304 2817 410 2844 nunc
440 2806 509 2845 vix
541 2811 749 2854 tenemus,
783 2807 864 2847 iam
897 2805 967 2848 diu
998 2806 1151 2847 nullam
1183 2807 1448 2846 haberemus.
1508 2808 1560 2846 At
1591 2819 1688 2846 vero
1718 2805 1805 2844 eius
1826 2802 1898 2843 filii
1911 2820 1948 2846 [ιο

152 2864 296 2907 diserti
338 2872 378 2908 et
418 2866 609 2909 omnibus
653 2867 718 2909 vel
763 2873 934 2909 naturae
972 2868 1038 2910 vel
1079 2869 1290 2909 doctrinae
1333 2867 1546 2923 praesidiis
1586 2868 1637 2907 ad
1678 2866 1899 2906 dicendum

150 2926 306 2983 parati,
339 2940 431 2968 cum
463 2929 667 2970 civitatem
698 2932 764 2972 vel
795 2935 965 2986 paterno
998 2930 1170 2971 consilio
1201 2931 1267 2972 vel
1286 2932 1404 2972 avitis
1425 2929 1547 2970 armis
1567 2927 1899 2970 florentissimam

245 3064 278 3097 7.
303 3074 413 3105 paene
439 3075 505 3097 om.
533 3066 577 3098 R.
607 3084 647 3090 —
685 3068 718 3100 9.
747 3073 778 3101 et
800 3071 1024 3109 privatorum
1050 3073 1080 3099 cc
1102 3068 1335 3108 plurimorum
1360 3068 1432 3099 BR.
1460 3084 1503 3089 —-
1548 3065 1601 3098 14.
1628 3067 1763 3109 yeneris
1786 3067 1830 3098 R.
1856 3082 1901 3088 -—

153 3111 209 3145 15·
235 3109 287 3152 ul]
316 3112 408 3143 haud
435 3112 459 3142 Β
476 3136 484 3148 ‚
510 3122 551 3144 ne
575 3114 617 3145 R.
649 3132 685 3137 —
715 3115 771 3147 16.
799 3119 829 3147 et
855 3116 896 3147 ab
922 3116 1024 3147 initio
1051 3116 1093 3146 R.
1126 3130 1160 3136 —
1190 3115 1247 3147 17.
1274 3117 1411 3147 senatus
1437 3113 1477 3144 B.
1497 3127 1539 3136 -
1565 3112 1622 3145 18.
1650 3114 1742 3145 omni
1767 3123 1835 3145 om.
1854 3113 1895 3144 B.

155 3174 195 3182 --
221 3160 278 3190 20.
304 3159 528 3198 prudentium
553 3169 621 3191 om.
648 3161 688 3192 B.
721 3179 757 3185 —
786 3162 844 3193 21.
871 3163 1052 3194 delinitum
1079 3163 1119 3193 R.
1150 3177 1187 3183 —
1221 3167 1259 3193 at
1284 3169 1366 3191 vero
1390 3161 1430 3192 B.
1461 3177 1495 3183 —
1536 3159 1593 3191 22.
1619 3161 1659 3190 in
1681 3161 1902 3192 instituendis

152 3205 195 3237 R.
227 3222 262 3229 —
293 3206 350 3237 23.
380 3211 565 3246 ornateque
591 3207 674 3238 BR:
711 3211 742 3240 et
767 3213 889 3239 ornate
916 3209 955 3239 Ε.
985 3224 1024 3230 -
1051 3208 1108 3239 24.
1135 3216 1216 3240 vero
1243 3217 1310 3240 om.
1339 3207 1379 3238 R.
1409 3223 1450 3229 —-
1490 3206 1547 3238 25.
1587 3207 1752 3246 coniugia
1789 3207 1830 3238 Β.
1858 3221 1898 3228 —-

153 3252 210 3283 26.
240 3252 361 3292 Quid?
388 3254 425 3283 in
451 3252 560 3284 Codd.
598 3255 708 3294 aliq.:
753 3254 843 3292 Quid
869 3256 986 3286 enim?
1021 3257 1060 3287 in
1095 3254 1196 3285 BRE.
1226 3271 1266 3277 —
1308 3254 1365 3284 27.
1397 3251 1507 3284 Tullio
1533 3253 1587 3284 R:
1633 3253 1734 3284 Tullo
1760 3253 1831 3285 BE.
1860 3268 1901 3274 —

154 3298 322 3377 28.'R”“m
343 3299 371 3330 B
397 3307 437 3331 ac
461 3299 640 3340 plerique:
681 3308 766 3332 num
799 3301 893 3343 quod
917 3301 990 3333 RE.
1030 3315 1070 3324 ——
1107 3301 1162 3333 38.
1190 3300 1287 3332 nuda
1311 3300 1384 3333 BR.
1423 3317 1458 3324 —
1504 3298 1561 3332 39.
1594 3299 1756 3332 libertino
1783 3300 1823 3331 B.
1860 3312 1900 3321 -

154 3354 194 3376 7ίῦ
251 3366 260 3376 ι
