2117 3762
303 259 357 300 34
963 260 1030 299 AD
1061 259 1366 302 HERENNIUM

303 363 458 405 criores
477 362 526 404 ad
546 362 751 418 reliquum
772 360 1102 416 persolvendum.
1160 367 1313 406 Verum
1340 369 1439 408 haec
1459 366 1594 410 futura
1616 368 1711 410 satis
1733 369 1839 420 scio;
1870 376 1910 412 te
1931 372 2039 413 enim

301 440 384 467 non
413 427 573 481 ignoro.
632 429 714 467 Nos
744 426 934 478 deinceps
964 424 1015 465 ad
1045 430 1182 467 cetera
1212 435 1433 481 praecepta
1463 435 1741 478 transeamus,
1771 437 1835 479 ut,
1865 432 1908 474 id
1930 437 2040 488 quod

300 487 567 530 libentissime
595 487 786 537 facimus,
817 493 909 528 tuae
939 487 1137 530 voluntati
1167 489 1418 533 rectissimae
1447 506 1605 535 morem
1637 508 1841 548 geramus

918 856 1416 901 RHETORICORUM

1134 950 1202 989 AD

785 1039 851 1098 C.
897 1040 1557 1098 HERENNIUM

910 1158 1108 1197 121ssssss
1139 1158 1431 1199 TERTHJS.

296 1409 328 1451 Ι.
361 1410 397 1449 1.
446 1395 533 1450 Ad
564 1419 728 1446 omnem
757 1402 991 1445 iudicialem
1031 1418 1195 1446 causam
1234 1404 1581 1460 quemadmodum
1626 1404 1870 1446 conveniret
1907 1404 2048 1447 inven-

267 1472 450 1513 ⁵tionem
490 1483 631 1511 rerum
669 1466 994 1515 accommodari,
1046 1470 1140 1509 satis
1183 1467 1458 1514 abundanter,
1508 1467 1710 1517 arbitror,
1762 1468 2048 1523 superioribus

295 1533 411 1575 libris
442 1532 781 1574 demonstratum.
838 1532 952 1572 Nunc
983 1543 1126 1570 earum
1157 1529 1360 1571 rationem
1381 1544 1522 1571 rerum
1544 1529 1908 1580 inveniendarum,
1943 1546 2048 1586 quae

295 1594 554 1652 pertinebant
593 1594 643 1635 ad
681 1606 821 1634 causas
857 1591 1141 1633 deliberativas
1182 1597 1222 1632 et
1262 1592 1628 1640 domonstrativas,
1678 1593 1719 1634 in
1758 1596 1866 1634 hunc
1895 1593 2048 1636 librum

294 1659 598 1706 transtulimus,
650 1664 694 1698 ut
724 1655 857 1697 omnis
887 1653 1123 1696 inveniendi
1152 1654 1390 1709 praeceptio
1422 1654 1496 1695 tibi
1528 1669 1651 1710 quam
1680 1655 1860 1710 primum
1890 1656 2049 1711 persol-

294 1728 474 1763 veretur.
533 1717 727 1772 Reliquae
758 1721 953 1772 quattuor
981 1721 1119 1771 partes
1151 1722 1267 1757 erant
1296 1716 1470 1758 artificii.
1530 1720 1591 1758 De
1622 1716 1753 1759 tribus
1789 1717 1977 1772 partibus
2007 1718 2050 1760 in

245 1786 372 1825 10hoc
409 1782 517 1824 libro
559 1780 758 1827 dicemus,
811 1777 1099 1833 dispositione,
1146 1779 1503 1834 pronuntiatione,
1550 1783 1763 1822 memoria.
1823 1784 1882 1822 De
1913 1781 2051 1823 elocu-

294 1847 426 1893 tione,
473 1844 567 1899 quia
596 1843 715 1897 plura
745 1841 917 1883 dicenda
947 1840 1216 1890 videbantur,
1261 1842 1304 1883 in
1345 1848 1492 1898 quarto
1531 1841 1638 1883 libro
1670 1841 1935 1884 conscribere
1965 1857 2051 1885 ma-

293 1908 465 1957 luimus;
513 1920 660 1960 quem,
705 1909 750 1946 ut
787 1904 985 1953 arbitror,
1034 1903 1110 1945 tibi
1149 1903 1302 1945 librum
1333 1905 1523 1946 celeriter
1554 1905 1788 1947 absolutum
1819 1909 2049 1954 mittemus,

294 1986 347 2012 ne
389 1968 487 2024 quid
529 1968 604 2010 tibi
643 1967 875 2009 rhetoricae
918 1966 1014 2008 artis
1056 1966 1198 2008 deesse
1229 1967 1371 2022 possit.
1430 1970 1593 2009 Interea
1624 1968 1759 2022 prima
1790 1983 1980 2024 quaeque
2011 1973 2051 2009 et

295 2032 527 2080 nobiscum,
574 2045 667 2073 cum
706 2031 839 2078 voles,
885 2036 925 2071 et
959 2029 1166 2071 interdum
1197 2029 1284 2071 sine
1315 2030 1434 2071 nobis
1467 2029 1640 2085 legendo
1671 2044 1949 2085 consequere;
1999 2044 2051 2072 ne

246 2106 281 2132 1⁵
298 2095 395 2152 quid
423 2093 649 2150 impediare
663 2126 672 2141 ,
705 2096 804 2148 quin
825 2092 876 2134 ad
896 2095 1000 2133 hanc
1020 2091 1238 2133 utilitatem
1259 2092 1417 2146 pariter
1438 2091 1653 2134 nobiscum
1677 2093 1877 2147 progredi
1897 2093 2047 2149 possis.

297 2162 413 2200 Nunc
442 2163 486 2199 tu
514 2156 578 2198 sac
607 2162 804 2197 attentum
835 2161 874 2196 te
904 2157 1126 2210 praebeas:
1172 2168 1248 2196 nos
1287 2154 1493 2209 proficisci
1523 2154 1574 2196 ad
1604 2155 1786 2197 instituta
1815 2168 2051 2210 pergemus,

408 2222 459 2262 II.
490 2223 529 2264 2.
560 2218 886 2260 Deliberationes
931 2217 1082 2270 partim
1122 2223 1216 2258 sunt
1257 2216 1482 2265 eiusmodi,
1531 2222 1577 2258 ut
1619 2224 1862 2272 quaeratur,
1910 2224 2052 2259 utrum

297 2284 435 2339 potius
464 2280 696 2324 faciendum
727 2283 796 2331 sit;
843 2279 993 2333 partim
1025 2279 1249 2327 eiusmodi,
1290 2286 1357 2328 ut,
1397 2279 1497 2334 quid
1526 2279 1787 2333 potissimum
1817 2279 2052 2321 faciendum

299 2347 369 2396 sit,
402 2345 701 2388 consideretur.
757 2346 900 2385 Utrum
932 2343 1086 2399 potius,
1118 2347 1197 2385 hoc
1218 2342 1363 2384 modo:
1394 2344 1605 2396 Karthago
1627 2341 1826 2391 tollenda,
1857 2356 1909 2383 an
1930 2341 2054 2384 relin-

248 2425 284 2450 20
300 2408 459 2464 quenda
490 2407 690 2449 videatur.
751 2406 863 2458 Quid
894 2406 1178 2460 potissimum,
1208 2408 1288 2447 hoc
1316 2410 1457 2460 pacto:
1489 2409 1533 2446 ut
1555 2404 1589 2446 si
1612 2404 1816 2446 Hannibal
1836 2403 2050 2452 consultet,

299 2486 392 2514 cum
423 2485 475 2513 ex
504 2469 618 2511 Italia
646 2468 940 2522 Karthaginem
971 2468 1210 2516 arcessitur,
1242 2482 1293 2509 an
1322 2468 1364 2509 in
1394 2467 1509 2509 Italia
1538 2472 1768 2515 remaneat,
1801 2481 1852 2508 an
1882 2470 2052 2508 domum

299 2533 460 2581 redeat,
498 2546 548 2573 an
578 2532 619 2573 in
649 2535 878 2587 Aegyptum
909 2531 1119 2585 profectus
1150 2536 1324 2585 occupet
1352 2529 1657 2572 Alexandriam.
1715 2532 1818 2571 Item
1850 2528 2054 2571 delibera-

299 2597 432 2638 tiones
462 2595 612 2649 partim
643 2594 756 2648 ipsae
786 2600 959 2647 propter
988 2608 1031 2636 se
1062 2593 1352 2635 consultandae
1384 2598 1497 2642 sunt,
1531 2598 1575 2634 ut
1596 2593 1630 2634 si
1651 2591 1852 2634 deliberet
1871 2597 2050 2640 senatus,

301 2659 484 2713 captivos
513 2656 564 2698 ab
594 2656 780 2698 hostibus
810 2657 1005 2704 redimat,
1037 2670 1087 2697 an
1107 2669 1213 2707 non;
1245 2655 1397 2710 partim
1418 2659 1593 2709 propter
1613 2654 1792 2709 aliquam
1814 2659 2053 2695 extraneam

253 2736 288 2761 25
303 2735 465 2763 eausam
498 2722 664 2762 veniunt
693 2719 735 2760 in
764 2718 1101 2761 deliberationem
1133 2726 1173 2762 et
1197 2720 1563 2768 consultationem,
1592 2724 1638 2760 ut
1659 2720 1692 2759 si
1715 2715 1916 2759 deliberet
1936 2729 2053 2758 sena-

303 2790 367 2825 tus
401 2783 442 2837 [†
454 2781 563 2824 bello
593 2780 774 2835 Italico]‚
810 2782 991 2823 solvatne
1022 2781 1181 2837 legibus
1212 2782 1470 2836 Scipionem,
1501 2787 1547 2824 ut
1576 2795 1671 2822 eum
1696 2779 1818 2822 liceat
1837 2784 1930 2820 ante
1951 2784 2053 2820 tem-

304 2860 381 2899 pus
425 2845 635 2887 consulem
675 2843 786 2895 fieri;
836 2847 984 2898 partim
1025 2850 1065 2886 et
1102 2850 1276 2899 propter
1315 2859 1358 2887 se
1400 2850 1494 2887 sunt
1532 2842 1823 2886 deliberandae
1853 2847 1894 2884 et
1923 2840 2052 2896 magis

399 2977 428 3008 1.
455 2973 635 3016 reliquum]
654 2974 817 3015 periclum
839 2975 883 3013 P,
909 2976 1097 3015 periculum
1113 2977 1211 3009 AFT.
1232 2992 1274 2999 —
1300 2978 1334 3009 2.
1354 2977 1392 3008 id
1409 2976 1503 3017 quod
1520 2975 1546 3007 B
1566 2975 1721 3015 aliique:
1750 2975 1842 3017 quod
1858 2972 2050 3006 PAFRTE.

309 3039 346 3045 —
375 3020 408 3052 3.
439 3024 644 3054 rectissimae
669 3022 860 3053 voluntatis
887 3031 936 3061 pr.
959 3022 1002 3060 P,
1031 3025 1241 3055 rectissimae
1265 3024 1439 3056 voluntati
1465 3024 1496 3054 R
1521 3028 1554 3055 et
1579 3031 1664 3054 corr.
1685 3022 1724 3053 P.
1754 3037 1793 3044 -·
1835 3022 1869 3053 5.
1897 3020 2053 3053 arbitror

307 3068 425 3100 AFRT
452 3074 484 3100 et
511 3078 560 3108 pr.
589 3069 635 3100 P:
661 3072 698 3099 ut
724 3068 880 3100 arbitror
905 3069 961 3099 BE
988 3073 1020 3101 et
1046 3078 1091 3100 rc.
1117 3078 1204 3101 corr.
1228 3071 1267 3101 P.
1298 3087 1336 3093 —
1377 3071 1409 3102 6.
1439 3070 1714 3102 demonstratum
1739 3068 1877 3100 PAFT:
1915 3068 2053 3098 demon-

307 3119 458 3146 stratum
483 3124 550 3146 esse
573 3115 620 3149 R.
648 3116 918 3147 demonstratum
943 3120 992 3147 est
1018 3115 1087 3146 BE.
1122 3133 1166 3137 -—
1203 3116 1238 3148 7.
1264 3117 1486 3156 pertinebant
1510 3117 1711 3148 PABFRT:
1733 3116 1949 3155 pertinerent
1974 3121 2052 3144 curn

307 3162 408 3193 Iunta
437 3161 485 3196 Ε,
511 3163 680 3201 pertinent
706 3162 745 3193 L.
782 3177 819 3183 —-
861 3162 894 3192 8.
922 3162 1123 3193 inveniundi
1147 3163 1186 3193 P.
1214 3164 1284 3194 Ert'.
1321 3181 1358 3186 —
1388 3164 1620 3203 praescriptio
1646 3163 1725 3201 PT,
1750 3161 1955 3202 perscriptio
1980 3159 2050 3190 AF.

311 3224 350 3230 —
378 3207 432 3239 17.
460 3208 624 3239 eiusmodi
649 3208 756 3239 PBT:
784 3209 976 3239 huiusmodi
993 3208 1126 3239 AFRE.
1167 3225 1206 3230 —
1235 3210 1290 3241 18.
1318 3211 1483 3242 eiusmodi
1499 3210 1636 3241 PAFT:
1664 3208 1858 3241 huiusmodi
1878 3206 1979 3238 BRE.
2010 3220 2051 3227 —-

309 3255 367 3285 21.
395 3263 441 3285 an
465 3254 503 3285 in
528 3253 690 3285 PABFT:
726 3255 763 3285 in
789 3255 860 3286 RE.
898 3272 939 3278 -
973 3259 1178 3294 permaneat
1203 3255 1250 3293 B,
1278 3256 1317 3287 L.
1347 3257 1444 3296 prob.
1473 3257 1565 3289 Oud.
1605 3274 1642 3280 —
1682 3256 1739 3288 26.
1771 3255 1831 3287 Vv.
1860 3253 1946 3285 bello
1980 3252 2053 3283 Ita-

311 3301 381 3378 lico¹
413 3305 597 3353 praecepta
630 3301 790 3334 videntur
826 3311 865 3334 ex
891 3310 925 3342 p.
953 3311 1027 3342 seq.
1064 3312 1094 3336 v.
1124 3302 1158 3334 2.
1193 3302 1446 3343 Requireretur
1484 3303 1568 3337 bello
1606 3303 1735 3336 Punico
1771 3301 1929 3335 secundo.
1980 3299 2052 3334 Nos

313 3355 369 3379 sec
387 3356 530 3380 usimus.
