<?xml version="1.0" encoding="UTF-8"?>
<!DOCTYPE html PUBLIC "-//W3C//DTD XHTML 1.0 Transitional//EN"
    "http://www.w3.org/TR/xhtml1/DTD/xhtml1-transitional.dtd">
<html xmlns="http://www.w3.org/1999/xhtml" xml:lang="en" lang="en">
 <head>
  <title>
</title>
<meta http-equiv="Content-Type" content="text/html;charset=utf-8" />
  <meta name='ocr-system' content='tesseract 3.04.00' />
  <meta name='ocr-capabilities' content='ocr_page ocr_carea ocr_par ocr_line ocrx_word'/>
</head>
<body>
  <div class='ocr_page' id='page_1' title='image "./operaquaesupersu01ciceuoft/operaquaesupersu01ciceuoft_0518.png"; bbox 0 0 2117 3762; ppageno 0'>
   <div class='ocr_carea' id='block_1_1' title="bbox 221 178 1502 231">
    <p class='ocr_par' dir='ltr' id='par_1_1' title="bbox 221 178 1502 231">
     <span class='ocr_line' id='line_1_1' title="bbox 221 178 1502 231; baseline -0.005 -1"><span class='ocrx_word' id='word_1_1' title='bbox 221 189 302 231; x_wconf 87' lang='lat'><strong>506</strong></span> <span class='ocrx_word' id='word_1_2' title='bbox 680 185 748 226; x_wconf 93' lang='lat' dir='ltr'><strong>DE</strong></span> <span class='ocrx_word' id='word_1_3' title='bbox 781 182 895 224; x_wconf 91' lang='lat' dir='ltr'><strong>OPT.</strong></span> <span class='ocrx_word' id='word_1_4' title='bbox 923 178 1132 222; x_wconf 87' lang='lat' dir='ltr'>GENERE</span> <span class='ocrx_word' id='word_1_5' title='bbox 1166 178 1322 221; x_wconf 89' lang='lat' dir='ltr'><strong>ORAT.</strong></span> <span class='ocrx_word' id='word_1_6' title='bbox 1385 179 1429 221; x_wconf 89' lang='lat' dir='ltr'><strong>C.</strong></span> <span class='ocrx_word' id='word_1_7' title='bbox 1461 180 1502 224; x_wconf 88' lang='lat'><strong>7.</strong></span> 
     </span>
    </p>
   </div>
   <div class='ocr_carea' id='block_1_2' title="bbox 172 283 1984 2540">
    <p class='ocr_par' dir='ltr' id='par_1_2' title="bbox 172 283 1984 2540">
     <span class='ocr_line' id='line_1_2' title="bbox 223 283 1968 348; baseline -0.003 -13"><span class='ocrx_word' id='word_1_8' title='bbox 223 295 344 345; x_wconf 90' lang='lat' dir='ltr'><strong>Quod</strong></span> <span class='ocrx_word' id='word_1_9' title='bbox 388 292 514 348; x_wconf 86' lang='lat' dir='ltr'><strong>igitur</strong></span> <span class='ocrx_word' id='word_1_10' title='bbox 551 296 612 333; x_wconf 88' lang='lat' dir='ltr'><strong>est</strong></span> <span class='ocrx_word' id='word_1_11' title='bbox 650 301 794 331; x_wconf 91' lang='lat' dir='ltr'><strong>eorum</strong></span> <span class='ocrx_word' id='word_1_12' title='bbox 835 288 876 328; x_wconf 92' lang='lat' dir='ltr'><strong>in</strong></span> <span class='ocrx_word' id='word_1_13' title='bbox 917 283 1174 327; x_wconf 86' lang='lat' dir='ltr'><strong>orationibus</strong></span> <span class='ocrx_word' id='word_1_14' title='bbox 1214 298 1237 326; x_wconf 90' lang='lat' dir='ltr'><strong>e</strong></span> <span class='ocrx_word' id='word_1_15' title='bbox 1280 287 1438 327; x_wconf 89' lang='lat' dir='ltr'><strong>Graeco</strong></span> <span class='ocrx_word' id='word_1_16' title='bbox 1481 285 1692 328; x_wconf 87' lang='lat' dir='ltr'><strong>conversis</strong></span> <span class='ocrx_word' id='word_1_17' title='bbox 1737 285 1968 336; x_wconf 87' lang='lat' dir='ltr'><strong>fastidium,</strong></span> 
     </span>
     <span class='ocr_line' id='line_1_3' title="bbox 221 351 898 399; baseline -0.013 0"><span class='ocrx_word' id='word_1_18' title='bbox 221 355 378 399; x_wconf 86' lang='lat' dir='ltr'><strong>nullum</strong></span> <span class='ocrx_word' id='word_1_19' title='bbox 408 369 500 398; x_wconf 93' lang='lat' dir='ltr'><strong>cum</strong></span> <span class='ocrx_word' id='word_1_20' title='bbox 530 354 580 396; x_wconf 91' lang='lat' dir='ltr'><strong>sit</strong></span> <span class='ocrx_word' id='word_1_21' title='bbox 610 354 649 393; x_wconf 90' lang='lat' dir='ltr'><strong>in</strong></span> <span class='ocrx_word' id='word_1_22' title='bbox 683 351 898 393; x_wconf 80' lang='lat' dir='ltr'><strong>versibus?</strong></span> 
     </span>
     <span class='ocr_line' id='line_1_4' title="bbox 333 410 1969 469; baseline -0.004 -8"><span class='ocrx_word' id='word_1_23' title='bbox 333 420 421 462; x_wconf 90' lang='lat' dir='ltr'><strong>VII.</strong></span> <span class='ocrx_word' id='word_1_24' title='bbox 458 420 521 459; x_wconf 84' lang='lat'><strong>19.</strong></span> <span class='ocrx_word' id='word_1_25' title='bbox 555 415 634 457; x_wconf 86' lang='lat' dir='ltr'><strong>Sed</strong></span> <span class='ocrx_word' id='word_1_26' title='bbox 664 412 953 469; x_wconf 83' lang='lat' dir='ltr'>aggrediamur</span> <span class='ocrx_word' id='word_1_27' title='bbox 981 413 1082 457; x_wconf 91' lang='lat' dir='ltr'><strong>iam,</strong></span> <span class='ocrx_word' id='word_1_28' title='bbox 1113 412 1225 466; x_wconf 91' lang='lat' dir='ltr'><strong>quod</strong></span> <span class='ocrx_word' id='word_1_29' title='bbox 1255 410 1530 466; x_wconf 86' lang='lat' dir='ltr'><strong>suscepimus,</strong></span> <span class='ocrx_word' id='word_1_30' title='bbox 1563 412 1596 452; x_wconf 95' lang='lat' dir='ltr'><strong>si</strong></span> <span class='ocrx_word' id='word_1_31' title='bbox 1619 410 1734 466; x_wconf 93' lang='lat' dir='ltr'><strong>prius</strong></span> <span class='ocrx_word' id='word_1_32' title='bbox 1765 425 1969 468; x_wconf 88' lang='lat' dir='ltr'><strong>exposue-</strong></span> 
     </span>
     <span class='ocr_line' id='line_1_5' title="bbox 221 473 1970 535; baseline -0.005 -11"><span class='ocrx_word' id='word_1_33' title='bbox 221 483 374 530; x_wconf 90' lang='lat' dir='ltr'><strong>rimus,</strong></span> <span class='ocrx_word' id='word_1_34' title='bbox 408 494 510 535; x_wconf 89' lang='lat' dir='ltr'><strong>quae</strong></span> <span class='ocrx_word' id='word_1_35' title='bbox 541 491 661 520; x_wconf 88' lang='lat' dir='ltr'><strong>causa</strong></span> <span class='ocrx_word' id='word_1_36' title='bbox 691 478 732 518; x_wconf 94' lang='lat' dir='ltr'><strong>in</strong></span> <span class='ocrx_word' id='word_1_37' title='bbox 762 475 959 517; x_wconf 90' lang='lat' dir='ltr'><strong>iudicium</strong></span> <span class='ocrx_word' id='word_1_38' title='bbox 990 473 1166 516; x_wconf 87' lang='lat' dir='ltr'><strong>deducta</strong></span> <span class='ocrx_word' id='word_1_39' title='bbox 1195 474 1262 514; x_wconf 89' lang='lat' dir='ltr'><strong>sit.</strong></span> <span class='ocrx_word' id='word_1_40' title='bbox 1325 474 1426 514; x_wconf 89' lang='lat' dir='ltr'><strong>Cum</strong></span> <span class='ocrx_word' id='word_1_41' title='bbox 1458 478 1566 515; x_wconf 88' lang='lat' dir='ltr'><strong>esset</strong></span> <span class='ocrx_word' id='word_1_42' title='bbox 1593 474 1661 516; x_wconf 87' lang='lat' dir='ltr'><strong>lex</strong></span> <span class='ocrx_word' id='word_1_43' title='bbox 1691 475 1884 523; x_wconf 86' lang='lat' dir='ltr'><strong>Athenis,</strong></span> <span class='ocrx_word' id='word_1_44' title='bbox 1916 489 1970 516; x_wconf 83' lang='lat' dir='ltr'><strong>NE</strong></span> 
     </span>
     <span class='ocr_line' id='line_1_6' title="bbox 193 548 1973 594; baseline -0.005 -7"><span class='ocrx_word' id='word_1_45' title='bbox 193 556 325 594; x_wconf 79' lang='lat' dir='ltr'><strong>sovis</strong></span> <span class='ocrx_word' id='word_1_46' title='bbox 356 555 517 585; x_wconf 85' lang='lat' dir='ltr'>POPVLI</span> <span class='ocrx_word' id='word_1_47' title='bbox 549 553 712 583; x_wconf 79' lang='lat' dir='ltr'>SCITVM</span> <span class='ocrx_word' id='word_1_48' title='bbox 742 550 961 587; x_wconf 66' lang='lat' dir='ltr'><strong>mesum,</strong></span> <span class='ocrx_word' id='word_1_49' title='bbox 994 550 1052 579; x_wconf 86' lang='lat' dir='ltr'><strong>VT</strong></span> <span class='ocrx_word' id='word_1_50' title='bbox 1075 548 1301 584; x_wconf 67' lang='lat' dir='ltr'><strong>QvisQVAM</strong></span> <span class='ocrx_word' id='word_1_51' title='bbox 1328 548 1503 579; x_wconf 75' lang='lat' dir='ltr'><strong>CORONA</strong></span> <span class='ocrx_word' id='word_1_52' title='bbox 1532 549 1791 579; x_wconf 75' lang='lat' dir='ltr'><strong>DONARETVR</strong></span> <span class='ocrx_word' id='word_1_53' title='bbox 1822 550 1864 579; x_wconf 83' lang='lat' dir='ltr'><strong>IN</strong></span> <span class='ocrx_word' id='word_1_54' title='bbox 1894 551 1973 579; x_wconf 78' lang='lat' dir='ltr'><strong>MA-</strong></span> 
     </span>
     <span class='ocr_line' id='line_1_7' title="bbox 224 600 1974 650; baseline -0.003 -2"><span class='ocrx_word' id='word_1_55' title='bbox 224 617 433 648; x_wconf 75' lang='lat' dir='ltr'><strong>cisTRArv</strong></span> <span class='ocrx_word' id='word_1_56' title='bbox 462 615 603 650; x_wconf 80' lang='lat' dir='ltr'><strong>Piuvs‚</strong></span> <span class='ocrx_word' id='word_1_57' title='bbox 637 615 759 650; x_wconf 74' lang='lat' dir='ltr'><strong>QVAM</strong></span> <span class='ocrx_word' id='word_1_58' title='bbox 788 612 1001 642; x_wconf 78' lang='lat' dir='ltr'><strong>RATIONES</strong></span> <span class='ocrx_word' id='word_1_59' title='bbox 1031 611 1350 649; x_wconf 69' lang='lat' dir='ltr'><strong>RETTVLISSE&#39;r3</strong></span> <span class='ocrx_word' id='word_1_60' title='bbox 1384 604 1425 640; x_wconf 93' lang='lat' dir='ltr'><strong>et</strong></span> <span class='ocrx_word' id='word_1_61' title='bbox 1445 601 1571 642; x_wconf 86' lang='lat' dir='ltr'><strong>altera</strong></span> <span class='ocrx_word' id='word_1_62' title='bbox 1593 600 1673 648; x_wconf 87' lang='lat' dir='ltr'><strong>lex,</strong></span> <span class='ocrx_word' id='word_1_63' title='bbox 1705 611 1804 648; x_wconf 78' lang='lat' dir='ltr'><strong>Eos,</strong></span> <span class='ocrx_word' id='word_1_64' title='bbox 1839 612 1917 647; x_wconf 77' lang='lat' dir='ltr'><strong>QVI</strong></span> <span class='ocrx_word' id='word_1_65' title='bbox 1946 615 1974 642; x_wconf 71' lang='lat' dir='ltr'><strong>A</strong></span> 
     </span>
     <span class='ocr_line' id='line_1_8' title="bbox 222 672 1974 713; baseline -0.003 -3"><span class='ocrx_word' id='word_1_66' title='bbox 222 679 397 711; x_wconf 78' lang='lat' dir='ltr'>POPVLO</span> <span class='ocrx_word' id='word_1_67' title='bbox 429 677 731 712; x_wconf 79' lang='lat' dir='ltr'><strong>DONARENTVR‚</strong></span> <span class='ocrx_word' id='word_1_68' title='bbox 773 676 819 705; x_wconf 83' lang='lat' dir='ltr'><strong>IN</strong></span> <span class='ocrx_word' id='word_1_69' title='bbox 850 673 1071 705; x_wconf 75' lang='lat' dir='ltr'>CONTIONE</span> <span class='ocrx_word' id='word_1_70' title='bbox 1102 672 1261 702; x_wconf 61' lang='lat' dir='ltr'><strong>nomm</strong></span> <span class='ocrx_word' id='word_1_71' title='bbox 1290 674 1480 713; x_wconf 59' lang='lat' dir='ltr'><strong>mennam</strong></span> <span class='ocrx_word' id='word_1_72' title='bbox 1528 676 1603 712; x_wconf 86' lang='lat' dir='ltr'><strong>QV1</strong></span> <span class='ocrx_word' id='word_1_73' title='bbox 1633 679 1658 704; x_wconf 79' lang='lat' dir='ltr'><strong>A</strong></span> <span class='ocrx_word' id='word_1_74' title='bbox 1689 675 1880 712; x_wconf 75' lang='lat' dir='ltr'><strong>SENArv,</strong></span> <span class='ocrx_word' id='word_1_75' title='bbox 1929 677 1974 705; x_wconf 74' lang='lat' dir='ltr'><strong>m</strong></span> 
     </span>
     <span class='ocr_line' id='line_1_9' title="bbox 223 722 1974 781; baseline -0.003 -8"><span class='ocrx_word' id='word_1_76' title='bbox 223 742 411 774; x_wconf 74' lang='lat' dir='ltr'><strong>SENArvz</strong></span> <span class='ocrx_word' id='word_1_77' title='bbox 442 728 742 769; x_wconf 84' lang='lat' dir='ltr'><strong>Demosthenes</strong></span> <span class='ocrx_word' id='word_1_78' title='bbox 772 730 936 766; x_wconf 87' lang='lat' dir='ltr'><strong>curator</strong></span> <span class='ocrx_word' id='word_1_79' title='bbox 964 725 1092 765; x_wconf 92' lang='lat' dir='ltr'><strong>muris</strong></span> <span class='ocrx_word' id='word_1_80' title='bbox 1124 722 1355 765; x_wconf 86' lang='lat' dir='ltr'><strong>reficiendis</strong></span> <span class='ocrx_word' id='word_1_81' title='bbox 1385 723 1462 766; x_wconf 85' lang='lat' dir='ltr'><strong>fuit</strong></span> <span class='ocrx_word' id='word_1_82' title='bbox 1491 739 1646 780; x_wconf 89' lang='lat' dir='ltr'><strong>eosque</strong></span> <span class='ocrx_word' id='word_1_83' title='bbox 1677 725 1821 767; x_wconf 85' lang='lat' dir='ltr'><strong>refecit</strong></span> <span class='ocrx_word' id='word_1_84' title='bbox 1848 739 1974 781; x_wconf 89' lang='lat' dir='ltr'><strong>pecu-</strong></span> 
     </span>
     <span class='ocr_line' id='line_1_10' title="bbox 222 785 1970 844; baseline -0.003 -9"><span class='ocrx_word' id='word_1_85' title='bbox 222 795 287 835; x_wconf 87' lang='lat' dir='ltr'><strong>nia</strong></span> <span class='ocrx_word' id='word_1_86' title='bbox 318 805 412 841; x_wconf 90' lang='lat' dir='ltr'><strong>sua;</strong></span> <span class='ocrx_word' id='word_1_87' title='bbox 461 793 513 832; x_wconf 85' lang='lat' dir='ltr'><strong>dc</strong></span> <span class='ocrx_word' id='word_1_88' title='bbox 543 789 620 831; x_wconf 89' lang='lat' dir='ltr'><strong>hoc</strong></span> <span class='ocrx_word' id='word_1_89' title='bbox 648 790 775 844; x_wconf 89' lang='lat' dir='ltr'><strong>igitur</strong></span> <span class='ocrx_word' id='word_1_90' title='bbox 806 786 1029 841; x_wconf 88' lang='lat' dir='ltr'><strong>Ctesiphon</strong></span> <span class='ocrx_word' id='word_1_91' title='bbox 1059 785 1205 827; x_wconf 90' lang='lat' dir='ltr'><strong>scitum</strong></span> <span class='ocrx_word' id='word_1_92' title='bbox 1236 785 1353 835; x_wconf 89' lang='lat' dir='ltr'><strong>fecit,</strong></span> <span class='ocrx_word' id='word_1_93' title='bbox 1400 786 1522 828; x_wconf 91' lang='lat' dir='ltr'><strong>nullis</strong></span> <span class='ocrx_word' id='word_1_94' title='bbox 1553 789 1602 829; x_wconf 89' lang='lat' dir='ltr'><strong>ab</strong></span> <span class='ocrx_word' id='word_1_95' title='bbox 1633 787 1703 829; x_wconf 91' lang='lat' dir='ltr'><strong>illo</strong></span> <span class='ocrx_word' id='word_1_96' title='bbox 1735 788 1970 830; x_wconf 89' lang='lat' dir='ltr'><strong>rationibus</strong></span> 
     </span>
     <span class='ocr_line' id='line_1_11' title="bbox 172 848 1975 904; baseline -0.003 -6"><span class='ocrx_word' id='word_1_97' title='bbox 172 855 380 901; x_wconf 75' lang='lat' dir='ltr'><strong>ini-elatis,</strong></span> <span class='ocrx_word' id='word_1_98' title='bbox 411 858 456 896; x_wconf 90' lang='lat' dir='ltr'><strong>ut</strong></span> <span class='ocrx_word' id='word_1_99' title='bbox 485 867 641 895; x_wconf 87' lang='lat' dir='ltr'><strong>corona</strong></span> <span class='ocrx_word' id='word_1_100' title='bbox 671 864 795 892; x_wconf 91' lang='lat' dir='ltr'><strong>aurea</strong></span> <span class='ocrx_word' id='word_1_101' title='bbox 826 852 1050 891; x_wconf 89' lang='lat' dir='ltr'><strong>donaretur</strong></span> <span class='ocrx_word' id='word_1_102' title='bbox 1080 862 1212 903; x_wconf 92' lang='lat' dir='ltr'><strong>eaque</strong></span> <span class='ocrx_word' id='word_1_103' title='bbox 1243 849 1412 890; x_wconf 90' lang='lat' dir='ltr'><strong>donatio</strong></span> <span class='ocrx_word' id='word_1_104' title='bbox 1442 848 1560 890; x_wconf 87' lang='lat' dir='ltr'><strong>fieret</strong></span> <span class='ocrx_word' id='word_1_105' title='bbox 1590 851 1632 891; x_wconf 91' lang='lat' dir='ltr'><strong>in</strong></span> <span class='ocrx_word' id='word_1_106' title='bbox 1663 852 1848 897; x_wconf 89' lang='lat' dir='ltr'><strong>theatro,</strong></span> <span class='ocrx_word' id='word_1_107' title='bbox 1898 864 1975 904; x_wconf 91' lang='lat' dir='ltr'><strong>po-</strong></span> 
     </span>
     <span class='ocr_line' id='line_1_12' title="bbox 222 910 1977 974; baseline -0.003 -15"><span class='ocrx_word' id='word_1_108' title='bbox 222 917 319 974; x_wconf 90' lang='lat' dir='ltr'><strong>pulo</strong></span> <span class='ocrx_word' id='word_1_109' title='bbox 349 923 597 963; x_wconf 90' lang='lat' dir='ltr'><strong>convocato,</strong></span> <span class='ocrx_word' id='word_1_110' title='bbox 644 912 715 970; x_wconf 92' lang='lat' dir='ltr'><strong>qui</strong></span> <span class='ocrx_word' id='word_1_111' title='bbox 744 912 859 954; x_wconf 89' lang='lat' dir='ltr'><strong>loeus</strong></span> <span class='ocrx_word' id='word_1_112' title='bbox 888 925 973 953; x_wconf 93' lang='lat' dir='ltr'><strong>non</strong></span> <span class='ocrx_word' id='word_1_113' title='bbox 1004 916 1066 952; x_wconf 89' lang='lat' dir='ltr'><strong>est</strong></span> <span class='ocrx_word' id='word_1_114' title='bbox 1096 911 1304 953; x_wconf 89' lang='lat' dir='ltr'><strong>contionis</strong></span> <span class='ocrx_word' id='word_1_115' title='bbox 1333 910 1566 966; x_wconf 80' lang='lat' dir='ltr'><strong>legitimae,</strong></span> <span class='ocrx_word' id='word_1_116' title='bbox 1619 918 1742 968; x_wconf 91' lang='lat' dir='ltr'><strong>atque</strong></span> <span class='ocrx_word' id='word_1_117' title='bbox 1772 912 1827 955; x_wconf 89' lang='lat' dir='ltr'><strong>ita</strong></span> <span class='ocrx_word' id='word_1_118' title='bbox 1856 926 1977 968; x_wconf 90' lang='lat' dir='ltr'><strong>prae-</strong></span> 
     </span>
     <span class='ocr_line' id='line_1_13' title="bbox 222 982 1974 1028; baseline -0.003 -6"><span class='ocrx_word' id='word_1_119' title='bbox 222 982 448 1028; x_wconf 82' lang='lat' dir='ltr'><strong>dicaretur,</strong></span> <span class='ocrx_word' id='word_1_120' title='bbox 497 992 587 1020; x_wconf 83' lang='lat' dir='ltr'><strong>EVM</strong></span> <span class='ocrx_word' id='word_1_121' title='bbox 628 988 786 1018; x_wconf 72' lang='lat' dir='ltr'>DONARI</span> <span class='ocrx_word' id='word_1_122' title='bbox 827 986 1036 1017; x_wconf 81' lang='lat' dir='ltr'><strong>V1RTles</strong></span> <span class='ocrx_word' id='word_1_123' title='bbox 1081 985 1194 1015; x_wconf 80' lang='lat' dir='ltr'>ERGO</span> <span class='ocrx_word' id='word_1_124' title='bbox 1242 985 1715 1023; x_wconf 81' lang='lat' dir='ltr'><strong>BENEVOLENTIAEQVE,</strong></span> <span class='ocrx_word' id='word_1_125' title='bbox 1765 988 1888 1024; x_wconf 77' lang='lat' dir='ltr'><strong>QVAM</strong></span> <span class='ocrx_word' id='word_1_126' title='bbox 1935 987 1974 1017; x_wconf 86' lang='lat' dir='ltr'><strong>ls</strong></span> 
     </span>
     <span class='ocr_line' id='line_1_14' title="bbox 222 1037 1977 1092; baseline -0.002 -8"><span class='ocrx_word' id='word_1_127' title='bbox 222 1057 329 1084; x_wconf 76' lang='lat' dir='ltr'><strong>ERGA</strong></span> <span class='ocrx_word' id='word_1_128' title='bbox 359 1054 565 1084; x_wconf 77' lang='lat' dir='ltr'>POPVLVM</span> <span class='ocrx_word' id='word_1_129' title='bbox 594 1051 898 1082; x_wconf 69' lang='lat' dir='ltr'><strong>ATHENIENSEM</strong></span> <span class='ocrx_word' id='word_1_130' title='bbox 928 1049 1143 1078; x_wconf 75' lang='lat' dir='ltr'><strong>HABERET.</strong></span> <span class='ocrx_word' id='word_1_131' title='bbox 1204 1039 1272 1078; x_wconf 89' lang='lat'><strong>20.</strong></span> <span class='ocrx_word' id='word_1_132' title='bbox 1306 1039 1425 1078; x_wconf 91' lang='lat' dir='ltr'><strong>Hunc</strong></span> <span class='ocrx_word' id='word_1_133' title='bbox 1450 1037 1575 1092; x_wconf 89' lang='lat' dir='ltr'><strong>igitur</strong></span> <span class='ocrx_word' id='word_1_134' title='bbox 1603 1038 1913 1092; x_wconf 89' lang='lat' dir='ltr'><strong>Ctesiphontem</strong></span> <span class='ocrx_word' id='word_1_135' title='bbox 1934 1039 1977 1080; x_wconf 90' lang='lat' dir='ltr'><strong>in</strong></span> 
     </span>
     <span class='ocr_line' id='line_1_15' title="bbox 221 1086 1977 1155; baseline -0.003 -8"><span class='ocrx_word' id='word_1_136' title='bbox 221 1105 419 1148; x_wconf 92' lang='lat' dir='ltr'><strong>iudicium</strong></span> <span class='ocrx_word' id='word_1_137' title='bbox 449 1103 618 1146; x_wconf 88' lang='lat' dir='ltr'><strong>adduxit</strong></span> <span class='ocrx_word' id='word_1_138' title='bbox 645 1086 1029 1155; x_wconf 81' lang='lat' dir='ltr'><strong>Aeschines‚‘quod</strong></span> <span class='ocrx_word' id='word_1_139' title='bbox 1060 1104 1204 1141; x_wconf 83' lang='lat' dir='ltr'><strong>contra</strong></span> <span class='ocrx_word' id='word_1_140' title='bbox 1232 1099 1345 1154; x_wconf 90' lang='lat' dir='ltr'><strong>leges</strong></span> <span class='ocrx_word' id='word_1_141' title='bbox 1375 1101 1629 1154; x_wconf 83' lang='lat' dir='ltr'><strong>scripsisset,</strong></span> <span class='ocrx_word' id='word_1_142' title='bbox 1652 1105 1707 1142; x_wconf 71' lang='lat' dir='ltr'><strong>‘ut</strong></span> <span class='ocrx_word' id='word_1_143' title='bbox 1736 1106 1777 1142; x_wconf 89' lang='lat' dir='ltr'><strong>et</strong></span> <span class='ocrx_word' id='word_1_144' title='bbox 1805 1100 1977 1142; x_wconf 88' lang='lat' dir='ltr'><strong>rationi-</strong></span> 
     </span>
     <span class='ocr_line' id='line_1_16' title="bbox 173 1164 1976 1218; baseline -0.002 -10"><span class='ocrx_word' id='word_1_145' title='bbox 173 1171 299 1210; x_wconf 85' lang='lat' dir='ltr'><strong>1⁵bus</strong></span> <span class='ocrx_word' id='word_1_146' title='bbox 329 1181 413 1209; x_wconf 92' lang='lat' dir='ltr'><strong>non</strong></span> <span class='ocrx_word' id='word_1_147' title='bbox 443 1166 582 1208; x_wconf 88' lang='lat' dir='ltr'><strong>relatis</strong></span> <span class='ocrx_word' id='word_1_148' title='bbox 613 1180 764 1207; x_wconf 86' lang='lat' dir='ltr'><strong>corona</strong></span> <span class='ocrx_word' id='word_1_149' title='bbox 795 1167 1019 1206; x_wconf 89' lang='lat' dir='ltr'><strong>donaretur</strong></span> <span class='ocrx_word' id='word_1_150' title='bbox 1049 1169 1089 1205; x_wconf 85' lang='lat' dir='ltr'><strong>et</strong></span> <span class='ocrx_word' id='word_1_151' title='bbox 1118 1168 1162 1204; x_wconf 86' lang='lat' dir='ltr'><strong>ut</strong></span> <span class='ocrx_word' id='word_1_152' title='bbox 1191 1164 1233 1204; x_wconf 90' lang='lat' dir='ltr'><strong>in</strong></span> <span class='ocrx_word' id='word_1_153' title='bbox 1270 1164 1455 1210; x_wconf 83' lang='lat' dir='ltr'><strong>theatro,</strong></span> <span class='ocrx_word' id='word_1_154' title='bbox 1505 1168 1545 1204; x_wconf 92' lang='lat' dir='ltr'><strong>et</strong></span> <span class='ocrx_word' id='word_1_155' title='bbox 1585 1166 1693 1218; x_wconf 89' lang='lat' dir='ltr'><strong>quod</strong></span> <span class='ocrx_word' id='word_1_156' title='bbox 1735 1165 1786 1204; x_wconf 92' lang='lat' dir='ltr'><strong>de</strong></span> <span class='ocrx_word' id='word_1_157' title='bbox 1824 1164 1976 1204; x_wconf 85' lang='lat' dir='ltr'><strong>virtute</strong></span> 
     </span>
     <span class='ocr_line' id='line_1_17' title="bbox 224 1224 1979 1280; baseline -0.003 -8"><span class='ocrx_word' id='word_1_158' title='bbox 224 1231 310 1272; x_wconf 92' lang='lat' dir='ltr'><strong>eius</strong></span> <span class='ocrx_word' id='word_1_159' title='bbox 340 1235 380 1271; x_wconf 91' lang='lat' dir='ltr'><strong>et</strong></span> <span class='ocrx_word' id='word_1_160' title='bbox 408 1227 694 1271; x_wconf 79' lang='lat' dir='ltr'><strong>benevolentia</strong></span> <span class='ocrx_word' id='word_1_161' title='bbox 723 1227 827 1269; x_wconf 89' lang='lat' dir='ltr'><strong>falsa</strong></span> <span class='ocrx_word' id='word_1_162' title='bbox 857 1227 1109 1280; x_wconf 89' lang='lat' dir='ltr'><strong>scripsisset,</strong></span> <span class='ocrx_word' id='word_1_163' title='bbox 1143 1227 1339 1280; x_wconf 90' lang='lat' dir='ltr'><strong>quoniam</strong></span> <span class='ocrx_word' id='word_1_164' title='bbox 1369 1227 1674 1267; x_wconf 78' lang='lat' dir='ltr'><strong>Demosthenes</strong></span> <span class='ocrx_word' id='word_1_165' title='bbox 1703 1240 1781 1267; x_wconf 90' lang='lat' dir='ltr'><strong>nec</strong></span> <span class='ocrx_word' id='word_1_166' title='bbox 1810 1227 1874 1267; x_wconf 88' lang='lat' dir='ltr'><strong>vir</strong></span> <span class='ocrx_word' id='word_1_167' title='bbox 1904 1224 1979 1267; x_wconf 90' lang='lat' dir='ltr'><strong>bo-</strong></span> 
     </span>
     <span class='ocr_line' id='line_1_18' title="bbox 223 1287 1979 1344; baseline -0.003 -9"><span class='ocrx_word' id='word_1_168' title='bbox 223 1307 300 1335; x_wconf 91' lang='lat' dir='ltr'><strong>nus</strong></span> <span class='ocrx_word' id='word_1_169' title='bbox 339 1298 447 1334; x_wconf 89' lang='lat' dir='ltr'><strong>esset</strong></span> <span class='ocrx_word' id='word_1_170' title='bbox 484 1305 560 1333; x_wconf 90' lang='lat' dir='ltr'><strong>nec</strong></span> <span class='ocrx_word' id='word_1_171' title='bbox 597 1292 705 1332; x_wconf 92' lang='lat' dir='ltr'><strong>bene</strong></span> <span class='ocrx_word' id='word_1_172' title='bbox 746 1290 918 1331; x_wconf 89' lang='lat' dir='ltr'><strong>meritus</strong></span> <span class='ocrx_word' id='word_1_173' title='bbox 956 1288 1006 1330; x_wconf 92' lang='lat' dir='ltr'><strong>de</strong></span> <span class='ocrx_word' id='word_1_174' title='bbox 1036 1287 1216 1329; x_wconf 89' lang='lat' dir='ltr'><strong>civitate.</strong></span> <span class='ocrx_word' id='word_1_175' title='bbox 1280 1289 1408 1329; x_wconf 87' lang='lat' dir='ltr'><strong>Causa</strong></span> <span class='ocrx_word' id='word_1_176' title='bbox 1438 1288 1528 1342; x_wconf 90' lang='lat' dir='ltr'><strong>ipsa</strong></span> <span class='ocrx_word' id='word_1_177' title='bbox 1559 1287 1759 1329; x_wconf 88' lang='lat' dir='ltr'><strong>abhorret</strong></span> <span class='ocrx_word' id='word_1_178' title='bbox 1787 1289 1857 1329; x_wconf 89' lang='lat' dir='ltr'><strong>illa</strong></span> <span class='ocrx_word' id='word_1_179' title='bbox 1888 1287 1979 1344; x_wconf 89' lang='lat' dir='ltr'><strong>qui-</strong></span> 
     </span>
     <span class='ocr_line' id='line_1_19' title="bbox 224 1349 1979 1405; baseline -0.004 -7"><span class='ocrx_word' id='word_1_180' title='bbox 224 1358 317 1397; x_wconf 91' lang='lat' dir='ltr'><strong>dem</strong></span> <span class='ocrx_word' id='word_1_181' title='bbox 347 1370 369 1397; x_wconf 90' lang='lat' dir='ltr'><strong>a</strong></span> <span class='ocrx_word' id='word_1_182' title='bbox 398 1353 576 1397; x_wconf 89' lang='lat' dir='ltr'><strong>formula</strong></span> <span class='ocrx_word' id='word_1_183' title='bbox 615 1351 921 1395; x_wconf 87' lang='lat' dir='ltr'><strong>consuetudinis</strong></span> <span class='ocrx_word' id='word_1_184' title='bbox 959 1356 1152 1399; x_wconf 90' lang='lat' dir='ltr'><strong>nostrae,</strong></span> <span class='ocrx_word' id='word_1_185' title='bbox 1204 1349 1278 1392; x_wconf 90' lang='lat' dir='ltr'><strong>sed</strong></span> <span class='ocrx_word' id='word_1_186' title='bbox 1317 1357 1379 1392; x_wconf 88' lang='lat' dir='ltr'><strong>est</strong></span> <span class='ocrx_word' id='word_1_187' title='bbox 1408 1363 1569 1405; x_wconf 85' lang='lat' dir='ltr'><strong>magna.</strong></span> <span class='ocrx_word' id='word_1_188' title='bbox 1631 1350 1767 1392; x_wconf 85' lang='lat' dir='ltr'><strong>Habet</strong></span> <span class='ocrx_word' id='word_1_189' title='bbox 1797 1352 1908 1392; x_wconf 91' lang='lat' dir='ltr'><strong>enim</strong></span> <span class='ocrx_word' id='word_1_190' title='bbox 1938 1355 1979 1392; x_wconf 89' lang='lat' dir='ltr'><strong>et</strong></span> 
     </span>
     <span class='ocr_line' id='line_1_20' title="bbox 222 1413 1977 1474; baseline -0.004 -13"><span class='ocrx_word' id='word_1_191' title='bbox 222 1419 361 1474; x_wconf 88' lang='lat' dir='ltr'><strong>legum</strong></span> <span class='ocrx_word' id='word_1_192' title='bbox 398 1416 776 1472; x_wconf 86' lang='lat' dir='ltr'><strong>interpretationem</strong></span> <span class='ocrx_word' id='word_1_193' title='bbox 815 1415 911 1456; x_wconf 88' lang='lat' dir='ltr'><strong>satis</strong></span> <span class='ocrx_word' id='word_1_194' title='bbox 951 1419 1112 1456; x_wconf 90' lang='lat' dir='ltr'><strong>acutam</strong></span> <span class='ocrx_word' id='word_1_195' title='bbox 1147 1413 1190 1454; x_wconf 93' lang='lat' dir='ltr'><strong>in</strong></span> <span class='ocrx_word' id='word_1_196' title='bbox 1220 1419 1438 1469; x_wconf 86' lang='lat' dir='ltr'><strong>utramque</strong></span> <span class='ocrx_word' id='word_1_197' title='bbox 1468 1419 1631 1466; x_wconf 85' lang='lat' dir='ltr'><strong>partem</strong></span> <span class='ocrx_word' id='word_1_198' title='bbox 1662 1418 1702 1454; x_wconf 93' lang='lat' dir='ltr'><strong>et</strong></span> <span class='ocrx_word' id='word_1_199' title='bbox 1732 1415 1977 1455; x_wconf 88' lang='lat' dir='ltr'><strong>meritorum</strong></span> 
     </span>
     <span class='ocr_line' id='line_1_21' title="bbox 174 1475 1979 1535; baseline -0.002 -15"><span class='ocrx_word' id='word_1_200' title='bbox 174 1495 210 1520; x_wconf 79' lang='lat'><strong>20</strong></span> <span class='ocrx_word' id='word_1_201' title='bbox 225 1484 266 1523; x_wconf 89' lang='lat' dir='ltr'><strong>in</strong></span> <span class='ocrx_word' id='word_1_202' title='bbox 295 1495 382 1523; x_wconf 90' lang='lat' dir='ltr'><strong>rem</strong></span> <span class='ocrx_word' id='word_1_203' title='bbox 412 1479 614 1535; x_wconf 88' lang='lat' dir='ltr'><strong>publicam</strong></span> <span class='ocrx_word' id='word_1_204' title='bbox 644 1478 951 1519; x_wconf 87' lang='lat' dir='ltr'><strong>contentionem</strong></span> <span class='ocrx_word' id='word_1_205' title='bbox 980 1491 1078 1519; x_wconf 91' lang='lat' dir='ltr'><strong>sane</strong></span> <span class='ocrx_word' id='word_1_206' title='bbox 1108 1490 1291 1532; x_wconf 90' lang='lat' dir='ltr'><strong>gravem.</strong></span> <span class='ocrx_word' id='word_1_207' title='bbox 1353 1478 1420 1518; x_wconf 86' lang='lat'><strong>21.</strong></span> <span class='ocrx_word' id='word_1_208' title='bbox 1465 1478 1608 1531; x_wconf 89' lang='lat' dir='ltr'><strong>Itaque</strong></span> <span class='ocrx_word' id='word_1_209' title='bbox 1639 1490 1760 1518; x_wconf 89' lang='lat' dir='ltr'><strong>causa</strong></span> <span class='ocrx_word' id='word_1_210' title='bbox 1790 1475 1869 1518; x_wconf 88' lang='lat' dir='ltr'><strong>fuit</strong></span> <span class='ocrx_word' id='word_1_211' title='bbox 1899 1479 1979 1517; x_wconf 91' lang='lat' dir='ltr'><strong>Ae-</strong></span> 
     </span>
     <span class='ocr_line' id='line_1_22' title="bbox 225 1538 1979 1597; baseline -0.003 -12"><span class='ocrx_word' id='word_1_212' title='bbox 225 1543 380 1592; x_wconf 91' lang='lat' dir='ltr'><strong>schini,</strong></span> <span class='ocrx_word' id='word_1_213' title='bbox 414 1557 505 1583; x_wconf 91' lang='lat' dir='ltr'><strong>cum</strong></span> <span class='ocrx_word' id='word_1_214' title='bbox 535 1543 622 1597; x_wconf 91' lang='lat' dir='ltr'><strong>ipse</strong></span> <span class='ocrx_word' id='word_1_215' title='bbox 653 1554 675 1581; x_wconf 93' lang='lat' dir='ltr'><strong>a</strong></span> <span class='ocrx_word' id='word_1_216' title='bbox 704 1542 982 1582; x_wconf 86' lang='lat' dir='ltr'><strong>Demosthene</strong></span> <span class='ocrx_word' id='word_1_217' title='bbox 1015 1545 1124 1581; x_wconf 89' lang='lat' dir='ltr'><strong>esset</strong></span> <span class='ocrx_word' id='word_1_218' title='bbox 1153 1538 1298 1593; x_wconf 82' lang='lat' dir='ltr'><strong>capitis</strong></span> <span class='ocrx_word' id='word_1_219' title='bbox 1324 1544 1560 1585; x_wconf 88' lang='lat' dir='ltr'><strong>accusatus,</strong></span> <span class='ocrx_word' id='word_1_220' title='bbox 1593 1540 1705 1594; x_wconf 90' lang='lat' dir='ltr'><strong>quod</strong></span> <span class='ocrx_word' id='word_1_221' title='bbox 1726 1540 1979 1593; x_wconf 84' lang='lat' dir='ltr'><strong>legationem</strong></span> 
     </span>
     <span class='ocr_line' id='line_1_23' title="bbox 227 1600 1980 1656; baseline -0.003 -9"><span class='ocrx_word' id='word_1_222' title='bbox 227 1605 446 1648; x_wconf 89' lang='lat' dir='ltr'><strong>ementitus</strong></span> <span class='ocrx_word' id='word_1_223' title='bbox 468 1609 598 1653; x_wconf 90' lang='lat' dir='ltr'><strong>esset,</strong></span> <span class='ocrx_word' id='word_1_224' title='bbox 631 1609 676 1645; x_wconf 93' lang='lat' dir='ltr'><strong>ut</strong></span> <span class='ocrx_word' id='word_1_225' title='bbox 695 1602 920 1645; x_wconf 88' lang='lat' dir='ltr'><strong>ulciscendi</strong></span> <span class='ocrx_word' id='word_1_226' title='bbox 940 1602 1098 1644; x_wconf 90' lang='lat' dir='ltr'><strong>inimici</strong></span> <span class='ocrx_word' id='word_1_227' title='bbox 1122 1616 1243 1643; x_wconf 90' lang='lat' dir='ltr'><strong>causa</strong></span> <span class='ocrx_word' id='word_1_228' title='bbox 1272 1602 1441 1642; x_wconf 90' lang='lat' dir='ltr'><strong>nomine</strong></span> <span class='ocrx_word' id='word_1_229' title='bbox 1472 1601 1752 1656; x_wconf 89' lang='lat' dir='ltr'><strong>Ctesiphontis</strong></span> <span class='ocrx_word' id='word_1_230' title='bbox 1782 1600 1980 1643; x_wconf 88' lang='lat' dir='ltr'><strong>iudicium</strong></span> 
     </span>
     <span class='ocr_line' id='line_1_24' title="bbox 223 1663 1979 1721; baseline -0.003 -10"><span class='ocrx_word' id='word_1_231' title='bbox 223 1670 342 1711; x_wconf 91' lang='lat' dir='ltr'><strong>fieret</strong></span> <span class='ocrx_word' id='word_1_232' title='bbox 380 1669 430 1710; x_wconf 91' lang='lat' dir='ltr'><strong>de</strong></span> <span class='ocrx_word' id='word_1_233' title='bbox 468 1667 584 1709; x_wconf 87' lang='lat' dir='ltr'><strong>factis</strong></span> <span class='ocrx_word' id='word_1_234' title='bbox 624 1666 814 1721; x_wconf 88' lang='lat' dir='ltr'><strong>famaque</strong></span> <span class='ocrx_word' id='word_1_235' title='bbox 857 1665 1162 1708; x_wconf 87' lang='lat' dir='ltr'><strong>Demosthenis.</strong></span> <span class='ocrx_word' id='word_1_236' title='bbox 1223 1667 1316 1706; x_wconf 92' lang='lat' dir='ltr'><strong>Non</strong></span> <span class='ocrx_word' id='word_1_237' title='bbox 1357 1666 1466 1705; x_wconf 89' lang='lat' dir='ltr'><strong>enim</strong></span> <span class='ocrx_word' id='word_1_238' title='bbox 1506 1669 1589 1705; x_wconf 89' lang='lat' dir='ltr'><strong>tam</strong></span> <span class='ocrx_word' id='word_1_239' title='bbox 1630 1666 1755 1706; x_wconf 87' lang='lat' dir='ltr'><strong>multa</strong></span> <span class='ocrx_word' id='word_1_240' title='bbox 1793 1663 1898 1705; x_wconf 84' lang='lat' dir='ltr'><strong>dixit</strong></span> <span class='ocrx_word' id='word_1_241' title='bbox 1927 1665 1979 1706; x_wconf 93' lang='lat' dir='ltr'><strong>de</strong></span> 
     </span>
     <span class='ocr_line' id='line_1_25' title="bbox 224 1726 1979 1785; baseline -0.003 -12"><span class='ocrx_word' id='word_1_242' title='bbox 224 1731 453 1774; x_wconf 91' lang='lat' dir='ltr'><strong>rationibus</strong></span> <span class='ocrx_word' id='word_1_243' title='bbox 491 1744 574 1772; x_wconf 92' lang='lat' dir='ltr'><strong>non</strong></span> <span class='ocrx_word' id='word_1_244' title='bbox 611 1729 774 1778; x_wconf 89' lang='lat' dir='ltr'><strong>relatis,</strong></span> <span class='ocrx_word' id='word_1_245' title='bbox 821 1743 945 1785; x_wconf 92' lang='lat' dir='ltr'><strong>quam</strong></span> <span class='ocrx_word' id='word_1_246' title='bbox 986 1728 1037 1770; x_wconf 92' lang='lat' dir='ltr'><strong>de</strong></span> <span class='ocrx_word' id='word_1_247' title='bbox 1078 1743 1151 1777; x_wconf 88' lang='lat' dir='ltr'><strong>eo,</strong></span> <span class='ocrx_word' id='word_1_248' title='bbox 1200 1726 1313 1783; x_wconf 91' lang='lat' dir='ltr'><strong>quod</strong></span> <span class='ocrx_word' id='word_1_249' title='bbox 1343 1727 1444 1769; x_wconf 87' lang='lat' dir='ltr'><strong>civis</strong></span> <span class='ocrx_word' id='word_1_250' title='bbox 1474 1728 1692 1781; x_wconf 87' lang='lat' dir='ltr'><strong>improbus</strong></span> <span class='ocrx_word' id='word_1_251' title='bbox 1722 1732 1769 1769; x_wconf 91' lang='lat' dir='ltr'><strong>ut</strong></span> <span class='ocrx_word' id='word_1_252' title='bbox 1799 1728 1979 1783; x_wconf 89' lang='lat' dir='ltr'><strong>optimus</strong></span> 
     </span>
     <span class='ocr_line' id='line_1_26' title="bbox 175 1790 1981 1846; baseline -0.003 -9"><span class='ocrx_word' id='word_1_253' title='bbox 175 1804 211 1830; x_wconf 79' lang='lat'><strong>2⁵</strong></span> <span class='ocrx_word' id='word_1_254' title='bbox 225 1794 410 1837; x_wconf 85' lang='lat' dir='ltr'><strong>laudatus</strong></span> <span class='ocrx_word' id='word_1_255' title='bbox 440 1799 560 1836; x_wconf 84' lang='lat' dir='ltr'><strong>esset.</strong></span> <span class='ocrx_word' id='word_1_256' title='bbox 617 1795 686 1834; x_wconf 81' lang='lat'><strong>22.</strong></span> <span class='ocrx_word' id='word_1_257' title='bbox 728 1794 844 1834; x_wconf 90' lang='lat' dir='ltr'><strong>Hanc</strong></span> <span class='ocrx_word' id='word_1_258' title='bbox 873 1792 1042 1833; x_wconf 90' lang='lat' dir='ltr'><strong>multam</strong></span> <span class='ocrx_word' id='word_1_259' title='bbox 1072 1790 1295 1833; x_wconf 89' lang='lat' dir='ltr'><strong>Aeschines</strong></span> <span class='ocrx_word' id='word_1_260' title='bbox 1326 1804 1350 1831; x_wconf 89' lang='lat' dir='ltr'><strong>a</strong></span> <span class='ocrx_word' id='word_1_261' title='bbox 1381 1790 1645 1846; x_wconf 90' lang='lat' dir='ltr'><strong>Ctesiphonte</strong></span> <span class='ocrx_word' id='word_1_262' title='bbox 1689 1790 1838 1844; x_wconf 86' lang='lat' dir='ltr'><strong>petivit</strong></span> <span class='ocrx_word' id='word_1_263' title='bbox 1881 1803 1981 1846; x_wconf 88' lang='lat' dir='ltr'><strong>qua-</strong></span> 
     </span>
     <span class='ocr_line' id='line_1_27' title="bbox 226 1852 1981 1911; baseline -0.002 -13"><span class='ocrx_word' id='word_1_264' title='bbox 226 1858 413 1899; x_wconf 90' lang='lat' dir='ltr'><strong>driennio</strong></span> <span class='ocrx_word' id='word_1_265' title='bbox 443 1862 535 1898; x_wconf 89' lang='lat' dir='ltr'><strong>ante</strong></span> <span class='ocrx_word' id='word_1_266' title='bbox 565 1855 742 1911; x_wconf 88' lang='lat' dir='ltr'><strong>Philippi</strong></span> <span class='ocrx_word' id='word_1_267' title='bbox 771 1857 1009 1897; x_wconf 90' lang='lat' dir='ltr'><strong>Macedonis</strong></span> <span class='ocrx_word' id='word_1_268' title='bbox 1047 1860 1248 1904; x_wconf 82' lang='lat' dir='ltr'><strong>mortem3</strong></span> <span class='ocrx_word' id='word_1_269' title='bbox 1298 1856 1372 1896; x_wconf 85' lang='lat' dir='ltr'><strong>sed</strong></span> <span class='ocrx_word' id='word_1_270' title='bbox 1401 1853 1600 1896; x_wconf 90' lang='lat' dir='ltr'><strong>iudicium</strong></span> <span class='ocrx_word' id='word_1_271' title='bbox 1630 1853 1783 1895; x_wconf 89' lang='lat' dir='ltr'><strong>factum</strong></span> <span class='ocrx_word' id='word_1_272' title='bbox 1814 1858 1876 1895; x_wconf 89' lang='lat' dir='ltr'><strong>est</strong></span> <span class='ocrx_word' id='word_1_273' title='bbox 1905 1852 1981 1895; x_wconf 88' lang='lat' dir='ltr'><strong>ali-</strong></span> 
     </span>
     <span class='ocr_line' id='line_1_28' title="bbox 225 1915 1982 1976; baseline -0.002 -15"><span class='ocrx_word' id='word_1_274' title='bbox 225 1926 325 1976; x_wconf 89' lang='lat' dir='ltr'><strong>quot</strong></span> <span class='ocrx_word' id='word_1_275' title='bbox 353 1919 468 1961; x_wconf 91' lang='lat' dir='ltr'><strong>annis</strong></span> <span class='ocrx_word' id='word_1_276' title='bbox 497 1924 612 1975; x_wconf 91' lang='lat' dir='ltr'><strong>post,</strong></span> <span class='ocrx_word' id='word_1_277' title='bbox 644 1919 880 1961; x_wconf 84' lang='lat' dir='ltr'><strong>Alexandro</strong></span> <span class='ocrx_word' id='word_1_278' title='bbox 912 1918 993 1960; x_wconf 92' lang='lat' dir='ltr'><strong>iam</strong></span> <span class='ocrx_word' id='word_1_279' title='bbox 1026 1917 1167 1959; x_wconf 90' lang='lat' dir='ltr'><strong>Asiam</strong></span> <span class='ocrx_word' id='word_1_280' title='bbox 1196 1922 1388 1967; x_wconf 85' lang='lat' dir='ltr'><strong>tenente3</strong></span> <span class='ocrx_word' id='word_1_281' title='bbox 1428 1918 1480 1958; x_wconf 92' lang='lat' dir='ltr'><strong>ad</strong></span> <span class='ocrx_word' id='word_1_282' title='bbox 1510 1918 1622 1973; x_wconf 91' lang='lat' dir='ltr'><strong>quod</strong></span> <span class='ocrx_word' id='word_1_283' title='bbox 1651 1915 1852 1958; x_wconf 90' lang='lat' dir='ltr'><strong>iudicium</strong></span> <span class='ocrx_word' id='word_1_284' title='bbox 1883 1930 1982 1957; x_wconf 92' lang='lat' dir='ltr'><strong>con-</strong></span> 
     </span>
     <span class='ocr_line' id='line_1_29' title="bbox 225 1978 1981 2029; baseline -0.003 -5"><span class='ocrx_word' id='word_1_285' title='bbox 225 1996 368 2024; x_wconf 92' lang='lat' dir='ltr'><strong>cursus</strong></span> <span class='ocrx_word' id='word_1_286' title='bbox 398 1981 546 2024; x_wconf 91' lang='lat' dir='ltr'><strong>dicitur</strong></span> <span class='ocrx_word' id='word_1_287' title='bbox 575 1997 598 2024; x_wconf 94' lang='lat' dir='ltr'><strong>e</strong></span> <span class='ocrx_word' id='word_1_288' title='bbox 628 1988 713 2024; x_wconf 88' lang='lat' dir='ltr'><strong>tota</strong></span> <span class='ocrx_word' id='word_1_289' title='bbox 744 1982 914 2023; x_wconf 89' lang='lat' dir='ltr'><strong>Graecia</strong></span> <span class='ocrx_word' id='word_1_290' title='bbox 943 1980 1073 2023; x_wconf 88' lang='lat' dir='ltr'><strong>factus</strong></span> <span class='ocrx_word' id='word_1_291' title='bbox 1105 1994 1211 2022; x_wconf 93' lang='lat' dir='ltr'><strong>esse.</strong></span> <span class='ocrx_word' id='word_1_292' title='bbox 1274 1979 1384 2029; x_wconf 86' lang='lat' dir='ltr'><strong>Quid</strong></span> <span class='ocrx_word' id='word_1_293' title='bbox 1417 1980 1526 2020; x_wconf 91' lang='lat' dir='ltr'><strong>enim</strong></span> <span class='ocrx_word' id='word_1_294' title='bbox 1557 1984 1641 2020; x_wconf 91' lang='lat' dir='ltr'><strong>tam</strong></span> <span class='ocrx_word' id='word_1_295' title='bbox 1673 1984 1743 2020; x_wconf 87' lang='lat' dir='ltr'><strong>aut</strong></span> <span class='ocrx_word' id='word_1_296' title='bbox 1762 1978 1981 2021; x_wconf 92' lang='lat' dir='ltr'><strong>visendum</strong></span> 
     </span>
     <span class='ocr_line' id='line_1_30' title="bbox 226 2041 1983 2099; baseline -0.003 -12"><span class='ocrx_word' id='word_1_297' title='bbox 226 2051 296 2087; x_wconf 88' lang='lat' dir='ltr'><strong>aut</strong></span> <span class='ocrx_word' id='word_1_298' title='bbox 338 2046 588 2087; x_wconf 90' lang='lat' dir='ltr'><strong>audiendum</strong></span> <span class='ocrx_word' id='word_1_299' title='bbox 631 2046 732 2094; x_wconf 86' lang='lat' dir='ltr'><strong>fuit,</strong></span> <span class='ocrx_word' id='word_1_300' title='bbox 783 2058 907 2099; x_wconf 91' lang='lat' dir='ltr'><strong>quam</strong></span> <span class='ocrx_word' id='word_1_301' title='bbox 946 2056 1204 2085; x_wconf 91' lang='lat' dir='ltr'><strong>summorum</strong></span> <span class='ocrx_word' id='word_1_302' title='bbox 1243 2047 1454 2084; x_wconf 88' lang='lat' dir='ltr'><strong>oratorum</strong></span> <span class='ocrx_word' id='word_1_303' title='bbox 1495 2042 1537 2083; x_wconf 94' lang='lat' dir='ltr'><strong>in</strong></span> <span class='ocrx_word' id='word_1_304' title='bbox 1576 2041 1820 2096; x_wconf 88' lang='lat' dir='ltr'><strong>gravissima</strong></span> <span class='ocrx_word' id='word_1_305' title='bbox 1859 2055 1983 2083; x_wconf 88' lang='lat' dir='ltr'><strong>causa</strong></span> 
     </span>
     <span class='ocr_line' id='line_1_31' title="bbox 177 2103 1978 2158; baseline -0.002 -9"><span class='ocrx_word' id='word_1_306' title='bbox 177 2123 212 2149; x_wconf 77' lang='lat' dir='ltr'><strong>ao</strong></span> <span class='ocrx_word' id='word_1_307' title='bbox 226 2114 410 2150; x_wconf 87' lang='lat' dir='ltr'><strong>accurata</strong></span> <span class='ocrx_word' id='word_1_308' title='bbox 441 2113 482 2149; x_wconf 91' lang='lat' dir='ltr'><strong>et</strong></span> <span class='ocrx_word' id='word_1_309' title='bbox 509 2107 731 2149; x_wconf 90' lang='lat' dir='ltr'><strong>inimicitiis</strong></span> <span class='ocrx_word' id='word_1_310' title='bbox 761 2108 931 2148; x_wconf 89' lang='lat' dir='ltr'><strong>incensa</strong></span> <span class='ocrx_word' id='word_1_311' title='bbox 962 2105 1200 2147; x_wconf 74' lang='lat' dir='ltr'><strong>contentio?</strong></span> <span class='ocrx_word' id='word_1_312' title='bbox 1250 2107 1318 2146; x_wconf 87' lang='lat'><strong>23.</strong></span> <span class='ocrx_word' id='word_1_313' title='bbox 1354 2106 1541 2155; x_wconf 89' lang='lat' dir='ltr'><strong>Quorum</strong></span> <span class='ocrx_word' id='word_1_314' title='bbox 1573 2118 1652 2158; x_wconf 89' lang='lat' dir='ltr'><strong>ego</strong></span> <span class='ocrx_word' id='word_1_315' title='bbox 1682 2103 1891 2146; x_wconf 87' lang='lat' dir='ltr'><strong>Orationes</strong></span> <span class='ocrx_word' id='word_1_316' title='bbox 1921 2105 1978 2154; x_wconf 91' lang='lat' dir='ltr'><strong>si,</strong></span> 
     </span>
     <span class='ocr_line' id='line_1_32' title="bbox 225 2166 1980 2227; baseline -0.002 -15"><span class='ocrx_word' id='word_1_317' title='bbox 225 2176 270 2213; x_wconf 88' lang='lat' dir='ltr'><strong>ut</strong></span> <span class='ocrx_word' id='word_1_318' title='bbox 307 2185 451 2227; x_wconf 82' lang='lat' dir='ltr'><strong>spem,</strong></span> <span class='ocrx_word' id='word_1_319' title='bbox 500 2170 556 2212; x_wconf 91' lang='lat' dir='ltr'><strong>ita</strong></span> <span class='ocrx_word' id='word_1_320' title='bbox 594 2183 864 2226; x_wconf 82' lang='lat' dir='ltr'><strong>expressero,</strong></span> <span class='ocrx_word' id='word_1_321' title='bbox 917 2170 1140 2211; x_wconf 87' lang='lat' dir='ltr'><strong>virtutihus</strong></span> <span class='ocrx_word' id='word_1_322' title='bbox 1179 2173 1300 2209; x_wconf 90' lang='lat' dir='ltr'><strong>utens</strong></span> <span class='ocrx_word' id='word_1_323' title='bbox 1338 2167 1503 2210; x_wconf 90' lang='lat' dir='ltr'><strong>illorum</strong></span> <span class='ocrx_word' id='word_1_324' title='bbox 1547 2168 1766 2216; x_wconf 91' lang='lat' dir='ltr'><strong>omnihus,</strong></span> <span class='ocrx_word' id='word_1_325' title='bbox 1817 2166 1861 2209; x_wconf 91' lang='lat' dir='ltr'><strong>id</strong></span> <span class='ocrx_word' id='word_1_326' title='bbox 1899 2172 1980 2216; x_wconf 90' lang='lat' dir='ltr'><strong>est,</strong></span> 
     </span>
     <span class='ocr_line' id='line_1_33' title="bbox 226 2231 1979 2286; baseline -0.002 -10"><span class='ocrx_word' id='word_1_327' title='bbox 226 2234 439 2276; x_wconf 90' lang='lat' dir='ltr'><strong>sententiis</strong></span> <span class='ocrx_word' id='word_1_328' title='bbox 471 2238 511 2275; x_wconf 90' lang='lat' dir='ltr'><strong>et</strong></span> <span class='ocrx_word' id='word_1_329' title='bbox 540 2246 679 2274; x_wconf 90' lang='lat' dir='ltr'><strong>earum</strong></span> <span class='ocrx_word' id='word_1_330' title='bbox 709 2231 851 2285; x_wconf 88' lang='lat' dir='ltr'><strong>figuris</strong></span> <span class='ocrx_word' id='word_1_331' title='bbox 884 2236 925 2273; x_wconf 92' lang='lat' dir='ltr'><strong>et</strong></span> <span class='ocrx_word' id='word_1_332' title='bbox 954 2244 1093 2272; x_wconf 90' lang='lat' dir='ltr'><strong>rerum</strong></span> <span class='ocrx_word' id='word_1_333' title='bbox 1124 2232 1292 2278; x_wconf 92' lang='lat' dir='ltr'><strong>ordine,</strong></span> <span class='ocrx_word' id='word_1_334' title='bbox 1338 2233 1468 2273; x_wconf 87' lang='lat' dir='ltr'><strong>verba</strong></span> <span class='ocrx_word' id='word_1_335' title='bbox 1497 2244 1756 2286; x_wconf 90' lang='lat' dir='ltr'><strong>persequens</strong></span> <span class='ocrx_word' id='word_1_336' title='bbox 1787 2234 1979 2279; x_wconf 90' lang='lat' dir='ltr'><strong>eatenus,</strong></span> 
     </span>
     <span class='ocr_line' id='line_1_34' title="bbox 225 2293 1984 2349; baseline -0.003 -10"><span class='ocrx_word' id='word_1_337' title='bbox 225 2303 272 2339; x_wconf 90' lang='lat' dir='ltr'><strong>ut</strong></span> <span class='ocrx_word' id='word_1_338' title='bbox 291 2311 339 2339; x_wconf 91' lang='lat' dir='ltr'><strong>ea</strong></span> <span class='ocrx_word' id='word_1_339' title='bbox 358 2310 441 2339; x_wconf 91' lang='lat' dir='ltr'><strong>non</strong></span> <span class='ocrx_word' id='word_1_340' title='bbox 462 2295 712 2339; x_wconf 88' lang='lat' dir='ltr'><strong>abhorreant</strong></span> <span class='ocrx_word' id='word_1_341' title='bbox 733 2309 756 2336; x_wconf 90' lang='lat' dir='ltr'><strong>a</strong></span> <span class='ocrx_word' id='word_1_342' title='bbox 775 2307 893 2336; x_wconf 89' lang='lat' dir='ltr'><strong>more</strong></span> <span class='ocrx_word' id='word_1_343' title='bbox 914 2300 1057 2336; x_wconf 85' lang='lat' dir='ltr'><strong>nostro</strong></span> <span class='ocrx_word' id='word_1_344' title='bbox 1088 2317 1142 2324; x_wconf 93' lang='lat'><strong>—</strong></span> <span class='ocrx_word' id='word_1_345' title='bbox 1171 2307 1275 2349; x_wconf 90' lang='lat' dir='ltr'><strong>quae</strong></span> <span class='ocrx_word' id='word_1_346' title='bbox 1308 2295 1343 2335; x_wconf 93' lang='lat' dir='ltr'><strong>si</strong></span> <span class='ocrx_word' id='word_1_347' title='bbox 1374 2308 1396 2334; x_wconf 93' lang='lat' dir='ltr'><strong>e</strong></span> <span class='ocrx_word' id='word_1_348' title='bbox 1419 2293 1584 2336; x_wconf 86' lang='lat' dir='ltr'><strong>Graecis</strong></span> <span class='ocrx_word' id='word_1_349' title='bbox 1614 2294 1753 2335; x_wconf 89' lang='lat' dir='ltr'><strong>omnia</strong></span> <span class='ocrx_word' id='word_1_350' title='bbox 1782 2306 1984 2335; x_wconf 88' lang='lat' dir='ltr'><strong>conversa</strong></span> 
     </span>
     <span class='ocr_line' id='line_1_35' title="bbox 226 2355 1980 2413; baseline -0.002 -12"><span class='ocrx_word' id='word_1_351' title='bbox 226 2373 310 2402; x_wconf 92' lang='lat' dir='ltr'><strong>non</strong></span> <span class='ocrx_word' id='word_1_352' title='bbox 341 2365 485 2409; x_wconf 89' lang='lat' dir='ltr'><strong>erunt,</strong></span> <span class='ocrx_word' id='word_1_353' title='bbox 518 2366 653 2402; x_wconf 91' lang='lat' dir='ltr'><strong>tamen</strong></span> <span class='ocrx_word' id='word_1_354' title='bbox 683 2364 728 2400; x_wconf 93' lang='lat' dir='ltr'><strong>ut</strong></span> <span class='ocrx_word' id='word_1_355' title='bbox 758 2357 923 2413; x_wconf 89' lang='lat' dir='ltr'><strong>generis</strong></span> <span class='ocrx_word' id='word_1_356' title='bbox 954 2358 1140 2398; x_wconf 91' lang='lat' dir='ltr'><strong>eiusdem</strong></span> <span class='ocrx_word' id='word_1_357' title='bbox 1170 2356 1251 2398; x_wconf 89' lang='lat' dir='ltr'><strong>sint</strong></span> <span class='ocrx_word' id='word_1_358' title='bbox 1283 2355 1586 2398; x_wconf 87' lang='lat' dir='ltr'><strong>elaboravimus</strong></span> <span class='ocrx_word' id='word_1_359' title='bbox 1604 2380 1680 2405; x_wconf 93' lang='lat'><strong>—‚</strong></span> <span class='ocrx_word' id='word_1_360' title='bbox 1707 2355 1786 2398; x_wconf 89' lang='lat' dir='ltr'><strong>erit</strong></span> <span class='ocrx_word' id='word_1_361' title='bbox 1822 2356 1980 2411; x_wconf 87' lang='lat' dir='ltr'><strong>regula,</strong></span> 
     </span>
     <span class='ocr_line' id='line_1_36' title="bbox 178 2418 1983 2478; baseline -0.003 -13"><span class='ocrx_word' id='word_1_362' title='bbox 178 2433 215 2461; x_wconf 82' lang='lat'><strong>³⁵</strong></span> <span class='ocrx_word' id='word_1_363' title='bbox 229 2425 280 2464; x_wconf 89' lang='lat' dir='ltr'><strong>ad</strong></span> <span class='ocrx_word' id='word_1_364' title='bbox 310 2437 431 2478; x_wconf 91' lang='lat' dir='ltr'><strong>quam</strong></span> <span class='ocrx_word' id='word_1_365' title='bbox 461 2437 607 2464; x_wconf 90' lang='lat' dir='ltr'><strong>eorum</strong></span> <span class='ocrx_word' id='word_1_366' title='bbox 638 2421 865 2475; x_wconf 84' lang='lat' dir='ltr'><strong>dirigantur</strong></span> <span class='ocrx_word' id='word_1_367' title='bbox 895 2419 1123 2468; x_wconf 83' lang='lat' dir='ltr'><strong>orationes,</strong></span> <span class='ocrx_word' id='word_1_368' title='bbox 1172 2418 1244 2474; x_wconf 91' lang='lat' dir='ltr'><strong>qui</strong></span> <span class='ocrx_word' id='word_1_369' title='bbox 1273 2421 1405 2460; x_wconf 91' lang='lat' dir='ltr'><strong>Attice</strong></span> <span class='ocrx_word' id='word_1_370' title='bbox 1435 2419 1575 2461; x_wconf 91' lang='lat' dir='ltr'><strong>volent</strong></span> <span class='ocrx_word' id='word_1_371' title='bbox 1604 2418 1757 2461; x_wconf 88' lang='lat' dir='ltr'><strong>dicere.</strong></span> <span class='ocrx_word' id='word_1_372' title='bbox 1819 2420 1901 2460; x_wconf 89' lang='lat' dir='ltr'><strong>Sed</strong></span> <span class='ocrx_word' id='word_1_373' title='bbox 1932 2421 1983 2461; x_wconf 89' lang='lat' dir='ltr'><strong>de</strong></span> 
     </span>
     <span class='ocr_line' id='line_1_37' title="bbox 230 2481 1980 2540; baseline -0.002 -13"><span class='ocrx_word' id='word_1_374' title='bbox 230 2486 348 2528; x_wconf 88' lang='lat' dir='ltr'><strong>nobis</strong></span> <span class='ocrx_word' id='word_1_375' title='bbox 368 2485 477 2527; x_wconf 87' lang='lat' dir='ltr'><strong>satis.</strong></span> <span class='ocrx_word' id='word_1_376' title='bbox 535 2486 766 2540; x_wconf 91' lang='lat' dir='ltr'><strong>Aliquando</strong></span> <span class='ocrx_word' id='word_1_377' title='bbox 790 2483 901 2525; x_wconf 90' lang='lat' dir='ltr'><strong>enim</strong></span> <span class='ocrx_word' id='word_1_378' title='bbox 923 2481 1172 2524; x_wconf 91' lang='lat' dir='ltr'><strong>Aeschinem</strong></span> <span class='ocrx_word' id='word_1_379' title='bbox 1192 2483 1329 2538; x_wconf 90' lang='lat' dir='ltr'><strong>ipsum</strong></span> <span class='ocrx_word' id='word_1_380' title='bbox 1351 2483 1493 2524; x_wconf 90' lang='lat' dir='ltr'><strong>Latine</strong></span> <span class='ocrx_word' id='word_1_381' title='bbox 1515 2483 1720 2524; x_wconf 90' lang='lat' dir='ltr'><strong>dicentem</strong></span> <span class='ocrx_word' id='word_1_382' title='bbox 1750 2481 1980 2524; x_wconf 88' lang='lat' dir='ltr'><strong>audiamus.</strong></span> 
     </span>
    </p>
   </div>
   <div class='ocr_carea' id='block_1_3' title="bbox 231 2627 1985 3044">
    <p class='ocr_par' dir='ltr' id='par_1_3' title="bbox 231 2627 1985 3044">
     <span class='ocr_line' id='line_1_38' title="bbox 319 2627 1982 2669; baseline -0.001 -8"><span class='ocrx_word' id='word_1_383' title='bbox 319 2630 353 2662; x_wconf 87' lang='lat'><strong>7.</strong></span> <span class='ocrx_word' id='word_1_384' title='bbox 380 2639 440 2669; x_wconf 79' lang='lat' dir='ltr'><strong>Qvi</strong></span> <span class='ocrx_word' id='word_1_385' title='bbox 465 2639 485 2661; x_wconf 78' lang='lat' dir='ltr'><strong>A</strong></span> <span class='ocrx_word' id='word_1_386' title='bbox 511 2638 664 2664; x_wconf 78' lang='lat' dir='ltr'><strong>SENATV,</strong></span> <span class='ocrx_word' id='word_1_387' title='bbox 704 2639 742 2662; x_wconf 80' lang='grc' dir='ltr'><strong>ιΝ</strong></span> <span class='ocrx_word' id='word_1_388' title='bbox 772 2638 930 2661; x_wconf 78' lang='lat' dir='ltr'><strong>SENATV:</strong></span> <span class='ocrx_word' id='word_1_389' title='bbox 972 2628 1212 2660; x_wconf 81' lang='lat' dir='ltr'><strong>Demosthenes</strong></span> <span class='ocrx_word' id='word_1_390' title='bbox 1243 2628 1425 2665; x_wconf 89' lang='lat' dir='ltr'><strong>Muretus,</strong></span> <span class='ocrx_word' id='word_1_391' title='bbox 1463 2627 1503 2659; x_wconf 92' lang='lat' dir='ltr'><strong>P.</strong></span> <span class='ocrx_word' id='word_1_392' title='bbox 1527 2627 1660 2666; x_wconf 85' lang='lat' dir='ltr'><strong>Faber,</strong></span> <span class='ocrx_word' id='word_1_393' title='bbox 1702 2628 1759 2659; x_wconf 86' lang='lat' dir='ltr'><strong>Fr.</strong></span> <span class='ocrx_word' id='word_1_394' title='bbox 1781 2627 1982 2660; x_wconf 81' lang='lat' dir='ltr'><strong>Morellius:</strong></span> 
     </span>
     <span class='ocr_line' id='line_1_39' title="bbox 231 2673 1984 2716; baseline -0.001 -9"><span class='ocrx_word' id='word_1_395' title='bbox 231 2677 314 2716; x_wconf 77' lang='lat' dir='ltr'><strong>quia</strong></span> <span class='ocrx_word' id='word_1_396' title='bbox 338 2677 375 2708; x_wconf 80' lang='lat' dir='ltr'><strong>in</strong></span> <span class='ocrx_word' id='word_1_397' title='bbox 398 2681 519 2708; x_wconf 84' lang='lat' dir='ltr'><strong>senatu</strong></span> <span class='ocrx_word' id='word_1_398' title='bbox 536 2676 774 2708; x_wconf 80' lang='lat' dir='ltr'><strong>Demosthenes</strong></span> <span class='ocrx_word' id='word_1_399' title='bbox 801 2685 818 2708; x_wconf 89' lang='lat' dir='ltr'><strong>a</strong></span> <span class='ocrx_word' id='word_1_400' title='bbox 838 2686 869 2713; x_wconf 81' lang='lat' dir='ltr'><strong>v.</strong></span> <span class='ocrx_word' id='word_1_401' title='bbox 895 2676 967 2708; x_wconf 88' lang='lat' dir='ltr'><strong>NE.</strong></span> <span class='ocrx_word' id='word_1_402' title='bbox 988 2692 1029 2697; x_wconf 92' lang='lat'>—</span> <span class='ocrx_word' id='word_1_403' title='bbox 1056 2676 1090 2707; x_wconf 80' lang='grc'><strong>9.</strong></span> <span class='ocrx_word' id='word_1_404' title='bbox 1118 2675 1177 2706; x_wconf 82' lang='lat' dir='ltr'><strong>illo</strong></span> <span class='ocrx_word' id='word_1_405' title='bbox 1204 2683 1236 2713; x_wconf 86' lang='lat' dir='ltr'><strong>a,</strong></span> <span class='ocrx_word' id='word_1_406' title='bbox 1264 2675 1318 2707; x_wconf 90' lang='lat' dir='ltr'><strong>N:</strong></span> <span class='ocrx_word' id='word_1_407' title='bbox 1347 2683 1384 2705; x_wconf 90' lang='lat' dir='ltr'><strong>eo</strong></span> <span class='ocrx_word' id='word_1_408' title='bbox 1411 2683 1442 2713; x_wconf 87' lang='lat' dir='ltr'><strong>v,</strong></span> <span class='ocrx_word' id='word_1_409' title='bbox 1468 2676 1543 2714; x_wconf 85' lang='lat' dir='ltr'><strong>ipso</strong></span> <span class='ocrx_word' id='word_1_410' title='bbox 1568 2683 1646 2706; x_wconf 92' lang='lat' dir='ltr'><strong>cum</strong></span> <span class='ocrx_word' id='word_1_411' title='bbox 1671 2673 1760 2706; x_wconf 81' lang='lat' dir='ltr'><strong>Aldo</strong></span> <span class='ocrx_word' id='word_1_412' title='bbox 1788 2677 1984 2715; x_wconf 80' lang='lat' dir='ltr'><strong>ceterisque</strong></span> 
     </span>
     <span class='ocr_line' id='line_1_40' title="bbox 232 2721 1983 2764; baseline -0.001 -9"><span class='ocrx_word' id='word_1_413' title='bbox 232 2724 272 2755; x_wconf 90' lang='lat' dir='ltr'><strong>E.</strong></span> <span class='ocrx_word' id='word_1_414' title='bbox 301 2739 339 2745; x_wconf 94' lang='lat'><strong>—-</strong></span> <span class='ocrx_word' id='word_1_415' title='bbox 368 2723 422 2754; x_wconf 81' lang='lat'><strong>12.</strong></span> <span class='ocrx_word' id='word_1_416' title='bbox 450 2733 482 2754; x_wconf 69' lang='grc' dir='ltr'><strong>ιε</strong></span> <span class='ocrx_word' id='word_1_417' title='bbox 507 2732 596 2755; x_wconf 77' lang='lat' dir='ltr'><strong>ERGA</strong></span> <span class='ocrx_word' id='word_1_418' title='bbox 625 2732 657 2760; x_wconf 87' lang='lat' dir='ltr'><strong>a,</strong></span> <span class='ocrx_word' id='word_1_419' title='bbox 683 2723 730 2754; x_wconf 88' lang='lat' dir='ltr'><strong>N:</strong></span> <span class='ocrx_word' id='word_1_420' title='bbox 760 2731 843 2764; x_wconf 75' lang='lat' dir='ltr'><strong>crya</strong></span> <span class='ocrx_word' id='word_1_421' title='bbox 869 2732 936 2754; x_wconf 87' lang='lat' dir='ltr'><strong>om.</strong></span> <span class='ocrx_word' id='word_1_422' title='bbox 965 2724 994 2754; x_wconf 76' lang='lat' dir='ltr'><strong>is</strong></span> <span class='ocrx_word' id='word_1_423' title='bbox 1021 2732 1059 2758; x_wconf 85' lang='lat' dir='ltr'><strong>v,</strong></span> <span class='ocrx_word' id='word_1_424' title='bbox 1087 2722 1215 2759; x_wconf 82' lang='lat' dir='ltr'><strong>Aldus,</strong></span> <span class='ocrx_word' id='word_1_425' title='bbox 1245 2722 1285 2753; x_wconf 90' lang='lat' dir='ltr'><strong>E.</strong></span> <span class='ocrx_word' id='word_1_426' title='bbox 1307 2738 1342 2745; x_wconf 91' lang='lat'><em>-</em></span> <span class='ocrx_word' id='word_1_427' title='bbox 1372 2723 1429 2752; x_wconf 86' lang='lat'><strong>20.</strong></span> <span class='ocrx_word' id='word_1_428' title='bbox 1458 2731 1565 2753; x_wconf 82' lang='lat' dir='ltr'><strong>causa</strong></span> <span class='ocrx_word' id='word_1_429' title='bbox 1588 2722 1654 2760; x_wconf 81' lang='lat' dir='ltr'><strong>suit</strong></span> <span class='ocrx_word' id='word_1_430' title='bbox 1678 2730 1696 2753; x_wconf 85' lang='lat' dir='ltr'><strong>a</strong></span> <span class='ocrx_word' id='word_1_431' title='bbox 1722 2730 1760 2758; x_wconf 89' lang='lat' dir='ltr'><strong>v,</strong></span> <span class='ocrx_word' id='word_1_432' title='bbox 1789 2721 1877 2753; x_wconf 89' lang='lat' dir='ltr'><strong>Edd.</strong></span> <span class='ocrx_word' id='word_1_433' title='bbox 1905 2727 1983 2754; x_wconf 82' lang='lat' dir='ltr'><strong>ante</strong></span> 
     </span>
     <span class='ocr_line' id='line_1_41' title="bbox 234 2768 1985 2810; baseline 0.001 -11"><span class='ocrx_word' id='word_1_434' title='bbox 234 2769 377 2807; x_wconf 55' lang='lat' dir='ltr'><strong>mint»,</strong></span> <span class='ocrx_word' id='word_1_435' title='bbox 413 2778 564 2810; x_wconf 88' lang='lat' dir='ltr'><strong>quocum</strong></span> <span class='ocrx_word' id='word_1_436' title='bbox 595 2770 619 2800; x_wconf 86' lang='lat' dir='ltr'>E</span> <span class='ocrx_word' id='word_1_437' title='bbox 648 2772 762 2800; x_wconf 87' lang='lat' dir='ltr'><strong>omisit</strong></span> <span class='ocrx_word' id='word_1_438' title='bbox 787 2779 818 2801; x_wconf 91' lang='lat' dir='ltr'><strong>v.</strong></span> <span class='ocrx_word' id='word_1_439' title='bbox 846 2769 924 2808; x_wconf 74' lang='lat' dir='ltr'><strong>suit.</strong></span> <span class='ocrx_word' id='word_1_440' title='bbox 965 2786 1004 2791; x_wconf 97' lang='lat'><strong>—</strong></span> <span class='ocrx_word' id='word_1_441' title='bbox 1047 2769 1104 2800; x_wconf 79' lang='lat'><strong>21.</strong></span> <span class='ocrx_word' id='word_1_442' title='bbox 1133 2778 1210 2800; x_wconf 80' lang='lat' dir='ltr'><strong>cum</strong></span> <span class='ocrx_word' id='word_1_443' title='bbox 1236 2777 1274 2800; x_wconf 89' lang='lat' dir='ltr'><strong>a:</strong></span> <span class='ocrx_word' id='word_1_444' title='bbox 1320 2769 1415 2807; x_wconf 82' lang='lat' dir='ltr'><strong>quod</strong></span> <span class='ocrx_word' id='word_1_445' title='bbox 1446 2769 1497 2806; x_wconf 85' lang='lat' dir='ltr'><strong>N,</strong></span> <span class='ocrx_word' id='word_1_446' title='bbox 1536 2768 1662 2805; x_wconf 80' lang='lat' dir='ltr'><strong>Aldus,</strong></span> <span class='ocrx_word' id='word_1_447' title='bbox 1702 2769 1868 2808; x_wconf 81' lang='lat' dir='ltr'><strong>quoniam</strong></span> <span class='ocrx_word' id='word_1_448' title='bbox 1906 2776 1985 2800; x_wconf 90' lang='lat' dir='ltr'><strong>cum</strong></span> 
     </span>
     <span class='ocr_line' id='line_1_42' title="bbox 234 2815 1985 2856; baseline -0.001 -9"><span class='ocrx_word' id='word_1_449' title='bbox 234 2816 442 2849; x_wconf 82' lang='lat' dir='ltr'><strong>Ascensiana</strong></span> <span class='ocrx_word' id='word_1_450' title='bbox 467 2817 617 2848; x_wconf 87' lang='lat' dir='ltr'><strong>secunda</strong></span> <span class='ocrx_word' id='word_1_451' title='bbox 646 2821 680 2848; x_wconf 91' lang='lat' dir='ltr'><strong>et</strong></span> <span class='ocrx_word' id='word_1_452' title='bbox 704 2825 802 2855; x_wconf 83' lang='lat' dir='ltr'><strong>seqq·</strong></span> <span class='ocrx_word' id='word_1_453' title='bbox 831 2816 869 2847; x_wconf 86' lang='lat' dir='ltr'><strong>E.</strong></span> <span class='ocrx_word' id='word_1_454' title='bbox 899 2832 940 2837; x_wconf 85' lang='lat'>—</span> <span class='ocrx_word' id='word_1_455' title='bbox 965 2816 1023 2846; x_wconf 86' lang='lat'><strong>25.</strong></span> <span class='ocrx_word' id='word_1_456' title='bbox 1050 2816 1173 2856; x_wconf 80' lang='lat' dir='ltr'><strong>petivit</strong></span> <span class='ocrx_word' id='word_1_457' title='bbox 1199 2824 1217 2847; x_wconf 88' lang='lat' dir='ltr'><strong>a</strong></span> <span class='ocrx_word' id='word_1_458' title='bbox 1244 2823 1284 2846; x_wconf 88' lang='lat' dir='ltr'><strong>v:</strong></span> <span class='ocrx_word' id='word_1_459' title='bbox 1309 2816 1409 2855; x_wconf 81' lang='lat' dir='ltr'><strong>petiit</strong></span> <span class='ocrx_word' id='word_1_460' title='bbox 1436 2816 1461 2847; x_wconf 90' lang='lat' dir='ltr'>E</span> <span class='ocrx_word' id='word_1_461' title='bbox 1488 2824 1564 2847; x_wconf 91' lang='lat' dir='ltr'><strong>cum</strong></span> <span class='ocrx_word' id='word_1_462' title='bbox 1592 2817 1726 2846; x_wconf 84' lang='lat' dir='ltr'><strong>ceteris.</strong></span> <span class='ocrx_word' id='word_1_463' title='bbox 1755 2831 1794 2838; x_wconf 87' lang='lat'>-</span> <span class='ocrx_word' id='word_1_464' title='bbox 1824 2815 1881 2846; x_wconf 88' lang='lat'><strong>28.</strong></span> <span class='ocrx_word' id='word_1_465' title='bbox 1911 2821 1985 2846; x_wconf 79' lang='lat' dir='ltr'><strong>tam</strong></span> 
     </span>
     <span class='ocr_line' id='line_1_43' title="bbox 234 2860 1984 2903; baseline 0 -10"><span class='ocrx_word' id='word_1_466' title='bbox 234 2866 296 2893; x_wconf 84' lang='lat' dir='ltr'><strong>aut</strong></span> <span class='ocrx_word' id='word_1_467' title='bbox 321 2870 359 2894; x_wconf 86' lang='lat' dir='ltr'><strong>a:</strong></span> <span class='ocrx_word' id='word_1_468' title='bbox 398 2868 459 2894; x_wconf 82' lang='lat' dir='ltr'><strong>aut</strong></span> <span class='ocrx_word' id='word_1_469' title='bbox 484 2867 555 2894; x_wconf 81' lang='lat' dir='ltr'><strong>tam</strong></span> <span class='ocrx_word' id='word_1_470' title='bbox 581 2863 606 2894; x_wconf 88' lang='lat' dir='ltr'>E</span> <span class='ocrx_word' id='word_1_471' title='bbox 632 2870 707 2894; x_wconf 85' lang='lat' dir='ltr'><strong>cum</strong></span> <span class='ocrx_word' id='word_1_472' title='bbox 734 2864 870 2894; x_wconf 81' lang='lat' dir='ltr'><strong>ceteris.</strong></span> <span class='ocrx_word' id='word_1_473' title='bbox 912 2878 947 2884; x_wconf 80' lang='lat'><strong>—-</strong></span> <span class='ocrx_word' id='word_1_474' title='bbox 992 2862 1047 2894; x_wconf 86' lang='lat'><strong>30.</strong></span> <span class='ocrx_word' id='word_1_475' title='bbox 1075 2864 1105 2893; x_wconf 78' lang='lat' dir='ltr'><strong>si</strong></span> <span class='ocrx_word' id='word_1_476' title='bbox 1130 2860 1180 2902; x_wconf 84' lang='lat' dir='ltr'><strong>ut]</strong></span> <span class='ocrx_word' id='word_1_477' title='bbox 1207 2862 1295 2893; x_wconf 69' lang='lat' dir='ltr'><strong>sicut</strong></span> <span class='ocrx_word' id='word_1_478' title='bbox 1319 2870 1358 2899; x_wconf 79' lang='lat' dir='ltr'><strong>a,</strong></span> <span class='ocrx_word' id='word_1_479' title='bbox 1398 2862 1630 2903; x_wconf 76' lang='lat' dir='ltr'><strong>Hieronymus</strong></span> <span class='ocrx_word' id='word_1_480' title='bbox 1657 2861 1699 2893; x_wconf 86' lang='lat' dir='ltr'><strong>ad</strong></span> <span class='ocrx_word' id='word_1_481' title='bbox 1725 2861 1984 2894; x_wconf 84' lang='lat' dir='ltr'><strong>Pammachium</strong></span> 
     </span>
     <span class='ocr_line' id='line_1_44' title="bbox 238 2907 1982 2948; baseline 0.001 -9"><span class='ocrx_word' id='word_1_482' title='bbox 238 2908 258 2939; x_wconf 89' lang='grc' dir='ltr'><strong>Ι.</strong></span> <span class='ocrx_word' id='word_1_483' title='bbox 280 2909 301 2939; x_wconf 85' lang='grc'><strong>1.</strong></span> <span class='ocrx_word' id='word_1_484' title='bbox 331 2924 361 2930; x_wconf 90' lang='grc'><strong>-</strong></span> <span class='ocrx_word' id='word_1_485' title='bbox 408 2909 464 2941; x_wconf 89' lang='grc'><strong>33.</strong></span> <span class='ocrx_word' id='word_1_486' title='bbox 492 2910 523 2940; x_wconf 77' lang='grc' dir='ltr'><strong>εἰ</strong></span> <span class='ocrx_word' id='word_1_487' title='bbox 550 2907 693 2941; x_wconf 82' lang='lat' dir='ltr'><strong>Graecis</strong></span> <span class='ocrx_word' id='word_1_488' title='bbox 719 2909 838 2940; x_wconf 79' lang='lat' dir='ltr'><strong>omnia</strong></span> <span class='ocrx_word' id='word_1_489' title='bbox 864 2909 982 2940; x_wconf 82' lang='lat' dir='ltr'><strong>omnia</strong></span> <span class='ocrx_word' id='word_1_490' title='bbox 1006 2908 1085 2948; x_wconf 90' lang='lat' dir='ltr'><strong>(sic)</strong></span> <span class='ocrx_word' id='word_1_491' title='bbox 1113 2917 1277 2941; x_wconf 80' lang='lat' dir='ltr'><strong>conversa</strong></span> <span class='ocrx_word' id='word_1_492' title='bbox 1301 2917 1333 2940; x_wconf 86' lang='lat' dir='ltr'><strong>a.</strong></span> <span class='ocrx_word' id='word_1_493' title='bbox 1373 2924 1414 2931; x_wconf 90' lang='lat'><strong>—</strong></span> <span class='ocrx_word' id='word_1_494' title='bbox 1458 2908 1515 2941; x_wconf 72' lang='lat'><strong>34.</strong></span> <span class='ocrx_word' id='word_1_495' title='bbox 1545 2908 1800 2940; x_wconf 78' lang='lat' dir='ltr'><strong>elaborabimus</strong></span> <span class='ocrx_word' id='word_1_496' title='bbox 1825 2916 1843 2939; x_wconf 87' lang='lat' dir='ltr'><strong>a</strong></span> <span class='ocrx_word' id='word_1_497' title='bbox 1869 2917 1908 2945; x_wconf 82' lang='lat' dir='ltr'><strong>v,</strong></span> <span class='ocrx_word' id='word_1_498' title='bbox 1935 2908 1982 2947; x_wconf 89' lang='lat' dir='ltr'><strong>N,</strong></span> 
     </span>
     <span class='ocr_line' id='line_1_45' title="bbox 237 2954 1984 2997; baseline 0.002 -12"><span class='ocrx_word' id='word_1_499' title='bbox 237 2955 441 2991; x_wconf 80' lang='lat' dir='ltr'><strong>Ascensius,</strong></span> <span class='ocrx_word' id='word_1_500' title='bbox 469 2961 507 2987; x_wconf 81' lang='lat' dir='ltr'><strong>ut</strong></span> <span class='ocrx_word' id='word_1_501' title='bbox 534 2956 669 2987; x_wconf 86' lang='lat' dir='ltr'><strong>volebat</strong></span> <span class='ocrx_word' id='word_1_502' title='bbox 695 2954 918 2988; x_wconf 86' lang='lat' dir='ltr'><strong>Gulielmius.</strong></span> <span class='ocrx_word' id='word_1_503' title='bbox 970 2955 1013 2987; x_wconf 90' lang='lat' dir='ltr'><strong>Ut</strong></span> <span class='ocrx_word' id='word_1_504' title='bbox 1038 2964 1122 2994; x_wconf 88' lang='lat' dir='ltr'><strong>nos,</strong></span> <span class='ocrx_word' id='word_1_505' title='bbox 1159 2956 1409 2997; x_wconf 81' lang='lat' dir='ltr'><strong>Hieronymus.</strong></span> <span class='ocrx_word' id='word_1_506' title='bbox 1437 2972 1481 2978; x_wconf 87' lang='lat'>-</span> <span class='ocrx_word' id='word_1_507' title='bbox 1519 2954 1576 2988; x_wconf 89' lang='lat'><strong>35.</strong></span> <span class='ocrx_word' id='word_1_508' title='bbox 1606 2955 1745 2988; x_wconf 83' lang='lat' dir='ltr'><strong>Habent</strong></span> <span class='ocrx_word' id='word_1_509' title='bbox 1769 2955 1883 2987; x_wconf 81' lang='lat' dir='ltr'><strong>volent</strong></span> <span class='ocrx_word' id='word_1_510' title='bbox 1906 2962 1925 2986; x_wconf 85' lang='lat' dir='ltr'><strong>a</strong></span> <span class='ocrx_word' id='word_1_511' title='bbox 1950 2963 1984 2994; x_wconf 78' lang='lat' dir='ltr'><strong>v,</strong></span> 
     </span>
     <span class='ocr_line' id='line_1_46' title="bbox 238 2999 662 3044; baseline 0.002 -12"><span class='ocrx_word' id='word_1_512' title='bbox 238 3005 276 3033; x_wconf 87' lang='lat' dir='ltr'><strong>ut</strong></span> <span class='ocrx_word' id='word_1_513' title='bbox 300 3001 340 3033; x_wconf 86' lang='lat' dir='ltr'><strong>E.</strong></span> <span class='ocrx_word' id='word_1_514' title='bbox 368 3003 500 3040; x_wconf 76' lang='lat' dir='ltr'><strong>(volunt</strong></span> <span class='ocrx_word' id='word_1_515' title='bbox 527 2999 662 3044; x_wconf 86' lang='lat' dir='ltr'><strong>ceteri.)</strong></span> 
     </span>
    </p>
   </div>
  </div>
 </body>
</html>
