2117 3762
225 152 307 195 501-
774 149 844 189 DE
876 146 992 188 OPT.
1018 145 1228 187 GENERE
1259 145 1415 187 ORAT.

225 256 400 307 coloris,
434 269 506 298 eos
534 255 762 301 imitemur,
795 254 827 293 si
856 264 1100 307 possumus;
1142 251 1205 292 sin
1234 249 1392 299 minus,
1425 248 1519 290 illos
1547 251 1703 305 potius,
1738 250 1809 307 qui
1838 251 1977 293 incor-

223 325 346 375 rupta
365 319 539 361 sanitate
563 322 657 358 sunt
676 339 729 346 —
748 315 858 370 quod
883 319 944 354 est
963 311 1182 366 proprium
1202 311 1435 354 Atticorum
1451 335 1528 360 —,
1553 325 1676 366 quam
1698 325 1973 368 eos,quorum

223 384 374 424 vitiosa
394 380 641 424 abundantia
663 383 744 424 est,
779 374 919 431 quales
934 374 1029 416 Asia
1049 373 1198 416 multos
1219 373 1325 416 tulit.
1371 376 1410 415 9.
1447 372 1569 424 Quod
1592 388 1685 416 cum
1705 373 1906 417 faciemus
1923 398 1978 406 -

224 445 259 487 si
288 444 410 486 modo
441 442 483 484 id
514 442 647 496 ipsum
680 451 974 493 assequemur;
1008 441 1070 477 est
1100 437 1211 477 enim
1239 450 1512 491 permagnum
1534 459 1612 485 —‚
1660 435 1893 488 imitemur,
1941 439 1976 479 si

193 506 502 563 spotuerimus‚
547 502 736 559 Lysiam,
782 505 822 541 et
851 499 939 541 eius
970 498 1138 553 quidem
1171 498 1410 540 tenuitatem
1440 498 1724 554 potissimum3
1776 505 1839 541 est
1868 500 1978 542 enim

222 569 361 611 multis
401 568 499 609 locis
539 566 754 619 grandior,
805 564 877 604 sed
914 563 1008 616 quia
1049 566 1088 603 et
1127 562 1308 615 privatas
1346 560 1415 602 ille
1446 562 1665 616 plerasque
1698 566 1738 602 et
1769 574 1837 603 eas
1866 561 1978 616 ipsas

221 632 313 674 aliis
342 636 382 672 et
411 642 630 685 parvarum
660 638 799 668 rerum
831 623 1018 666 causulas
1049 622 1235 677 scripsit,
1268 622 1433 664 videtur
1463 636 1552 665 6556
1581 623 1782 672 ieiunior‚
1815 638 1906 666 cum
1931 638 1976 666 se

221 697 309 750 ipse
347 691 533 734 consulto
563 689 614 731 ad
651 690 899 730 minutarum
931 699 1147 727 causarum
1178 699 1333 739 genera
1362 684 1581 728 limaverit.
1639 688 1710 729 1V.
1752 687 1875 736 Quod
1906 688 1978 742 qui

220 758 275 800 ita
304 754 451 803 faciet,
484 758 550 802 ut,
585 753 620 792 si
649 750 788 806 cupiat
815 749 988 791 uberior
1019 761 1132 797 esse,
1166 761 1249 789 non
1269 748 1422 801 possit,
1454 749 1655 790 habeatur
1685 762 1784 790 sane
1815 753 1974 798 orator,

169 831 207 856 1⁰
221 819 292 863 sed
322 818 372 861 de
403 814 657 865 minoribus3
704 825 854 866 magno
894 816 1031 853 autem
1072 811 1228 852 oratori
1264 811 1389 851 etiam
1419 808 1491 851 illo
1521 812 1647 851 modo
1681 824 1807 865 saepe
1838 812 1978 853 dicen-

221 882 316 924 dum
340 885 401 922 est
420 880 462 920 in
481 877 551 919 tali
573 889 722 932 genere
745 887 976 916 causarum.
1039 874 1105 914 10.
1139 874 1201 913 Ita
1219 871 1287 922 fit,
1319 877 1364 914 ut
1385 873 1686 914 Demosthenes
1707 878 1818 915 certe
1847 873 1979 930 possit

220 942 436 987 summisse
467 940 632 989 dicere,
666 940 772 980 elate
802 937 947 992 Lysias
975 936 1152 977 fortasse
1181 948 1265 976 non
1295 933 1437 988 possit.
1497 935 1579 976 Sed
1608 936 1642 976 si
1671 937 1820 978 eodem
1849 938 1976 979 modo

218 1011 390 1061 putant,
423 1003 608 1047 exercitu
638 1003 680 1043 in
710 1000 803 1042 soro
834 1004 877 1040 et
905 998 947 1039 in
978 996 1171 1039 omnibus
1193 996 1378 1052 templis,
1409 1010 1516 1052 quae
1537 996 1693 1039 circum
1713 997 1851 1042 forum
1870 1004 1978 1046 sunt,

218 1068 448 1117 collocato,
492 1065 572 1108 dici
602 1077 680 1119 pro
709 1062 862 1105 Milone
896 1060 1106 1110 decuisse,
1149 1065 1195 1101 ut
1223 1060 1258 1100 si
1289 1062 1339 1101 de
1370 1074 1415 1101 re
1445 1060 1605 1115 privata
1635 1061 1687 1101 ad
1716 1075 1844 1103 unum
1871 1061 1980 1104 iudi-

169 1142 205 1169 1⁵
219 1145 310 1174 cem
340 1129 595 1177 diceremus,
640 1125 722 1168 vim
753 1122 1017 1180 eloquentiae
1046 1137 1121 1164 sua
1150 1121 1361 1171 facultate,
1391 1135 1475 1164 non
1504 1123 1568 1164 rei
1597 1128 1765 1173 natura,
1798 1123 1976 1166 metiun-

218 1200 298 1240 tur.
357 1196 423 1235 11.
474 1193 611 1241 Quare
651 1188 848 1244 quoniam
887 1184 1189 1227 nonnullorum
1218 1198 1355 1227 sermo
1386 1186 1466 1226 iam
1497 1186 1728 1228 increbruit
1756 1187 1906 1242 partim
1933 1201 1978 1229 se

221 1259 334 1313 ipsos
363 1255 497 1297 Attice
525 1253 664 1295 dicere
679 1283 690 1301 ,
723 1249 873 1305 partim
893 1247 1102 1290 neminem
1123 1249 1314 1289 nostrum
1334 1246 1474 1289 dicere
1489 1279 1499 1296 ‚
1527 1249 1679 1289 alteros
1700 1248 1976 1303 negligamus;

217 1322 313 1363 satis
344 1320 453 1361 enim
483 1316 533 1359 iis
562 1328 630 1357 res
660 1313 748 1369 ipsa
777 1312 1029 1366 respondet,
1078 1323 1171 1352 cum
1211 1315 1281 1352 aut
1319 1325 1405 1352 non
1444 1311 1723 1353 adhibeantur
1752 1313 1804 1353 ad
1835 1325 1977 1355 causas

216 1388 286 1426 aut
315 1379 486 1424 adhibiti
517 1376 800 1426 derideantur,
847 1387 943 1416 nam
973 1374 1007 1415 si
1044 1375 1306 1422 riderentur,
1353 1379 1462 1416 esset
1491 1374 1534 1414 id
1562 1374 1698 1429 ipsum
1726 1373 1973 1417 Atticorum.

167 1453 202 1480 20
218 1446 299 1487 Sed
329 1445 399 1500 qui
430 1442 510 1485 dici
540 1455 563 1483 a
591 1440 712 1482 nobis
742 1438 880 1479 Attico
918 1449 1037 1477 more
1072 1435 1237 1485 nolunt,
1281 1437 1360 1492 ipsi
1399 1441 1538 1478 autem
1579 1449 1623 1478 se
1660 1449 1745 1478 non
1786 1442 1977 1480 oratores

216 1523 305 1552 esse
334 1505 607 1564 profitentur,
656 1501 689 1544 si
719 1505 871 1542 teretes
903 1513 1025 1541 aures
1054 1496 1210 1540 habent
1247 1497 1567 1555 intelligensque
1604 1498 1828 1550 iudicium,
1874 1505 1978 1542 tam-

215 1585 338 1628 quam
369 1571 420 1611 ad
448 1569 650 1624 picturam
680 1561 937 1619 probandam
975 1562 1225 1603 adhibentur
1264 1563 1388 1603 etiam
1423 1561 1543 1603 inscii
1571 1561 1750 1604 faciendi
1779 1575 1872 1605 cum
1902 1563 1978 1604 ali-

214 1648 295 1689 qua
325 1630 504 1676 sollertia
534 1626 766 1676 iudicandi3
812 1627 878 1666 12.
912 1625 975 1666 sin
1004 1629 1142 1666 autem
1173 1623 1487 1678 intelligentiam
1516 1630 1679 1680 ponunt
1706 1624 1751 1666 in
1780 1623 1976 1667 audiendi

212 1695 377 1740 fastidio
415 1705 549 1750 neque
587 1704 658 1732 eos
699 1689 924 1743 quidquam
967 1686 1177 1729 excelsum
1216 1685 1564 1743 magnificumque
1594 1686 1793 1735 delectat,
1839 1686 1977 1729 dicant

163 1766 198 1793 ²⁵
213 1775 257 1802 se
287 1757 482 1815 quiddam
513 1753 662 1796 subtile
693 1756 733 1792 et
772 1750 946 1805 politum
987 1749 1119 1798 velle,
1172 1748 1329 1803 grande
1370 1755 1646 1805 ornatumque
1686 1753 1974 1800 contemnere3

212 1824 255 1864 id
284 1834 384 1864 vero
415 1819 603 1862 desinant
633 1816 795 1862 dicere,
841 1817 913 1868 qui
943 1810 1151 1854 subtiliter
1181 1811 1340 1861 dicant,
1388 1826 1460 1853 eos
1503 1812 1614 1854 solos
1642 1814 1776 1854 Attice
1807 1810 1972 1861 dicere,

210 1884 253 1927 id
293 1888 378 1934 est,
426 1881 544 1937 quasi
583 1878 691 1921 sicce
734 1881 775 1918 et
813 1877 989 1929 integre.
1049 1876 1102 1915 Et
1142 1875 1280 1928 ample
1320 1878 1360 1916 et
1399 1879 1545 1916 ornate
1585 1879 1627 1916 et
1666 1875 1835 1930 copiose
1881 1887 1975 1916 cum

213 1946 356 1991 eadem
395 1944 629 1997 integritate
658 1941 888 1982 Atticorum
928 1942 1005 1979 est.
1068 1936 1202 1986 Quid‘l
1254 1935 1426 1978 dubium
1458 1942 1538 1986 est,
1569 1942 1709 1980 utrum
1740 1935 1975 1979 orationem

209 2016 394 2053 nostram
423 2005 683 2050 tolerabilem
712 2006 892 2050 tantum,
924 2014 975 2042 an
1005 2000 1129 2041 etiam
1158 1998 1448 2041 admirabilem
1479 2013 1569 2041 esse
1600 2000 1841 2055 cupiamus?
1879 2001 1975 2041 Non

161 2081 197 2108 ³⁰
212 2073 321 2116 enim
350 2074 431 2113 iam
462 2066 722 2126 quaerimus,
768 2062 869 2119 quid
899 2062 952 2104 sit
980 2062 1135 2111 Attice,
1183 2063 1256 2104 sed
1287 2063 1386 2118 quid
1417 2061 1470 2103 sit
1499 2061 1658 2118 optime
1689 2061 1841 2104 dicere.
1902 2063 1970 2104 13.

209 2138 272 2179 Ex
303 2149 383 2192 quo
413 2131 677 2186 intelligitur,
708 2129 904 2183 quoniam
936 2128 1192 2169 Graecorum
1222 2130 1438 2167 oratorum
1465 2124 1806 2181 praestantissimi
1828 2122 1972 2173 sintii,

209 2199 282 2256 qui
308 2198 477 2240 fuerunt
504 2192 692 2242 Athenis,
737 2204 884 2233 eorum
925 2193 1064 2231 autem
1101 2188 1297 2242 princeps
1335 2186 1458 2229 facile
1487 2189 1814 2237 Demosthenes,
1859 2187 1974 2229 hunc

209 2263 244 2307 si
272 2261 343 2318 qui
371 2259 576 2307 imitetur,
619 2269 714 2298 eum
744 2259 786 2296 et
814 2254 947 2295 Attice
977 2251 1185 2293 dicturum
1216 2255 1256 2292 et
1286 2250 1468 2306 optime,
1517 2256 1584 2298 ut,
1624 2249 1820 2306 quoniam
1849 2247 1972 2291 Attici

207 2326 330 2368 nobis
359 2320 563 2380 propositi
593 2323 687 2361 sunt
715 2319 767 2359 ad
797 2314 1068 2364 imitandum,
1100 2313 1209 2356 hene
1241 2312 1382 2355 dicere
1412 2314 1455 2355 id
1485 2313 1538 2356 sit
1567 2313 1701 2355 Attice
1732 2312 1886 2357 dicere.

159 2394 194 2421 ³⁵
317 2390 369 2430 V.
403 2383 484 2427 Sed
513 2397 607 2425 cum
636 2382 679 2422 in
709 2393 759 2421 eo
790 2391 963 2434 magnus
994 2390 1114 2418 error
1144 2381 1270 2423 esset,
1304 2375 1424 2431 quale
1447 2381 1554 2418 esset
1575 2375 1619 2417 id
1640 2375 1805 2417 dicendi
1827 2388 1970 2430 genus,

208 2450 349 2505 putavi
393 2445 494 2488 mihi
534 2444 841 2499 suscipiendum
879 2441 1068 2483 laborem
1107 2439 1253 2481 utilem
1289 2438 1512 2489 studiosis,
1559 2438 1661 2480 mihi
1692 2437 1860 2495 quidem
1890 2437 1972 2493 ipsi

208 2526 292 2554 non
312 2509 605 2552 necessarium.
668 2508 732 2548 14.
752 2505 949 2548 Converti
970 2503 1080 2545 enim
1099 2516 1152 2545 ex
1166 2503 1311 2544 Atticis
1336 2504 1514 2544 duorum
1536 2501 1971 2556 eloquentissimorum

208 2574 484 2617 nobilissimas
506 2571 715 2614 orationes
734 2569 840 2610 inter
855 2580 982 2622 seque
1003 2565 1257 2615 contrarias,
1281 2564 1480 2606 Aeschini
1507 2570 1546 2606 et
1566 2563 1860 2615 Demostheni;
1892 2576 1971 2606 nec

211 2635 396 2680 converti
424 2640 469 2676 ut
497 2634 719 2689 interpres,
765 2630 838 2673 sed
869 2636 913 2673 ut
943 2634 1109 2679 orator,
1152 2627 1366 2671 sententiis
1398 2626 1547 2670 iisdem
1579 2631 1620 2668 et
1651 2640 1795 2669 earum
1822 2625 1969 2668 formis

222 2715 1968 2733 --—-.—.--—-——-——————-————-—-——-——————

277 2776 310 2808 5.
327 2775 542 2816 potuerimus
563 2781 602 2805 a:
626 2771 817 2812 poterimus
836 2769 875 2801 E.
900 2786 937 2793 —
959 2768 993 2801 6.
1012 2768 1130 2800 multis
1148 2767 1230 2799 locis
1249 2776 1288 2800 a:
1317 2767 1431 2799 tristis
1449 2767 1531 2798 locis
1548 2763 1624 2807 (sic)
1643 2774 1674 2805 v,
1694 2765 1813 2798 multis
1830 2766 1870 2797 in
1882 2765 1968 2798 locis

211 2821 239 2854 E
264 2830 340 2854 cum
365 2826 445 2855 cett.
473 2837 514 2843 —
539 2818 574 2852 7.
604 2828 679 2850 cum
698 2826 735 2850 a:
764 2817 930 2859 quoniam
955 2819 1010 2854 (ex
1035 2818 1206 2854 scriptura
1233 2813 1348 2856 quom)
1374 2814 1400 2846 E
1429 2822 1506 2846 cum
1532 2817 1614 2846 cett.
1641 2829 1682 2836 -—
1709 2813 1743 2845 8.
1772 2814 1847 2853 ipso
1873 2821 1903 2845 a.
1922 2828 1966 2836 —-

211 2877 394 2900 causarum
418 2876 546 2908 genera
572 2875 591 2899 a
616 2874 657 2899 v:
685 2873 814 2906 genera
839 2871 1028 2895 causarum
1053 2863 1079 2894 E
1108 2870 1186 2894 cum
1212 2866 1294 2894 cett.
1331 2875 1374 2882 --
1412 2860 1469 2893 16.
1497 2860 1689 2892 increbruit
1714 2868 1754 2895 a,
1779 2860 1829 2892 L:
1856 2860 1967 2893 incre-

211 2914 285 2946 buit
309 2923 386 2947 cum
411 2915 499 2946 Aldo
525 2914 566 2946 E.
593 2929 637 2934 —-
662 2912 717 2943 18.
744 2912 789 2943 iis
814 2918 854 2941 a:
880 2910 932 2940 his
957 2910 998 2941 E.
1025 2926 1067 2931 —
1106 2909 1161 2940 19.
1189 2908 1391 2940 riderentur
1416 2915 1455 2939 a:
1481 2908 1643 2939 ridentur
1668 2916 1709 2946 v,
1737 2906 1968 2939 cti-rideantur

209 2961 337 3000 Aldus,
365 2961 607 2993 arriderentur
632 2958 753 2991 Lamb.
781 2965 970 2997 rursusque
998 2956 1024 2988 E
1054 2958 1143 2988 coni.
1170 2970 1214 2977 —
1244 2955 1301 2987 25.
1329 2954 1498 2994 quiddam
1521 2954 1643 2986 subtile
1668 2961 1687 2984 a
1713 2963 1744 2992 v,
1763 2954 1814 2987 N:
1841 2953 1968 2986 subtile

209 3009 375 3048 quiddam
400 3009 426 3040 E
454 3016 532 3039 cum
559 3010 638 3038 cett.
669 3021 706 3028 —
735 3004 866 3046 grande
891 3012 910 3036 a
935 3003 984 3034 V:
1013 3010 1118 3043 qrave
1143 3002 1170 3034 E
1196 3010 1274 3034 cum
1300 3004 1381 3034 cett.
1409 3015 1450 3023 -
1476 3000 1530 3032 27.
1557 3001 1604 3033 Et
1628 3000 1742 3041 ample
1759 3010 1778 3034 a
1795 3010 1816 3034 v
1833 2999 1882 3037 U,
1908 3000 1963 3034 N:

209 3054 254 3086 At
279 3054 389 3094 ample
414 3054 531 3086 Codex
555 3051 735 3089 Lambini,
773 3051 972 3087 Manutius,
1001 3049 1042 3081 E.
1070 3063 1114 3072 —-
1155 3048 1212 3080 31.
1240 3049 1309 3079 sint
1335 3057 1354 3080 a
1378 3047 1429 3080 N:
1469 3051 1551 3079 sunt
1575 3055 1653 3080 cum
1678 3048 1846 3080 Ascensio
1873 3052 1965 3080 cete-

209 3102 327 3143 risque
348 3101 387 3132 Ε.
417 3098 467 3124 -’
489 3100 546 3132 33.
574 3101 605 3130 si
629 3098 690 3139 qui
715 3106 756 3130 a:
783 3099 814 3129 si
839 3097 916 3136 quis
934 3096 976 3128 E.
1009 3111 1044 3116 —
1072 3095 1130 3127 38.
1157 3103 1258 3135 seque
1275 3103 1295 3127 a
1312 3100 1347 3128 et
1366 3095 1596 3136 Hieronymus
1623 3093 1667 3126 ad
1685 3093 1960 3127 Pammachium.

209 3147 252 3180 Τ.
273 3148 333 3180 lv.
359 3147 399 3179 P.
419 3148 475 3179 11.
505 3155 539 3186 p.
559 3146 637 3178 250.
667 3145 731 3176 Ed.
759 3143 916 3176 Bened.:
956 3150 990 3174 se
1019 3142 1045 3174 E
1081 3150 1159 3174 cum
1186 3146 1267 3175 cett.
1304 3155 1346 3164 -
1386 3140 1542 3174 Aeschini
1568 3143 1600 3172 et
1629 3137 1865 3181 Demostheni]
1900 3140 1963 3173 Ae-

207 3195 319 3226 schini
343 3193 573 3227 Demosthenii
597 3202 635 3233 a,
662 3191 836 3225 Aeschinis
860 3194 892 3224 et
916 3188 1152 3223 Demosthenis
1170 3198 1210 3229 v,
1237 3188 1493 3230 Hieronymus,
1519 3187 1695 3222 Aeschinis
1711 3188 1962 3223 Demosthenis·

208 3249 275 3284 que
300 3249 379 3274 cum
403 3240 492 3274 Aldo
516 3239 558 3272 E.
