2117 3762
285 265 336 304 80
960 263 1027 302 AD
1060 262 1371 304 HERENNIUM

283 368 461 410 auditori
491 373 671 424 potestas
703 367 883 408 animum
916 367 966 406 de
998 380 1044 406 re
1075 364 1307 408 firmissima
1340 366 1603 407 demovendi.
1665 363 1773 406 Huic
1804 368 2039 422 exemplum

284 433 379 473 satis
410 431 604 473 idoneum
638 429 786 472 subiici
816 442 899 469 non
931 429 1089 481 potuit,
1134 434 1355 483 propterea
1394 430 1505 483 quod
1549 429 1616 468 hic
1663 428 1779 468 locus
1810 443 1894 470 non
1925 436 1986 471 est
2016 444 2040 470 a

284 500 367 534 tota
409 507 529 534 causa
567 499 778 546 separatus
823 490 944 531 sicuti
983 491 1217 530 membrum
1260 492 1451 547 aliquod,
1507 492 1579 531 sed
1622 495 1829 545 tamquam
1874 491 2038 546 sanguis

283 557 476 611 perfusus
507 561 568 595 est
597 568 673 607 per
705 559 834 593 totum
867 566 1017 605 corpus
1050 552 1265 592 orationis.

253 632 268 657 5
395 615 609 658 Contentio
633 622 715 663 est,
749 628 824 670 per
854 629 976 670 quam
1009 613 1216 654 contraria
1246 615 1499 656 referuntur.
1562 618 1620 656 Ea
1652 621 1711 656 est
1745 617 1787 656 in
1808 618 2035 657 verborum

282 679 652 725 exornationibus,
687 682 732 717 ut
762 683 856 718 ante
890 676 1105 718 docuimus
1127 708 1137 724 ,
1171 677 1440 717 huiusmodi:
1485 678 1666 718 Inimicis
1699 685 1736 719 te
1771 678 2035 731 placabilem,

281 743 423 784 amicis
454 739 754 782 inexorabilem
785 742 977 796 praebes.
1040 741 1086 778 Iu
1118 738 1434 786 sententiarum,
1477 739 1743 782 huiusmodi:
1796 745 1878 783 Vos
1910 740 2035 782 huius

279 804 552 845 incommodis
595 801 770 855 lugetis,
824 803 899 843 iste
932 803 991 842 rei
1032 802 1225 855 publicae
1258 803 1487 842 calamitate
1520 804 1709 844 laetatur.
1771 805 1855 845 Vos
1888 804 2035 844 vestris

278 866 453 907 fortunis
495 862 705 912 diffiditis,
753 864 829 905 iste
875 866 987 905 solus
1033 864 1116 904 suis
1164 878 1212 903 eo
1254 865 1384 917 magis
1425 864 1606 906 confidit.
1670 870 1779 907 Inter
1810 869 1912 907 haec
1953 867 2035 907 duo

229 952 264 976 10
279 930 589 970 contentionum
623 940 777 980 genera
807 929 887 967 hoc
918 927 1109 967 interest:
1156 925 1259 966 illud
1292 940 1345 966 cx
1376 928 1514 966 verbis
1546 930 1739 969 celeriter
1770 930 1909 970 relatis
1941 942 2039 969 con-

278 997 376 1036 stat:
408 991 474 1030 hic
507 989 735 1030 sententiae
767 992 996 1031 contrariae
1028 1004 1081 1030 ex
1111 988 1420 1042 comparatione
1451 989 1683 1030 referantur
1714 996 1893 1045 oportet.

388 1055 456 1094 59.
509 1051 742 1093 Similitudo
785 1058 846 1093 est
885 1054 1017 1093 oratio
1057 1054 1275 1092 traducens
1315 1052 1366 1091 ad
1408 1065 1494 1091 rem
1527 1052 1760 1107 quampiam
1792 1055 1949 1109 aliquid
1982 1067 2035 1094 ex

276 1131 320 1157 re
352 1114 504 1168 dispari
535 1116 683 1156 simile.
743 1118 803 1156 Ea
833 1117 1008 1156 sumitur
1039 1121 1110 1155 aut
1141 1113 1317 1155 ornandi
1348 1127 1470 1154 causa
1501 1120 1571 1154 aut
1601 1117 1805 1167 probandi
1827 1122 1896 1157 aut
1917 1129 2036 1170 aper-

274 1180 354 1219 tius
395 1177 557 1218 dicendi
603 1182 672 1218 aut
717 1184 810 1218 ante
841 1178 984 1218 oculos
1014 1176 1211 1232 ponendi.
1272 1178 1322 1216 Et
1354 1177 1565 1230 quomodo
1599 1182 1791 1231 quattuor
1822 1180 1871 1218 de
1904 1178 2036 1218 causis

225 1261 259 1286 15
276 1242 474 1289 sumitur,
523 1241 577 1281 ita
609 1245 803 1295 quattuor
834 1242 967 1281 modis
997 1240 1175 1281 dicitur:
1226 1252 1303 1293 per
1333 1237 1585 1278 contrarium
1605 1268 1615 1286 ‚
1648 1251 1722 1292 per
1754 1241 2033 1292 negationem,

274 1319 348 1360 per
377 1303 646 1352 brevitatem,
681 1317 756 1358 per
786 1303 1065 1345 collationem.
1128 1304 1188 1344 Ad
1218 1315 1343 1342 unam
1374 1314 1579 1355 quamque
1612 1302 1835 1341 sumendae
1867 1314 2033 1342 causam

275 1367 555 1409 similitudinis
587 1367 994 1407 accommodabimus
1026 1365 1209 1419 singulos
1243 1366 1390 1404 modos
1404 1363 1721 1418 pronuntiandi.
1783 1364 1924 1403 XLVI.
1959 1364 2036 1404 Or-

273 1430 399 1471 nandi
430 1444 553 1470 causa
585 1430 759 1469 sumitur
789 1442 864 1483 per
904 1427 1186 1473 contrarium,
1233 1426 1318 1466 sic:
1368 1428 1459 1466 Non
1500 1426 1633 1474 enim,
1684 1427 2035 1480 quemadmodum

274 1495 315 1533 in
345 1495 571 1549 palaestra,
606 1491 676 1547 qui
708 1494 848 1531 taedas
880 1491 1101 1532 candentes
1132 1488 1301 1541 accipit,
1336 1488 1514 1529 celerior
1543 1495 1606 1529 est
1625 1488 1668 1529 in
1691 1503 1816 1530 cursu
1836 1490 2033 1530 continuo

224 1575 260 1599 20
275 1570 397 1612 quam
428 1555 496 1596 ille
515 1587 524 1603 ‚
557 1556 626 1610 qui
657 1555 801 1601 tradit,
837 1553 892 1594 ita
922 1553 1069 1594 melior
1099 1554 1324 1607 imperator
1355 1565 1508 1599 novus,
1545 1553 1614 1606 qui
1637 1552 1784 1606 accipit
1805 1550 2034 1592 exercitum

275 1632 398 1674 quam
429 1617 522 1666 ille,
557 1618 627 1672 qui
659 1618 853 1665 decedit3
886 1622 1105 1671 propterea
1137 1616 1248 1669 quod
1271 1613 1515 1667 defatigatus
1536 1618 1680 1654 cur'sor
1699 1615 1861 1668 integro
1883 1615 2030 1662 facem,

274 1680 340 1721 hic
368 1682 525 1733 peritus
556 1679 782 1732 imperator
812 1679 1005 1732 imperito
1038 1676 1265 1718 exercitum
1297 1677 1434 1716 tradit.
1496 1678 1587 1717 Hoc
1631 1679 1718 1718 sine
1764 1676 1889 1717 simili
1934 1677 2032 1717 satis

273 1744 396 1797 plane
428 1747 468 1782 et
496 1744 712 1796 perspicue
743 1747 784 1781 et
814 1741 1087 1794 probabiliter
1119 1740 1198 1780 dici
1230 1740 1387 1792 potuit,
1423 1741 1502 1779 hoc
1533 1741 1682 1780 modo:
1730 1740 1867 1780 Minus
1898 1740 2033 1779 bonos

273 1805 544 1857 imperatores
585 1817 606 1844 a
646 1803 890 1845 melioribus
931 1803 1137 1844 exercitus
1175 1801 1362 1856 accipere
1393 1801 1553 1842 solere:
1603 1803 1676 1842 sed
1707 1802 1880 1842 ornandi
1911 1814 2034 1843 causa

222 1887 256 1912 25
273 1866 406 1907 simile
427 1872 635 1921 sumptum
657 1873 737 1914 est,
769 1873 813 1908 ut
836 1866 1014 1908 orationi
1046 1867 1246 1920 quaedam
1278 1863 1451 1917 dignitas
1483 1871 1807 1918 compararetur.
1869 1863 2033 1905 Dictum

272 1935 333 1970 est
363 1936 497 1970 autem
530 1942 605 1984 per
635 1929 903 1970 contrarium.
965 1930 1067 1968 Nam
1100 1934 1195 1968 tunc
1217 1925 1441 1966 similitudo
1464 1925 1641 1966 sumitur
1665 1939 1741 1980 per
1761 1925 2029 1974 contrarium,

271 2005 363 2032 cum
395 1991 433 2032 ei
463 1991 546 2039 rei,
594 2006 715 2047 quam
748 2006 822 2033 nos
853 1993 1102 2046 probamus,
1150 1988 1327 2043 aliquam
1359 2002 1447 2029 rem
1478 2002 1675 2042 negamus
1707 2003 1796 2030 esse
1827 1989 2027 2037 similem,

271 2060 315 2094 ut
345 2053 483 2109 paullo
514 2059 631 2102 ante,
666 2068 758 2095 cum
791 2053 840 2094 de
872 2051 1112 2095 cursoribus
1144 2049 1462 2092 disserebamus.
1520 2053 1599 2092 Per
1629 2052 1891 2105 negationem
1924 2051 2032 2092 dice-

271 2122 338 2157 tur
368 2115 572 2171 probandi
603 2130 746 2165 causa,
780 2119 858 2158 hoc
889 2115 1037 2157 modo:
1090 2117 1232 2169 Neque
1264 2127 1393 2168 equus
1424 2112 1670 2162 indomitus,
1703 2115 1888 2170 quamvis
1921 2113 2030 2155 bene

221 2204 256 2229 30
270 2185 417 2220 natura
447 2182 698 2234 compositus
731 2179 801 2228 sit,
849 2179 1022 2220 idoneus
1053 2182 1186 2233 potest
1216 2190 1304 2217 esse
1337 2175 1388 2217 ad
1418 2190 1485 2218 eas
1517 2177 1730 2225 utilitates,
1784 2190 1891 2232 quae
1923 2175 2031 2217 desi-

271 2241 468 2283 derantur
506 2240 556 2282 ab
597 2256 726 2298 equo;
775 2255 909 2297 neque
947 2244 1073 2282 homo
1104 2239 1317 2287 indoctus,
1370 2239 1556 2293 quamvis
1587 2239 1638 2280 sit
1667 2239 1927 2293 ingeniosus,
1979 2241 2030 2280 ad

269 2303 463 2346 virtutem
494 2311 630 2359 potest
660 2304 895 2360 pervenire.
957 2305 1048 2344 Hoc
1077 2300 1331 2357 probabilius
1363 2300 1515 2342 sactum
1546 2307 1631 2349 est,
1669 2301 1780 2356 quod
1810 2301 1938 2356 magis
1969 2305 2031 2342 est

269 2367 357 2409 veri
396 2367 528 2408 simile
569 2381 653 2408 non
694 2380 815 2422 posse
856 2366 1051 2407 virtutem
1089 2364 1176 2405 sine
1215 2362 1398 2404 doctrina
1438 2367 1689 2418 comparari,
1742 2363 1936 2420 quoniam
1978 2377 2029 2404 ne

270 2445 401 2487 equus
446 2430 612 2486 quidem
653 2428 876 2470 indomitus
915 2428 1090 2469 idoneus
1130 2425 1258 2482 possit
1297 2439 1397 2467 esse.
1457 2428 1568 2481 Ergo
1606 2433 1813 2481 sumptum
1844 2432 1904 2467 est
1933 2439 2029 2480 pro-

220 2517 253 2543 35
269 2492 394 2535 bandi
424 2507 559 2535 causa.
617 2492 780 2532 Dictum
823 2496 884 2532 est
921 2497 1056 2531 autem
1096 2503 1171 2545 per
1206 2489 1488 2541 negationem;
1536 2490 1578 2529 id
1622 2491 1730 2529 enim
1762 2487 2027 2544 perspicuum

270 2562 331 2597 est
368 2555 419 2597 de
472 2555 609 2610 primo
659 2552 938 2595 similitudinis
990 2551 1135 2594 verbo.
1210 2551 1375 2592 XLVII.
1419 2553 1485 2591 60.
1527 2553 1720 2592 Sumetur
1767 2556 1808 2592 et
1845 2549 2027 2605 apertius

268 2618 432 2660 dicendi
463 2632 584 2660 causa
615 2615 838 2658 similitudo
870 2629 946 2670 per
975 2614 1240 2660 brevitatem,
1272 2615 1350 2653 hoc
1381 2612 1528 2653 modo:
1564 2615 1610 2654 In
1639 2612 1814 2654 amicitia
1847 2611 2027 2665 gerenda

269 2681 375 2723 sicut
403 2682 445 2722 in
476 2680 701 2722 certamine
732 2678 927 2719 currendi
958 2692 1038 2718 non
1069 2678 1123 2717 ita
1154 2674 1345 2716 convenit
1367 2674 1575 2723 exerceri,
1608 2681 1668 2722 ut,
1702 2673 1838 2729 quoad
1859 2687 2025 2724 necesse

269 2743 339 2791 sit,
372 2743 514 2786 venire
545 2741 701 2797 possis;
733 2740 805 2782 sed
835 2746 880 2781 ut
909 2739 1135 2793 productus
1166 2736 1301 2779 studio
1333 2743 1371 2778 et
1401 2736 1556 2778 viribus
1585 2737 1691 2778 ultra
1713 2736 1830 2777 facile
1850 2750 2025 2790 procur-

221 2829 255 2855 40
270 2819 349 2848 ras.
407 2808 510 2846 Nam
549 2809 627 2846 hoc
663 2803 795 2845 simile
834 2808 913 2849 est,
963 2808 1007 2843 ut
1046 2800 1228 2854 apertius
1258 2799 1510 2854 intelligatur
1540 2798 1643 2839 mala
1673 2799 1833 2840 ratione
1863 2798 2022 2847 facere,

271 2869 341 2924 qui
370 2866 676 2922 reprehendant
707 2879 799 2913 eos,
850 2863 919 2920 qui
959 2865 1076 2904 verbi
1112 2875 1234 2903 causa
1271 2867 1364 2916 post
1393 2867 1569 2903 mortem
1600 2859 1719 2901 amici
1749 2860 1904 2902 liberos
1935 2863 2023 2902 eius

270 2931 523 2979 custodiant,
570 2935 791 2986 propterea
832 2925 944 2983 quod
973 2925 1013 2966 in
1044 2938 1214 2966 cursore
1245 2930 1398 2965 tantum
1428 2923 1656 2966 velocitatis
1687 2937 1777 2965 esse
1807 2929 2020 2979 oporteat,

270 3000 316 3034 ut
346 2993 541 3034 efferatur
570 2992 676 3033 ultra
706 2990 850 3040 finem;
882 2989 924 3030 in
954 2988 1087 3029 amico
1118 2993 1272 3028 tantum
1302 2986 1631 3033 benevolentiae,
1665 2993 1709 3028 ut
1738 2986 1866 3035 ultra,
1898 2999 2020 3040 quam

362 3102 395 3133 1.
415 3102 613 3133 demovendz·
630 3100 769 3137 PABR,
790 3099 835 3129 L:
862 3097 1057 3130 dimovendi
1073 3096 1170 3127 FTE.
1195 3110 1229 3115 —
1257 3094 1291 3126 7.
1313 3095 1507 3126 huiusmodi
1525 3094 1724 3126 PABFRT:
1745 3094 1912 3126 eiusmodi
1925 3094 1962 3125 E.
1978 3109 2018 3116 —-

271 3148 328 3181 19.
355 3149 536 3180 candentes
552 3147 730 3179 PABFRT
748 3156 756 3177 :
785 3146 941 3177 ardentes
959 3145 998 3176 E.
1019 3159 1059 3165 —
1085 3143 1248 3174 continuo
1267 3150 1337 3172 om.
1356 3142 1396 3172 T.
1421 3157 1459 3164 —-
1487 3142 1543 3173 22.
1573 3143 1743 3173 exercitus
1762 3141 1899 3172 PBFT:
1926 3149 2019 3172 escer-

270 3197 376 3227 citum
394 3195 498 3226 ABE.
519 3210 560 3216 —
585 3194 641 3225 25.
669 3194 838 3235 quaedam
866 3193 1021 3232 dignitas
1045 3189 1245 3220 PABFRT:
1281 3189 1436 3229 diynitas
1461 3190 1631 3229 quaedam
1654 3189 1693 3220 Ε.
1719 3203 1762 3210 --
1789 3191 2019 3226 ‚comparetur

270 3242 398 3274 PAFT.
420 3259 457 3264 —
476 3241 532 3272 28.
552 3240 615 3272 Vv.
633 3245 671 3271 ut
684 3258 697 3263 -
711 3259 724 3265 -
742 3239 988 3271 disserebamus
1002 3237 1068 3269 del.
1087 3236 1167 3268 Seh.
1186 3251 1228 3256 —
1245 3236 1468 3267 adserebatur
1487 3236 1614 3273 PFRT,
1633 3234 1873 3266 adserebamus
1890 3234 1961 3265 ΑΒ.
1977 3251 2013 3256 -

270 3290 327 3320 29.
349 3289 431 3319 ὸεηθ
446 3293 578 3318 natura
596 3287 760 3319 PABFR:
791 3290 924 3318 natura
942 3286 1019 3317 bene
1037 3283 1109 3314 TE.
1130 3299 1170 3305 —
1201 3282 1256 3313 39.
1277 3284 1391 3314 venire
1408 3282 1606 3314 PABFRT:
1628 3282 1805 3321 pervenire
1823 3281 1859 3312 E.
1890 3297 1926 3303 ——
1956 3280 2015 3312 43.

269 3337 367 3367 ultra
385 3335 430 3372 P,
458 3335 579 3366 Duisb.
607 3334 699 3365 Ert'.:
727 3342 832 3373 usque
858 3334 904 3364 ad
925 3329 1114 3364 ABFRTE.
1142 3327 1278 3369 (Nostra
1298 3330 1399 3361 lectio
1419 3330 1571 3362 firmatur
1591 3331 1692 3360 etiam
1718 3338 1735 3360 a
1754 3328 1823 3364 ΕΒ,
1851 3328 1910 3367 qui
1937 3334 2016 3358 cum

270 3382 297 3415 P
319 3384 517 3415 omittentes
537 3389 589 3414 vv.
609 3380 704 3413 ultra
729 3398 742 3404 -
759 3398 773 3404 -
795 3381 973 3411 amicitiae
990 3387 1052 3419 pro
1071 3378 1203 3410 omissis
1222 3378 1349 3409 habent
1365 3377 1519 3409 studium
1534 3382 1572 3410 ut
1597 3377 1760 3419 efferatur
1777 3374 1871 3406 ultra
1887 3371 2017 3416 finem.)
