2117 3762
687 293 785 333 LIB.
817 291 866 332 11.
928 291 969 334 C.
1003 293 1066 333 53.
1100 291 1167 333 5'4.
1202 294 1267 334 55.
1774 293 1850 333 169

102 403 261 446 animus
293 403 332 443 in
364 414 407 441 se
438 398 611 441 fiduciae
641 403 752 438 certa
785 411 877 438 cum
908 411 979 453 spe
1010 398 1247 447 collocavit:
1299 397 1495 452 patientia
1537 400 1598 438 est
1627 398 1853 438 honestatis

101 471 171 507 aut
200 463 384 505 utilitatis
416 477 537 504 causa
567 476 705 502 rerum
735 459 958 502 arduarum
989 474 1035 502 ac
1065 460 1291 502 difficilium
1323 458 1554 502 voluntaria
1585 473 1631 500 ac
1655 458 1849 500 diuturna

101 529 340 584 perpessio;
383 529 474 567 164.
509 523 817 578 perseverantia
849 530 909 564 est
940 525 980 565 in
1011 523 1171 564 ratione
1201 521 1306 564 bene
1337 521 1597 564 considerata
1627 521 1784 562 stabilis
1814 526 1855 561 et

101 597 302 646 perpetua
345 590 594 645 permansiO.
657 586 945 641 Temperantia
988 593 1049 627 est
1092 586 1262 628 rationis
1304 588 1344 626 in
1385 584 1599 627 libidinem
1649 589 1771 637 atque
1812 584 1853 623 in

101 654 203 695 alios
248 666 330 693 non
373 656 508 691 rectos
553 650 730 703 impetus
774 650 897 689 animi
943 648 1058 689 lirma
1100 655 1141 689 et
1186 650 1400 689 moderata
1445 646 1687 688 dominatio.
1757 647 1883 686 Eius⁵

100 722 261 772 partes,
308 711 581 758 continentia,
629 710 864 758 clementia,
911 712 1126 752 modestia.
1189 711 1447 752 Continentia
1487 716 1572 757 est,
1621 721 1696 764 per
1731 721 1855 762 quam

101 777 302 833 cupiditas
347 774 508 816 consilii
555 776 854 826 gubernatione
904 775 1088 826 regitur;
1144 774 1389 819 clementia,
1443 786 1518 828 per
1561 785 1681 826 quam
1730 770 1855 812 animi

100 848 255 883 temere
286 839 327 878 in
358 836 499 878 odium
531 837 702 877 alicuius
733 838 924 877 concitati
955 837 1211 877 invectiones
1242 836 1433 876 comitate
1468 837 1717 881 retinentur:
1767 846 1856 875 mo·-

100 903 256 949 destia,
290 913 364 955 per
384 913 506 953 quam
528 902 664 952 pudor
692 899 854 940 honesti
889 912 1030 940 curam
1052 904 1093 938 et
1113 896 1299 939 stabilem
1322 903 1531 951 comparat
1552 898 1852 938 auctoritatem.

98 970 231 1018 Atque
261 964 366 1003 haec
396 964 531 1002 omnia
562 968 733 1016 propter
763 976 806 1003 se
849 963 1008 1009 solum,
1055 965 1099 1000 ut
1138 959 1237 1000 nihil
1278 958 1524 1013 adiungatur
1564 959 1904 1005 emolumentiffl,

98 1027 275 1082 petenda
305 1029 410 1066 sunt.
470 1025 591 1073 Quod
622 1031 667 1066 ut
697 1024 1028 1071 demonstretur,
1061 1036 1196 1076 neque
1228 1023 1278 1062 ad
1309 1021 1386 1062 hoc
1417 1028 1603 1063 nostrum
1626 1020 1856 1062 institutum

97 1089 278 1145 pertinet
298 1092 339 1128 et
359 1100 381 1127 a
401 1087 601 1128 brevitate
623 1085 903 1142 praecipiendi
933 1091 1139 1126 remotum
1171 1090 1246 1125 est.
1312 1086 1404 1126 165.
1440 1086 1614 1139 Propter
1645 1099 1688 1125 se
1720 1090 1856 1126 autem

98 1152 266 1192 vitanda
295 1155 390 1190 sunt
419 1163 502 1189 non
536 1163 582 1190 ea
615 1151 762 1197 modo,
795 1161 901 1202 quae
932 1147 997 1189 his
1029 1147 1236 1188 contraria
1267 1152 1380 1193 sunt,
1412 1152 1457 1188 ut
1486 1145 1716 1188 fortitudini
1743 1148 1857 1200 igna-

97 1215 165 1256 via
196 1218 237 1254 et
267 1212 446 1253 iustitiae
479 1211 699 1260 iniustitia3
738 1225 882 1252 verum
914 1209 1038 1251 etiam
1070 1209 1160 1257 illa,
1193 1223 1299 1264 quae
1331 1209 1563 1264 propinqua
1592 1208 1783 1250 videntur
1813 1213 1855 1250 et

97 1275 271 1317 finitima
291 1287 402 1321 esse,
437 1272 586 1315 absunt
607 1281 744 1315 autem
766 1274 1028 1327 longissime3
1063 1274 1175 1326 quod
1197 1286 1326 1325 genus
1341 1303 1350 1319 ‚
1384 1270 1575 1312 fidentiae
1597 1272 1848 1313 contrarium
1868 1289 1904 1314 15

99 1344 159 1380 est
188 1336 418 1379 diffidentia
447 1342 488 1377 et
518 1350 565 1377 ea
595 1351 638 1377 re
671 1338 815 1377 vitium
847 1341 931 1383 est3
983 1335 1155 1375 audacia
1185 1347 1269 1374 non
1300 1332 1576 1380 contrarium,
1622 1335 1695 1374 sed
1727 1346 1853 1388 appo-

97 1400 222 1443 situm
265 1404 326 1440 est
366 1413 411 1440 ac
451 1400 731 1454 propinquum
774 1404 814 1440 et
845 1403 982 1438 tamen
1011 1396 1157 1438 vitium
1189 1401 1264 1436 est.
1328 1395 1394 1436 Sic
1425 1396 1498 1436 uni
1531 1396 1679 1450 cuique
1713 1395 1854 1435 virtuti

97 1462 316 1505 finitimum
361 1461 505 1503 vitium
552 1462 816 1515 reperietur,
869 1465 939 1500 aut
981 1464 1097 1500 certo
1142 1460 1224 1499 iam
1269 1459 1437 1499 nomine
1482 1457 1761 1513 appellatum,
1811 1462 1856 1497 ut

97 1524 290 1573 audacia,
339 1537 446 1580 quae
481 1522 700 1571 fidentiae,
749 1521 1000 1578 pertinacia,
1048 1534 1154 1576 quae
1190 1521 1522 1574 perseverantiae
1560 1518 1728 1560 finitima
1770 1526 1852 1567 est,

98 1587 361 1643 superstitio,
411 1600 517 1641 quae
556 1586 748 1640 religioni
787 1584 1023 1639 propinqua
1052 1589 1136 1633 est3
1187 1588 1258 1623 aut
1287 1583 1375 1624 sine
1404 1584 1491 1624 ullo
1522 1587 1634 1623 certo
1668 1581 1851 1624 nomine.
1868 1600 1904 1624 eo

99 1652 216 1700 Quae
247 1648 386 1691 omnia
415 1648 512 1689 item
544 1649 602 1688 uti
634 1648 842 1688 contraria
873 1660 1012 1688 rerum
1043 1644 1245 1686 bonarum
1276 1646 1317 1686 in
1352 1647 1474 1686 rebus
1512 1642 1689 1686 vitandis
1729 1658 1853 1699 repo-

97 1726 257 1754 nemus.
318 1715 376 1753 Ac
406 1712 457 1751 de
491 1724 540 1751 eo
573 1712 741 1766 quidem
772 1722 925 1763 genere
957 1707 1205 1756 honestatis,
1244 1706 1356 1763 quod
1386 1706 1501 1748 omni
1532 1720 1583 1748 ex
1612 1712 1727 1762 parte
1758 1720 1855 1760 pro-

96 1781 188 1831 pter
220 1787 263 1815 se
295 1775 474 1829 petitur,
509 1774 604 1814 satis
636 1773 790 1814 dictum
823 1778 898 1814 est.

208 1839 293 1878 LV.
348 1838 442 1876 166.
496 1838 612 1876 Nunc
643 1837 694 1876 de
726 1848 800 1883 eo,
844 1834 885 1875 in
919 1848 999 1889 quo
1040 1835 1194 1876 utilitas
1237 1847 1403 1889 quoque
1444 1832 1700 1887 adiungitur,
1742 1830 1854 1888 quod

96 1906 234 1942 tamen
263 1901 484 1940 honestum
514 1911 737 1945 vocamus,
783 1897 1005 1938 dicendum
1035 1897 1211 1938 videtur.
1271 1898 1374 1937 Sunt
1404 1897 1527 1949 igitur
1557 1897 1705 1941 multa,
1748 1908 1853 1949 quae
1867 1911 1902 1936 25

97 1976 172 2004 nos
203 1975 297 2003 cum
329 1959 553 2014 dignitate,
599 1966 686 2001 tum
724 1959 861 2001 fructu
890 1973 1056 2014 quoque
1087 1972 1162 2000 suo
1193 1961 1369 2007 ducunt3
1417 1971 1499 2011 quo
1539 1958 1580 1997 in
1612 1970 1762 2011 genere
1794 1962 1856 1997 est

98 2024 254 2080 gloria,
300 2023 501 2077 dignitas,
548 2022 803 2075 amplitudo,
847 2023 1039 2063 amicitia.
1102 2021 1243 2062 Gloria
1282 2025 1344 2061 est
1386 2018 1582 2073 frequens
1621 2018 1672 2060 de
1716 2019 1853 2073 aliquo

96 2087 207 2130 fama
245 2098 339 2126 cum
378 2085 526 2135 laude3
594 2084 796 2139 dignitas,
846 2086 1017 2126 alicuius
1056 2086 1229 2125 honesta
1280 2089 1320 2124 et
1366 2084 1477 2124 cultu
1520 2088 1560 2123 et
1611 2083 1772 2123 honore
1818 2085 1858 2121 et

97 2150 348 2193 verecundia
380 2147 504 2203 digna
533 2148 777 2197 auctoritas;
809 2145 1060 2201 amplitudo,
1093 2146 1302 2201 potentiae
1333 2150 1404 2185 aut
1433 2143 1653 2185 maiestatis
1683 2148 1753 2184 aut
1782 2141 1857 2183 ali·-

98 2226 274 2269 quarum
305 2212 521 2265 copiarum
561 2224 706 2265 magna
748 2209 1027 2257 abundantia;
1071 2208 1273 2255 amicitia,
1318 2206 1507 2248 voluntas
1545 2219 1645 2257 erga
1675 2205 1854 2258 aliquem
1869 2221 1903 2246 ³0

97 2288 238 2318 rerum
260 2276 466 2315 bonarum
495 2273 604 2314 illius
634 2270 763 2325 ipsius
785 2286 928 2318 causa,
961 2284 1084 2326 quem
1107 2270 1262 2324 diligit,
1295 2283 1388 2310 cum
1411 2269 1498 2309 eius
1519 2268 1607 2322 pari
1629 2266 1852 2309 voluntate.

101 2340 195 2380 167.
220 2335 326 2384 Hic,
360 2336 454 2390 quia
475 2337 526 2376 de
547 2335 736 2376 civilibus
767 2336 902 2376 causis
929 2333 1165 2387 loquimur,
1198 2334 1355 2374 fructus
1384 2333 1434 2372 ad
1464 2329 1683 2371 amicitiam
1713 2329 1857 2370 adiun-

99 2402 254 2456 gimus,
286 2403 332 2439 ut
352 2411 496 2439 eorum
518 2410 684 2452 quoque
703 2410 825 2438 causa
844 2395 1022 2451 petenda
1039 2396 1252 2445 videatur;
1284 2408 1335 2435 ne
1357 2393 1464 2435 sorte
1487 2393 1556 2448 qui
1575 2407 1650 2434 nos
1670 2392 1720 2434 de
1742 2392 1855 2433 omni

98 2460 278 2504 amicitia
302 2459 440 2501 dicere
462 2460 702 2502 existimans
723 2457 1029 2514 reprehendere
1050 2457 1231 2512 incipiat.
1264 2458 1524 2510 Quamquam
1545 2461 1651 2501 sunt,
1673 2456 1741 2510 qui
1763 2467 1856 2509 pro-

98 2529 192 2580 pter
208 2522 426 2565 utilitatem
445 2524 570 2564 modo
586 2523 804 2577 petendam
821 2525 968 2576 putant
987 2521 1229 2570 amieitiam;
1254 2524 1348 2560 sunt
1363 2518 1431 2574 qui
1447 2524 1618 2573 propter
1639 2532 1681 2559 se
1698 2519 1829 2559 solum
1843 2530 1852 2566 ;
1868 2531 1902 2557 35

98 2591 194 2628 sunt
214 2587 282 2642 qui
307 2590 478 2640 propter
495 2598 539 2626 se
559 2591 598 2625 et
615 2583 849 2624 utilitatem.
885 2584 1074 2632 Quorum
1096 2582 1194 2636 quid
1212 2581 1426 2624 verissime
1445 2580 1729 2627 constituatur,
1752 2577 1854 2619 alius

99 2650 216 2691 locus
247 2649 326 2690 erit
360 2644 736 2702 [considerandus].
809 2648 925 2686 Nunc
954 2646 1036 2685 hoc
1067 2645 1125 2686 sic
1156 2643 1209 2685 ad
1237 2657 1356 2685 usum
1388 2643 1627 2683 oratorium-
1647 2642 1854 2693 relinqua-

99 2717 189 2759 tur,
220 2717 438 2765 utramque
468 2715 639 2765 propter
670 2721 756 2749 rem
786 2708 1008 2749 amicitiam
1041 2720 1130 2748 esse
1162 2707 1453 2759 expetendam.
1516 2706 1608 2745 168.
1644 2702 1855 2743 Amicitia-

99 2787 193 2815 rum
223 2778 360 2814 autem
390 2774 521 2821 ratio,
554 2773 748 2826 quoniam
778 2769 926 2826 partim
957 2774 1052 2811 sunt
1080 2770 1350 2823 religionibus
1380 2769 1566 2814 iunctae,
1599 2764 1746 2819 partim
1773 2777 1855 2805 non

194 2906 228 2938 6.
269 2910 390 2946 partes
414 2906 503 2938 PAT
531 2914 722 2946 omnesque
750 2903 841 2936 Oud.
872 2906 1008 2942 practer
1033 2902 1132 2934 Leid.
1171 2903 1198 2934 1.
1239 2902 1283 2935 11.
1325 2910 1402 2934 cum
1430 2900 1556 2941 quibus
1583 2905 1617 2931 et
1642 2898 1696 2930 R:
1738 2900 1856 2938 partes

99 2957 181 2986 sunt
207 2953 245 2986 E.
286 2969 326 2975 -
370 2953 403 2984 8.
432 2954 598 2985 concitati
623 2952 831 2984 inveotiones
859 2950 1064 2982 Garatonius
1091 2949 1133 2981 ad
1159 2949 1276 2981 Plane.
1305 2957 1338 2988 p.
1367 2947 1446 2979 274.
1498 2946 1562 2977 Ed.
1598 2949 1761 2976 nosti-ne:
1803 2945 1856 2975 in-

100 3000 256 3034 iectionis
282 3001 449 3031 concitati
474 3000 533 3031 ΑΤ
560 3005 592 3031 et
621 3007 672 3038 pr.
702 2998 728 3030 P
745 3021 753 3036 ,
781 2999 982 3029 invectionis
1007 2997 1175 3028 concitati
1200 2997 1229 3027 R
1248 2999 1291 3027 ,et
1319 3003 1406 3026 corr.
1433 2994 1482 3030 P,
1518 2992 1683 3024 concitati
1708 2991 1855 3023 invectio

101 3048 129 3080 E
156 3047 247 3079 coni.
277 3062 316 3068 —
359 3047 552 3078 retinentur
575 3046 689 3077 PAT:
732 3046 903 3076 retinetur
930 3044 954 3075 E
980 3048 1031 3080 et,
1060 3047 1098 3074 ut
1124 3042 1280 3078 videtur.
1308 3042 1352 3072 R.
1410 3055 1423 3062 ·
1464 3039 1497 3070 9.
1526 3040 1660 3070 honesti
1685 3045 1773 3070 corr.
1800 3037 1852 3069 P:

101 3094 272 3127 honestius
298 3101 350 3133 pr.
378 3092 426 3130 P,
455 3093 613 3124 honestus
638 3092 740 3124 ATE.
771 3109 808 3115 —
847 3100 969 3122 curam
993 3091 1043 3122 P:
1070 3098 1191 3121 caram
1216 3088 1304 3121 ΑΤΕ
1321 3111 1330 3126 ,
1357 3086 1450 3128 (guod
1476 3084 1653 3118 ἑπὶἳιετον
1677 3094 1709 3116 v.
1737 3087 1856 3116 aucto-

100 3142 191 3172 ritas
233 3147 352 3178 parum
379 3143 497 3178 aptum
524 3139 687 3176 videtur,
732 3142 769 3170 ut
807 3146 870 3169 nec
908 3138 1041 3168 claram
1065 3137 1095 3168 R
1121 3138 1351 3175 aliorumque.
1396 3150 1435 3157 —
1479 3131 1537 3163 26.
1573 3140 1704 3173 quoque
1738 3132 1856 3172 fructu

101 3187 268 3220 VPART.
310 3202 353 3209 -
394 3185 451 3217 33.
490 3194 534 3216 ne
559 3186 649 3227 sorte
674 3186 734 3225 qui
759 3201 772 3206 -
797 3202 810 3207 -
835 3185 1038 3215 existimans
1062 3182 1305 3222 reprehendere
1329 3179 1473 3220 incipiat
1511 3177 1625 3210 PAT:
1666 3187 1707 3209 ne
1741 3179 1854 3218 sorte,

102 3235 161 3277 qui
186 3252 198 3258 —
222 3250 236 3256 -
261 3233 458 3265 existiment
482 3230 697 3270 (existimant
723 3230 787 3271 R),
829 3232 1073 3270 reprehendere
1097 3231 1269 3269 incipiant
1295 3227 1364 3258 RE.
1407 3242 1451 3248 --
1491 3225 1546 3257 35.
1582 3228 1709 3265 putant
1737 3224 1856 3256 PART

103 3282 281 3321 ceterique
308 3281 379 3311 noti
408 3283 544 3318 praeter
578 3278 672 3309 Cass.
691 3301 699 3316 ,
743 3285 893 3318 quocum
918 3280 1040 3316 putent
1076 3276 1116 3306 E.
1159 3292 1196 3297 -
1239 3274 1294 3306 37.
1336 3271 1606 3305 considerandus
1631 3271 1751 3303 PART
1777 3279 1855 3303 cum

105 3328 231 3360 ceteris
258 3331 372 3362 notis.
402 3330 539 3365 praeter
564 3323 679 3356 Schol.
709 3323 803 3356 Oud.
833 3325 915 3362 qui,
955 3329 991 3355 ut
1018 3322 1178 3359 videtur,
1207 3326 1300 3352 recte
1335 3322 1484 3357 omitttt;
1523 3319 1685 3358 quocirca
1713 3318 1854 3350 seclusi-

104 3382 204 3407 mus:
231 3372 478 3406 considerandi
504 3371 546 3405 de
572 3370 691 3403 Lamb.
721 3371 814 3404 coni.
843 3369 884 3402 E.
915 3387 952 3393 -
980 3369 1037 3401 38.
1066 3368 1240 3400 amicitias
1264 3375 1353 3399 corr.
1381 3366 1418 3399 1³.
1449 3381 1485 3388 -
1513 3366 1717 3407 eaepetendas
1741 3364 1780 3397 P.
