2117 3762
819 285 862 327 C.
893 287 958 328 31.
989 288 1055 330 32.
1085 288 1151 329 33.
1754 289 1832 330 361

83 398 202 443 runt,
236 392 295 435 sic
326 393 488 435 illorum
520 391 690 434 liberior
722 397 761 433 et
793 392 933 443 latior,
966 407 1088 449 quam
1119 394 1274 448 patitur
1303 390 1559 435 consuetudo
1586 391 1833 434 iudiciorum

84 462 126 498 et
152 454 249 497 sori.
314 459 406 498 121.
453 457 555 506 Quis
585 456 694 496 enim
724 455 896 496 uberior
927 457 966 496 in
998 455 1171 497 dicendo
1210 456 1406 498 Platone?
1459 457 1602 496 Iovem
1633 455 1691 495 sic
1721 455 1837 495 aiunt

82 518 342 574 philosophi,
376 518 410 560 si
443 521 597 560 Graece
626 516 842 570 loquatur,
874 517 1001 573 loqui.
1060 519 1161 568 Quis
1183 517 1402 560 Aristotele
1424 516 1667 565 nervosior,
1701 515 1835 558 Theo-

82 583 251 636 phrasto
282 580 468 622 dulcior?
517 578 783 621 Lectitavisse
815 579 1025 621 Platonem
1057 580 1262 628 studiose,
1293 579 1498 622 audivisse
1529 578 1653 620 etiam
1684 580 1836 619 Demo-

83 644 248 684 sthenes
277 642 451 684 dicitur:
484 642 609 697 idque
640 648 810 697 apparet
840 656 890 684 ex
922 656 1072 697 genere
1103 649 1142 684 et
1173 643 1403 697 granditate
1433 639 1670 683 verborum.
1729 641 1866 682 Dicits

83 705 205 747 etiam
249 705 290 747 in
329 707 504 761 quadam
548 704 720 759 epistola
764 704 841 746 hoc
887 706 973 761 ipse
1015 707 1066 745 dc
1105 719 1209 747 sese.
1273 707 1353 747 Sed
1391 711 1432 745 ct
1470 705 1591 746 huius
1630 704 1763 745 oratio
1794 703 1836 744 in

81 769 390 824 philosophiam
422 767 613 808 translata
645 768 891 822 pugnacior,
939 774 984 810 ut
1016 767 1068 810 ita
1099 770 1253 816 dicam,
1299 765 1480 815 videtur,
1527 771 1568 807 et
1597 765 1765 807 illorum
1793 764 1836 806 in

83 831 237 873 iudicia
265 829 461 886 pacatior.

193 893 366 935 XXXII.
402 893 494 932 122.
534 894 649 933 Nunc
679 893 936 949 reliquorum
969 899 1182 936 oratorum
1213 896 1389 938 aetates,
1421 890 1454 932 si
1483 891 1642 944 placet,
1675 895 1715 930 et
1745 902 1838 943 gra-

82 957 158 998 dus
187 968 498 1010 persequamur.
554 955 682 997 Nobis
723 970 843 1003 vero,
890 956 1023 1011 inquit
1058 955 1237 1001 Atticus,
1283 960 1322 995 et
1351 955 1616 994 veliementer
1649 951 1887 1006 quidem‚10

79 1025 127 1060 ut
155 1030 231 1073 pro
261 1019 388 1059 Bruto
421 1018 542 1059 etiam
574 1021 860 1074 respondeam.
923 1019 1046 1060 Curio
1077 1018 1154 1060 suit
1183 1017 1309 1071 igitur
1338 1017 1523 1057 eiusdem
1555 1015 1697 1056 aetatis
1727 1013 1832 1063 sere,

80 1094 178 1122 sane
218 1079 387 1122 illustris
423 1087 591 1129 orator,
643 1081 760 1122 cuius
800 1083 850 1122 de
891 1082 1057 1136 ingenio
1099 1093 1152 1120 ex
1190 1078 1447 1120 orationihus
1488 1079 1576 1118 eius
1607 1076 1836 1117 existimari

78 1147 230 1196 potest.
290 1143 394 1183 Sunt
424 1143 532 1183 enim
564 1148 604 1182 et
632 1142 736 1184 aliae
767 1149 807 1184 et
836 1156 912 1197 pro
949 1144 1038 1184 Ser.
1063 1141 1207 1183 Fulvio
1239 1143 1290 1182 de
1320 1140 1478 1182 incestu
1508 1139 1658 1181 nobilis
1689 1139 1836 1186 oratio,

78 1205 208 1246 Nobis
237 1206 404 1260 quidem
434 1204 574 1260 pueris
606 1207 706 1246 haec
737 1207 920 1247 omnium
952 1206 1106 1261 optima
1136 1202 1375 1259 putabatur,
1408 1216 1512 1258 quae
1534 1202 1602 1243 vix
1624 1201 1703 1242 iam
1726 1213 1838 1242 com-

77 1272 196 1322 paret
224 1267 266 1308 in
296 1269 371 1308 hac
401 1269 524 1308 turba
555 1280 760 1309 novorum
786 1267 1055 1309 voluminum.
1117 1268 1210 1307 123.
1244 1264 1485 1311 Praeclare,
1516 1263 1647 1319 inquit
1667 1265 1835 1311 Brutus,
1851 1276 1886 1302 1⁵

78 1336 224 1378 teneo,
257 1329 327 1384 qui
349 1329 466 1371 istam
489 1327 651 1370 turham
675 1331 933 1372 voluminum
956 1328 1154 1370 effecerit.
1201 1330 1253 1369 Et
1275 1340 1351 1383 ego
1367 1358 1378 1375 ,
1411 1325 1622 1381 Intelligo,
1655 1327 1837 1380 inquam,

77 1394 225 1440 Brute,
274 1406 396 1448 quem
435 1392 565 1442 dicas;
615 1398 725 1434 certe
770 1392 879 1434 enim
926 1398 967 1433 et
1010 1390 1109 1434 boni
1153 1388 1309 1445 aliquid
1353 1388 1562 1430 attulimus
1606 1389 1833 1437 iuventuti,

78 1452 429 1508 magnificentius,
472 1468 593 1510 quam
624 1454 781 1504 suerat,
828 1468 957 1509 genus
1002 1454 1165 1495 dicendi
1205 1458 1245 1494 et
1282 1451 1492 1501 ornatius3
1545 1456 1585 1492 et
1622 1450 1838 1493 nocuimus

76 1516 273 1564 fortasse,
322 1516 434 1572 quod
464 1523 628 1559 veteres
660 1518 870 1560 orationes
900 1523 993 1573 post
1023 1522 1210 1564 nostras,
1256 1528 1340 1556 non
1371 1528 1394 1555 a
1423 1527 1488 1556 me
1520 1513 1685 1568 quidem
1718 1512 1838 1564 (meis

78 1579 188 1621 enim
216 1579 305 1622 illas
334 1580 575 1636 antepono),
608 1582 679 1622 sed
701 1594 722 1622 a
744 1581 953 1635 plerisque
985 1579 1065 1634 legi
1095 1584 1191 1621 sunt
1221 1576 1392 1619 desitae.
1449 1579 1652 1625 Numera,
1686 1575 1830 1632 inquit,
1850 1593 1886 1619 20

78 1655 145 1683 me
174 1642 216 1682 in
246 1643 477 1698 plerisque:
524 1656 775 1698 quamquam
817 1642 937 1685 video
970 1642 1074 1683 mihi
1106 1640 1233 1683 multa
1262 1637 1437 1694 legenda
1468 1639 1549 1680 iam
1579 1644 1618 1680 te
1648 1645 1832 1690 auctore,

77 1717 184 1758 quae
215 1711 334 1746 antea
364 1707 691 1750 contemnebam.
754 1708 845 1747 124.
880 1704 1004 1761 Atqui
1026 1704 1147 1753 haec,
1182 1703 1376 1758 inquam,
1419 1702 1469 1742 de
1490 1700 1649 1742 incestu
1674 1701 1836 1745 laudata

79 1768 210 1808 oratio
239 1767 408 1822 puerilis
439 1774 500 1809 est
528 1768 629 1810 locis
660 1768 823 1810 multis:
859 1767 910 1809 de
940 1781 1104 1814 amore,
1138 1766 1188 1806 de
1220 1764 1458 1812 tormentis,
1494 1765 1544 1804 de
1566 1777 1732 1806 rumore
1752 1764 1835 1807 loci

76 1842 174 1870 sane
204 1830 366 1878 inanes,
399 1837 683 1872 verumtamen
713 1831 894 1874 nondum
925 1830 1030 1872 tritis
1062 1834 1299 1870 nostrorum
1329 1828 1540 1866 hominem
1563 1826 1734 1869 auribus
1754 1841 1832 1869 nec

77 1890 239 1933 erudita
270 1892 435 1934 civitate
466 1893 718 1935 tolerabiles.
781 1894 952 1949 Scripsit
991 1894 1115 1934 etiam
1156 1890 1233 1931 alia
1272 1888 1472 1930 nonnulla
1504 1893 1544 1930 et
1573 1888 1701 1931 multa
1731 1891 1882 1932 dixit2s

77 1958 120 1996 et
148 1953 325 1995 illustria
357 1962 397 1996 et
427 1958 467 1997 in
499 1970 674 1997 numero
705 1962 974 2011 patronorum
1004 1954 1098 2001 suit,
1143 1960 1188 1994 ut
1219 1965 1312 1993 eum
1351 1950 1500 2000 mirer,
1549 1965 1642 1992 cum
1673 1958 1714 1993 et
1744 1954 1828 1994 vita

75 2016 421 2071 suppeditavisset
464 2023 505 2058 et
548 2020 747 2074 splendor
793 2019 830 2059 ei
875 2032 958 2059 non
1008 2016 1237 2063 defuisset,
1293 2013 1505 2054 consulem
1552 2027 1637 2055 non
1687 2015 1829 2056 fuisse.

74 2080 270 2120 XXXIII.
307 2082 400 2122 125.
453 2079 535 2122 Sed
575 2095 672 2123 ecce
714 2082 756 2121 in
796 2079 984 2121 manibus
1030 2081 1093 2120 vir
1132 2083 1172 2119 et
1209 2076 1561 2133 praestantissimo
1593 2077 1761 2132 ingenio
1793 2081 1834 2119 et

74 2140 264 2196 flagranti
292 2142 429 2184 studio
460 2149 501 2184 et
521 2145 666 2184 doctus
686 2156 709 2183 a
730 2156 861 2197 puero
895 2143 939 2183 C.
967 2142 1186 2183 Gracchus.
1247 2139 1341 2181 Noli
1373 2141 1482 2180 enim
1513 2145 1658 2194 putare
1690 2153 1834 2195 quem-

75 2217 220 2259 quam,
266 2207 419 2254 Brute,
463 2204 693 2260 pleniorem
731 2210 800 2245 aut
838 2203 1076 2246 uberiorem
1119 2206 1170 2244 ad
1201 2202 1419 2245 dicendum
1452 2202 1596 2245 fuisse.
1657 2206 1709 2245 Et
1738 2203 1881 2252 ille,³o

76 2266 144 2308 Sic
171 2279 367 2321 prorsus,
400 2267 555 2322 inquit,
600 2267 792 2309 existimo
823 2273 946 2322 atque
977 2268 1099 2308 istum
1131 2266 1182 2308 de
1215 2265 1506 2322 superioribus
1536 2279 1666 2322 paene
1696 2265 1829 2307 solum

74 2329 184 2381 lego.
241 2331 370 2370 Immo
400 2331 548 2384 plane,
577 2331 767 2385 inquam,
799 2333 950 2379 Brute,
985 2331 1098 2384 legas
1122 2343 1287 2372 censeo.
1346 2332 1551 2370 Damnum
1583 2330 1690 2370 enim
1720 2329 1831 2369 illius

73 2391 297 2432 immaturo
326 2391 495 2433 interitu
526 2407 592 2434 res
623 2395 831 2434 Romanae
862 2395 1112 2447 Latinaeque
1143 2393 1302 2433 litterae
1341 2391 1544 2433 fecerunt.
1610 2393 1702 2433 126.
1748 2391 1833 2432 Uti-

73 2467 168 2495 nam
209 2467 293 2495 non
332 2459 414 2495 tam
451 2453 565 2496 fratri
605 2455 801 2510 pietatem
843 2469 964 2511 quam
1002 2456 1159 2509 patriae
1189 2459 1397 2509 praestare
1428 2454 1645 2496 voluisset!
1698 2454 1829 2503 Quam

73 2516 143 2558 ille
173 2516 292 2558 facile
325 2518 393 2557 tali
422 2518 616 2570 ingenio,
649 2516 802 2558 diutius
822 2519 856 2558 si
879 2519 1068 2565 vixisset,
1101 2516 1165 2558 vel
1195 2522 1409 2571 paternam
1443 2522 1551 2557 esset
1579 2515 1644 2557 vel
1674 2514 1827 2557 avitam
1843 2527 1878 2555 ³5

74 2578 247 2634 gloriam
268 2581 531 2621 consecutus!
564 2579 807 2633 Eloquentia
828 2581 994 2635 quidem
1028 2580 1167 2620 nescio
1198 2593 1250 2619 an
1281 2580 1494 2620 habuisset
1526 2592 1666 2634 parem
1696 2576 1828 2618 nemi-

73 2654 182 2683 nem.
242 2641 417 2684 Grandis
450 2648 512 2683 est
540 2643 701 2690 verbis,
737 2644 900 2696 sapiens
931 2642 1168 2689 sententiis,
1204 2654 1356 2695 genere
1386 2647 1473 2683 toto
1493 2642 1651 2694 gravis:
1684 2653 1827 2681 manus

76 2708 258 2745 extrema
288 2717 371 2746 non
401 2704 575 2745 accessit
604 2705 800 2759 operibus
832 2707 945 2755 eius;
997 2705 1211 2758 praeclare
1241 2702 1430 2745 inchoata
1459 2703 1607 2751 multa,
1647 2700 1828 2757 perfecta

74 2778 158 2806 non
198 2765 332 2820 plane.
394 2769 635 2821 Legendus‚
685 2768 873 2822 inquam,
921 2772 983 2808 est
1022 2769 1090 2808 hic
1130 2771 1295 2814 orator,
1344 2769 1491 2812 Brute,
1537 2767 1569 2805 si
1611 2766 1827 2821 quisquam

75 2826 198 2876 alius,
229 2829 447 2871 iuventuti.
509 2832 600 2871 Non
619 2829 728 2870 enim
754 2829 887 2871 solum
913 2843 1061 2870 acuere
1092 2831 1165 2871 sed
1183 2830 1305 2871 ctiam
1323 2828 1432 2870 alere
1450 2829 1658 2882 ingenium
1675 2830 1824 2880 potest.
1841 2840 1877 2867 40

165 2998 199 3029 1.
227 2994 346 3036 latior]
382 2998 498 3030 laxior
531 2999 724 3041 Scheving‚
764 3000 888 3031 laetior
924 2999 1004 3031 olim
1040 2999 1189 3031 Ellendt.
1241 2999 1309 3031 Sed
1345 2999 1404 3030 cfr.
1443 2998 1537 3029 Orat.
1576 2994 1639 3036 §§.
1660 2995 1717 3028 14.
1745 2997 1825 3030 113.

75 3043 154 3076 114.
206 3043 345 3074 Ellendt
369 3045 412 3076 ed
440 3044 512 3076 Cic.
542 3046 584 3077 de
613 3046 671 3078 Or.
692 3049 707 3078 1
726 3070 734 3084 ,
761 3047 827 3083 47,
855 3046 933 3077 205.
963 3062 1003 3067 -
1034 3046 1068 3076 2.
1095 3046 1211 3077 Iovem
1235 3048 1283 3077 sic
1308 3046 1408 3077 aiunt
1430 3043 1646 3084 philosophi,
1666 3060 1679 3066 -
1696 3059 1709 3065 -
1735 3043 1828 3085 loqui

73 3091 159 3124 Cod.
185 3090 394 3122 Cuiacianus
420 3092 511 3130 apud
540 3092 638 3125 Grut.
668 3093 770 3125 Sch.:
802 3094 914 3124 lovem
934 3093 982 3123 sic
1007 3097 1043 3123 ut
1072 3094 1170 3124 aium
1193 3092 1419 3132 philosophi·
1438 3107 1449 3113 -
1474 3091 1566 3130 loqui
1592 3091 1694 3122 cetert
1714 3089 1824 3125 codd.

75 3142 111 3170 et
135 3138 184 3175 R,
224 3137 342 3167 Iovem
374 3138 473 3168 aiunt
503 3140 698 3179 philosophi
718 3156 728 3162 -
746 3157 759 3162 -
794 3142 841 3171 sic
867 3140 960 3180 loqui
985 3138 1085 3170 Rivio
1111 3144 1252 3171 auctore
1279 3139 1318 3169 E.
1354 3154 1395 3160 —
1437 3136 1492 3168 14.
1520 3137 1601 3168 haec
1634 3136 1762 3170 excidit
1785 3146 1827 3171 ex

72 3184 193 3216 Lamb.
218 3184 406 3222 Repetitt.‚
442 3185 533 3216 unde
553 3186 651 3218 deest
680 3187 720 3217 E.
749 3202 788 3209 -
834 3187 890 3217 16.
918 3194 1003 3225 eqo,
1039 3185 1219 3226 Ιηιεῖιίῃο,
1256 3186 1396 3225 inquam
1423 3183 1583 3215 Schmzio
1609 3188 1748 3216 auctore
1773 3184 1824 3216 T:

74 3239 156 3272 eqo,
181 3231 345 3271 inquam,
370 3230 526 3271 intelligo
552 3239 629 3263 cum
657 3232 750 3264 libris
777 3233 849 3264 RE.
880 3250 917 3255 —
946 3232 1002 3262 20.
1029 3230 1181 3262 Numera
1215 3232 1390 3262 Ernestius
1417 3231 1617 3269 proposuit:
1643 3230 1824 3262 Enumora

75 3286 152 3309 cum
179 3278 272 3309 libris
299 3277 378 3314 RE,
413 3277 612 3309 Annumera
639 3286 715 3310 curn
742 3288 793 3319 pr.
822 3279 887 3310 Gu.
921 3280 953 3310 1.
983 3278 1095 3309 Peter.
1140 3294 1176 3300 —
1220 3277 1276 3308 30.
1304 3280 1364 3306 aut
1391 3276 1465 3308 libri
1493 3276 1656 3309 Ellendtii
1683 3285 1823 3315 omnes,

75 3323 143 3355 Gu.
176 3325 209 3355 2.
246 3323 370 3356 Dresd.
411 3328 444 3355 et
483 3323 530 3355 R:
574 3328 613 3354 et·
642 3333 719 3357 cum
744 3326 832 3357 Aldo
859 3326 901 3365 E,
945 3332 1035 3365 quae
1071 3324 1210 3357 videtur
1240 3325 1406 3357 correctio
1440 3323 1518 3356 lect.
1546 3323 1612 3357 Gu.
1639 3323 1673 3355 1.
1700 3332 1753 3357 ac.
1783 3339 1821 3348 —

74 3369 132 3402 38.
159 3372 230 3403 eius
255 3379 324 3403 om.
353 3370 418 3402 Gu.
439 3371 471 3402 1.
499 3369 604 3404 solus.
