2117 3762
266 251 347 291 338
966 244 1036 284 DE
1067 244 1314 285 ORATORE

266 357 507 398 Tauriscum
538 353 742 410 quendam
773 348 871 391 dicit
899 353 1082 389 actorem
1112 362 1301 390 aversum
1332 346 1497 390 solitum
1527 359 1618 388 esse
1659 345 1825 395 dicere,
1874 347 1944 402 qui
1974 344 2019 387 in

264 418 422 473 agendo
455 422 654 459 contuens
683 410 838 466 aliquid
876 410 1178 466 pronuntiaret.
1238 414 1331 453 222.
1364 412 1501 460 Quare
1539 408 1754 451 oculorum
1781 413 1842 449 est
1871 422 2019 462 magna

262 481 506 524 moderatio.
564 480 666 518 Nam
696 475 781 517 oris
811 488 896 515 non
927 478 988 514 est
1017 472 1192 513 nimium
1220 474 1412 515 mutanda
1443 473 1628 527 species,
1669 486 1720 513 ne
1752 475 1821 512 aut
1850 473 1901 512 ad
1932 471 2019 512 ine-

262 545 366 600 ptias
397 548 466 585 aut
495 543 545 582 ad
575 537 816 593 pravitatem
856 536 1034 592 aliquam
1073 534 1322 578 deferamur.
1385 536 1502 578 Oculi
1542 540 1658 582 sunt,
1709 547 1887 590 quorum
1930 539 2018 574 tum

233 607 509 652 ⁵intentione,
548 608 636 644 tum
665 600 935 648 remissione,
978 604 1064 640 tum
1096 597 1305 647 coniectu,
1342 604 1427 640 tum
1459 597 1664 640 hilaritate
1695 602 1829 637 motus
1861 597 2021 636 animo-

262 684 355 712 rum
385 665 659 722 significemus
688 669 780 719 apte
811 676 905 704 cum
935 674 1087 716 genere
1116 662 1207 714 ipso
1247 661 1459 703 orationis.
1521 664 1591 703 Est
1621 659 1730 701 enim
1764 660 1871 700 actio
1905 657 2021 714 quasi

262 746 398 775 sermo
430 728 636 782 corporis,
683 740 766 782 quo
795 725 925 780 magis
955 725 1081 765 menti
1112 737 1342 777 congruens
1373 738 1462 766 esse
1493 723 1634 766 debet.
1698 721 1849 764 Oculos
1883 726 2022 762 autem

261 800 406 836 natura
436 791 577 840 nohis,
621 794 666 831 ut
695 803 803 844 equo
836 795 875 830 et
904 787 1016 829 leoni
1046 792 1173 834 setas,
1221 785 1414 834 caudam,
1456 801 1577 829 aures
1608 788 1660 828 ad
1694 791 1829 827 motus
1860 783 2022 825 animo-

260 870 353 898 rum
397 855 669 896 declarandos
710 852 836 894 dedit.
898 853 994 892 223.
1043 851 1183 899 Quare
1222 850 1264 889 in
1304 852 1379 890 hac
1418 856 1561 892 nostra
1598 851 1757 892 actione
1790 846 2022 889 secundum

211 935 247 960 10
260 933 404 961 vocem
434 918 569 960 vultus
598 918 727 967 valet3
771 917 806 957 is
836 918 974 957 autem
1005 912 1135 954 oculis
1166 913 1433 967 gubernatur.
1492 914 1624 968 Atque
1653 913 1695 954 in
1727 912 1785 953 eis
1808 909 2018 959 omnibus,

261 996 365 1037 quae
396 987 489 1023 sunt
517 980 709 1027 actionis,
755 979 861 1019 inest
890 977 1095 1032 quaedam
1124 976 1185 1016 vis
1215 989 1238 1015 a
1268 979 1413 1015 natura
1443 976 1550 1016 data.
1610 976 1748 1024 Quare
1780 975 1903 1015 etiam
1948 972 2023 1014 hac

259 1046 463 1101 imperiti,
496 1045 574 1085 hac
599 1042 745 1097 vulgus
760 1072 771 1090 ,
804 1042 882 1082 hac
902 1040 1082 1093 denique
1103 1036 1273 1079 barbari
1293 1036 1472 1078 maxime
1494 1042 1825 1082 commoventur.
1883 1033 2024 1078 Verba

260 1108 369 1149 enim
400 1109 611 1149 neminem
641 1109 809 1146 movent
837 1102 918 1144 nisi
948 1115 1062 1149 eum,
1107 1101 1177 1156 qui
1208 1099 1395 1141 eiusdem
1426 1099 1590 1153 linguae
1623 1100 1818 1141 societate
1852 1098 2025 1141 coniun-

260 1177 349 1212 ctus
396 1176 478 1220 est3
531 1166 841 1221 sententiaeque
886 1177 1010 1218 saepe
1056 1168 1198 1204 acutae
1244 1177 1327 1203 non
1364 1167 1582 1204 acutorum
1623 1163 1839 1203 hominum
1880 1175 2023 1203 sensus

209 1248 244 1274 15
259 1231 588 1289 praetervolant:
635 1230 760 1278 actio,
808 1241 913 1283 quae
949 1241 1048 1283 prae
1090 1240 1133 1267 se
1174 1230 1332 1266 motum
1371 1224 1497 1265 animi
1535 1224 1635 1272 fert,
1686 1238 1829 1266 omnes
1859 1228 2023 1274 movet;

259 1298 406 1338 iisdem
450 1295 561 1336 enim
601 1292 786 1335 omnium
825 1290 952 1332 animi
991 1287 1175 1330 motibus
1205 1287 1462 1329 concitantur
1492 1292 1533 1329 et
1563 1302 1635 1329 eos
1666 1287 1814 1329 iisdem
1844 1287 1953 1328 notis
1984 1291 2023 1328 et

259 1362 301 1401 in
331 1358 420 1399 aliis
452 1360 679 1411 agnoscunt
708 1360 749 1396 et
786 1356 828 1395 in
870 1366 914 1394 se
952 1351 1033 1405 ipsi
1072 1349 1270 1392 indicant.
1331 1352 1420 1391 LX.
1453 1352 1547 1392 224.
1593 1349 1654 1392 Ad
1684 1349 1856 1393 actionis
1886 1355 2024 1391 autem

259 1436 381 1463 usum
413 1425 536 1476 atque
567 1417 731 1460 laudem
761 1417 984 1457 maximam
1014 1413 1102 1455 sine
1133 1412 1260 1455 dubio
1290 1419 1449 1467 partem
1480 1428 1563 1456 vox
1593 1413 1777 1464 obtinet3
1811 1426 1916 1468 quae
1942 1414 2026 1468 pri-

258 1498 371 1525 mum
403 1488 465 1524 est
495 1482 674 1537 optanda
704 1478 849 1529 nobis;
891 1475 1065 1525 deinde,
1099 1489 1370 1532 quaecunque
1403 1477 1507 1525 erit,
1542 1490 1591 1517 ea
1620 1475 1786 1518 tuenda.
1845 1477 1907 1516 De
1940 1487 2022 1529 quo

209 1565 245 1591 20
259 1547 361 1588 illud
381 1547 462 1588 iam
483 1546 585 1586 nihil
605 1545 655 1585 ad
677 1544 757 1584 hoc
787 1539 1071 1597 praecipiendi
1103 1552 1256 1593 genus,
1291 1541 1643 1593 quemadmodum
1674 1538 1769 1580 voci
1798 1537 2023 1580 serviatur:

260 1611 452 1666 equidem
492 1620 642 1662 magno
681 1619 810 1659 opere
848 1616 998 1644 censeo
1037 1601 1325 1651 serviendum3
1377 1605 1447 1644 sed
1491 1601 1593 1643 illud
1622 1600 1789 1643 videtur
1821 1604 1872 1642 ab
1903 1599 2025 1642 huius

259 1674 392 1715 nostri
422 1670 626 1713 sermonis
657 1667 797 1710 officio
827 1679 912 1707 non
942 1667 1199 1714 abhorrere,
1233 1666 1371 1721 quod,
1412 1669 1458 1706 ut
1488 1664 1573 1706 dixi
1604 1663 1743 1719 paullo
1774 1670 1892 1713 ante,
1934 1662 2027 1718 plu-

260 1735 374 1777 rimis
403 1733 447 1776 in
475 1735 604 1775 rebus
634 1733 746 1787 quod
776 1730 956 1770 maxime
987 1733 1050 1771 est
1078 1727 1207 1777 utile,
1241 1728 1281 1769 id
1312 1727 1453 1770 nescio
1485 1742 1566 1782 quo
1598 1732 1720 1781 pacto
1753 1726 1878 1768 etiam
1908 1728 2028 1768 decet

260 1799 457 1840 maxime.
518 1798 623 1837 Nam
653 1796 705 1835 ad
734 1806 881 1835 vocem
913 1790 1180 1832 obtinendam
1210 1790 1311 1832 nihil
1342 1796 1403 1832 est
1433 1791 1574 1832 utilius
1606 1804 1730 1846 quam
1760 1788 1907 1831 crebra
1937 1803 2028 1830 mu-

212 1860 386 1911 2513ti03
417 1858 522 1901 nihil
551 1857 827 1914 perniciosius
858 1868 981 1910 quam
1013 1852 1145 1895 effusa
1174 1853 1262 1894 sine
1293 1853 1603 1895 intermissione
1635 1852 1864 1894 contentio.
1926 1853 2023 1893 225.

263 1923 400 1974 Quid,
442 1924 494 1963 ad
521 1934 641 1963 aures
671 1924 835 1961 nostras
873 1922 914 1959 et
942 1916 1115 1958 actionis
1146 1916 1414 1966 suavitatem,
1459 1916 1558 1971 quid
1588 1920 1650 1957 est
1680 1914 1963 1957 vicissitudine
1986 1920 2028 1955 et

261 1987 459 2029 varietate
490 1989 531 2025 et
561 1982 882 2025 commutatione
922 1980 1085 2035 aptius?
1136 1981 1279 2035 Itaque
1320 1981 1431 2020 idem
1473 1980 1710 2028 Gracchus,
1759 1980 1871 2033 quod
1909 1982 2026 2033 potes

263 2048 429 2096 audire,
461 2048 623 2095 Catule,
656 2059 709 2087 ex
738 2044 923 2092 Licinio,
957 2041 1109 2083 cliente
1139 2046 1237 2091 tuo,
1272 2042 1452 2084 litterato
1481 2043 1671 2088 homine,
1706 2055 1829 2096 quem
1859 2054 2028 2083 servum

263 2111 342 2154 sibi
383 2110 450 2152 ille
487 2111 634 2151 habuit
670 2107 721 2149 ad
760 2120 949 2154 manum,
999 2118 1093 2146 cum
1134 2106 1363 2146 eburneola
1403 2103 1548 2145 solitus
1588 2102 1835 2145 esthabere
1865 2102 2024 2152 fistula,

214 2176 335 2231 soqui
374 2178 500 2215 staret
539 2171 699 2214 occulte
737 2175 833 2226 post
870 2170 1028 2224 ipsum,
1077 2180 1170 2208 cum
1201 2169 1533 2215 contionaretur,
1580 2167 1761 2222 peritum
1791 2165 2027 2215 hominem,

265 2238 335 2292 qui
364 2235 526 2277 inflaret
554 2234 746 2276 celeriter
776 2247 872 2274 eum
903 2244 1074 2279 sonum,
1116 2243 1199 2285 quo
1228 2230 1345 2272 illum
1376 2235 1447 2271 aut
1475 2230 1693 2270 remissum
1727 2228 1930 2271 excitaret
1959 2232 2029 2270 aut

266 2314 289 2341 a
320 2299 585 2341 contentione
617 2300 846 2338 revocaret.
907 2292 1058 2334 Audivi
1099 2292 1361 2342 mehercule,
1410 2293 1545 2347 inquit
1583 2291 1777 2342 Catulus,
1827 2296 1867 2334 et
1904 2305 2028 2347 saepe

265 2376 357 2404 sum
386 2361 609 2403 admiratus
639 2357 821 2400 hominis
853 2370 946 2397 cum
977 2355 1256 2410 diligentiam,
1289 2361 1375 2397 tum
1406 2355 1528 2398 etiam
1561 2353 1792 2397 doctrinam
1824 2358 1866 2396 et
1893 2355 2028 2396 scien-

264 2427 379 2466 tiam.
441 2425 537 2464 226.
583 2424 674 2476 Ego
706 2434 828 2468 vero,
874 2418 1010 2474 inquit
1041 2421 1234 2468 Crassus,
1282 2432 1328 2460 ac
1366 2420 1488 2460 doleo
1521 2417 1688 2473 quidem
1718 2417 1811 2460 illos
1841 2417 1955 2460 viros
1985 2418 2030 2459 in

217 2505 251 2531 :35
268 2502 359 2530 eam
387 2485 577 2528 fraudem
607 2484 651 2525 in
680 2498 726 2525 re
757 2481 924 2536 publica
955 2496 1044 2522 esse
1076 2481 1292 2537 delapsos;
1333 2495 1580 2537 quamquam
1612 2496 1663 2523 ea
1692 2481 1774 2523 tela
1802 2479 1959 2522 texitur
1990 2484 2031 2521 et

267 2564 316 2592 ea
343 2549 534 2591 incitatur
562 2546 607 2588 in
638 2547 801 2587 civitate
830 2545 936 2586 ratio
967 2544 1134 2586 vivendi
1164 2558 1210 2586 ac
1239 2546 1474 2598 posteritati
1510 2544 1759 2593 ostenditur,
1807 2549 1853 2586 ut
1882 2556 2030 2586 eorum

268 2611 443 2660 civium,
489 2623 593 2666 quos
623 2610 755 2650 nostri
785 2614 923 2664 patres
954 2621 1039 2649 non
1068 2607 1272 2655 tulerunt,
1314 2607 1395 2649 iam
1430 2607 1584 2650 similes
1614 2609 1770 2649 habere
1800 2606 2027 2662 cupiamus.

267 2676 405 2724 Mitte,
438 2672 638 2722 obsecro,
671 2672 830 2727 inquit,
866 2673 1035 2720 Crasse,
1068 2669 1220 2718 Iulius,
1265 2684 1500 2712 sermonem
1529 2670 1655 2712 istum
1685 2676 1727 2712 et
1756 2675 1796 2711 te
1822 2671 1874 2711 ad
1905 2671 2031 2712 Grac-

365 2834 398 2865 1.
425 2832 511 2865 dicit
534 2831 594 2863 AB
619 2829 770 2871 aliique,
802 2830 857 2861 R:
885 2829 976 2861 dimit
1001 2829 1042 2861 E.
1070 2844 1116 2852 —
1140 2829 1175 2861 2.
1204 2826 1381 2870 contuens]
1408 2829 1565 2861 conivens
1591 2825 1664 2869 (sic)
1689 2827 1762 2861 ΑΒ.
1806 2826 1936 2869 (Atque
1961 2827 2030 2860 hoc

272 2881 417 2918 eodem,
447 2879 529 2912 salso
557 2878 721 2918 quidem,
750 2877 849 2915 loco,
887 2885 956 2908 non
983 2885 1111 2916 supra,
1150 2876 1259 2909 Codd.
1289 2886 1308 2909 a
1335 2877 1482 2909 Grutero
1509 2880 1543 2907 et
1569 2875 1742 2908 Ellendtio
1769 2876 2029 2907 commemorati

272 2929 455 2959 connivens
495 2926 659 2957 habuisse
686 2920 876 2961 videntur.)
902 2940 940 2947 —-
984 2927 1033 2956 est
1069 2928 1148 2956 ante
1185 2933 1314 2965 magna
1340 2933 1408 2956 om.
1434 2923 1507 2954 ΑΒ.
1548 2940 1590 2945 —-
1625 2923 1657 2955 3.
1685 2932 1755 2955 non
1780 2931 1848 2954 om.
1877 2922 2028 2954 Ernesti}

272 2983 412 3014 operae.
441 2988 482 2994 —-
520 2974 555 3004 lt.
585 2977 661 3004 tum
685 2975 765 3003 ante
790 2972 979 3001 intentione
1005 2978 1074 3002 om.
1101 2971 1140 3002 B.
1181 2987 1222 2993 —
1262 2971 1296 3002 7.
1327 2970 1445 3002 Oculis
1469 2969 1542 3001 AB.
1570 2985 1610 2992 -·
1651 2969 1686 3001 8.
1713 2973 1776 3002 aut
1800 2969 1890 3001 leoni
1913 2969 1956 3000 A.
1983 2983 2030 2990 --

271 3020 374 3061 εοεαε]
401 3020 500 3052 iubas
528 3020 614 3052 Cod.
642 3019 731 3059 Reg.
757 3016 862 3050 7703.
893 3017 1014 3056 Steph.
1042 3018 1164 3050 Lamb.
1193 3017 1332 3049 Schmz.
1383 3017 1427 3048 Ut
1451 3025 1538 3056 nos,
1565 3016 1637 3051 ΑΒ,
1654 3017 1696 3048 R.
1717 3033 1760 3039 -
1785 3016 1883 3048 auris
1903 3016 1929 3047 B
1955 3014 2029 3047 alii-

273 3077 354 3107 que.
387 3085 424 3091 --
454 3068 509 3098 10.
538 3068 585 3099 eis
611 3065 720 3099 Codd.
748 3065 819 3097 ab:
846 3065 889 3095 iis
915 3063 1004 3104 (AB)
1031 3064 1105 3095 RE.
1135 3079 1174 3086 -
1213 3065 1270 3096 11.
1297 3064 1453 3095 actiones
1477 3063 1517 3094 B.
1554 3080 1592 3086 —
1637 3064 1694 3095 12.
1722 3064 1786 3095 hac
1811 3062 1933 3104 vulqus
1957 3070 2026 3093 om.

273 3114 345 3144 AB.
376 3130 414 3136 -
453 3113 508 3145 13.
537 3116 608 3145 eius
634 3113 674 3144 B.
705 3129 742 3135 —
783 3112 840 3142 15.
869 3120 983 3143 omnes
1009 3128 1022 3133 -
1046 3128 1060 3133 -
1085 3111 1194 3142 animi
1219 3120 1287 3142 om.
1315 3110 1388 3141 ΑΒ.
1430 3124 1474 3131 -·
1515 3110 1571 3141 16.
1598 3111 1700 3141 motis
1725 3110 1767 3141 A.
1813 3126 1849 3132 -
1896 3107 1951 3140 17.
1977 3105 2027 3147 se]

273 3164 379 3190 semet
405 3160 446 3190 B.
487 3177 522 3182 -
569 3161 626 3192 19.
654 3159 815 3199 aptanda
841 3157 882 3188 R.
923 3175 961 3180 —
1005 3158 1062 3189 20.
1090 3158 1279 3197 recipiendi
1304 3156 1376 3188 ΑΒ.
1415 3173 1459 3178 -
1499 3157 1557 3188 21.
1583 3157 1738 3198 equidem
1762 3159 1875 3188 tamen
1899 3163 2028 3195 maqno

275 3215 374 3245 opere
400 3205 462 3243 (sic
481 3206 587 3239 divise
607 3204 663 3247 A.)
692 3206 769 3238 Vet.
801 3204 922 3243 Steph.
944 3204 1015 3241 AB,
1030 3205 1073 3236 R.
1101 3222 1143 3227 —
1169 3203 1227 3234 23.
1256 3212 1322 3244 quo
1346 3204 1496 3235 maxime
1521 3203 1562 3234 Α.
1593 3221 1631 3226 -
1658 3201 1753 3242 utile]
1781 3205 1818 3233 ut
1841 3201 1898 3232 ille
1922 3202 1964 3234 Α.
1984 3217 2028 3222 -

274 3254 332 3284 26.
360 3252 407 3283 ad
431 3257 510 3283 ante
538 3262 639 3284 aures
665 3262 734 3284 om.
761 3251 804 3283 Α.
835 3268 874 3274 -
918 3251 974 3282 27.
1002 3252 1124 3292 Itaque
1147 3254 1178 3282 et
1200 3250 1291 3281 idem
1316 3250 1356 3281 Β.
1393 3266 1435 3273 -
1470 3250 1526 3282 28.
1556 3251 1690 3282 Licinio
1713 3249 1772 3281 AB
1797 3248 1943 3288 aliique,
1970 3248 2025 3279 R:

273 3300 427 3339 Erycino
456 3299 494 3328 E.
523 3316 565 3322 —-
602 3300 658 3331 35.
686 3303 716 3332 et
742 3303 821 3331 ante
850 3306 890 3330 ea
916 3307 983 3329 om.
1011 3299 1054 3330 Α.
1085 3313 1122 3319 -
1160 3300 1193 3329 et
1217 3305 1259 3329 ea
1281 3298 1456 3330 incitatur
1480 3306 1549 3330 om.
1576 3297 1615 3329 B.
1650 3314 1692 3320 —
1728 3294 1785 3327 36.
1808 3296 2028 3336 posteritatis

274 3346 347 3378 AB.
376 3345 554 3377 «Fortasse
581 3355 700 3378 verum
728 3350 780 3379 est
800 3346 985 3386 posteris.»
1013 3346 1204 3378 ELLENDT.
