<?xml version="1.0" encoding="UTF-8"?>
<!DOCTYPE html PUBLIC "-//W3C//DTD XHTML 1.0 Transitional//EN"
    "http://www.w3.org/TR/xhtml1/DTD/xhtml1-transitional.dtd">
<html xmlns="http://www.w3.org/1999/xhtml" xml:lang="en" lang="en">
 <head>
  <title>
</title>
<meta http-equiv="Content-Type" content="text/html;charset=utf-8" />
  <meta name='ocr-system' content='tesseract 3.04.00' />
  <meta name='ocr-capabilities' content='ocr_page ocr_carea ocr_par ocr_line ocrx_word'/>
</head>
<body>
  <div class='ocr_page' id='page_1' title='image "./operaquaesupersu01ciceuoft/operaquaesupersu01ciceuoft_0347.png"; bbox 0 0 2117 3762; ppageno 0'>
   <div class='ocr_carea' id='block_1_1' title="bbox 592 288 1840 331">
    <p class='ocr_par' dir='ltr' id='par_1_1' title="bbox 592 288 1840 331">
     <span class='ocr_line' id='line_1_1' title="bbox 592 288 1840 331; baseline -0.002 0"><span class='ocrx_word' id='word_1_1' title='bbox 592 290 691 331; x_wconf 91' lang='lat' dir='ltr'><strong>LIB.</strong></span> <span class='ocrx_word' id='word_1_2' title='bbox 724 289 795 330; x_wconf 86' lang='lat'><strong>111.</strong></span> <span class='ocrx_word' id='word_1_3' title='bbox 854 288 898 329; x_wconf 93' lang='lat' dir='ltr'>C.</span> <span class='ocrx_word' id='word_1_4' title='bbox 931 289 999 329; x_wconf 67' lang='lat'><strong>54.</strong></span> <span class='ocrx_word' id='word_1_5' title='bbox 1033 290 1100 330; x_wconf 83' lang='lat'><strong>55.</strong></span> <span class='ocrx_word' id='word_1_6' title='bbox 1136 289 1203 329; x_wconf 84' lang='grc'>56.</span> <span class='ocrx_word' id='word_1_7' title='bbox 1238 290 1306 329; x_wconf 89' lang='grc'>57.</span> <span class='ocrx_word' id='word_1_8' title='bbox 1762 289 1840 329; x_wconf 85' lang='grc'>335</span> 
     </span>
    </p>
   </div>
   <div class='ocr_carea' id='block_1_2' title="bbox 75 391 1892 1262">
    <p class='ocr_par' dir='ltr' id='par_1_2' title="bbox 75 391 1892 1262">
     <span class='ocr_line' id='line_1_2' title="bbox 75 391 1840 448; baseline -0.003 -9"><span class='ocrx_word' id='word_1_9' title='bbox 75 409 235 439; x_wconf 84' lang='lat' dir='ltr'>·causae</span> <span class='ocrx_word' id='word_1_10' title='bbox 274 409 350 438; x_wconf 91' lang='lat' dir='ltr'>nec</span> <span class='ocrx_word' id='word_1_11' title='bbox 386 395 564 437; x_wconf 82' lang='lat' dir='ltr'>auditori</span> <span class='ocrx_word' id='word_1_12' title='bbox 604 407 740 448; x_wconf 89' lang='lat' dir='ltr'>neque</span> <span class='ocrx_word' id='word_1_13' title='bbox 776 405 979 448; x_wconf 85' lang='lat' dir='ltr'>personae</span> <span class='ocrx_word' id='word_1_14' title='bbox 1010 407 1143 448; x_wconf 87' lang='lat' dir='ltr'>neque</span> <span class='ocrx_word' id='word_1_15' title='bbox 1174 391 1350 448; x_wconf 80' lang='lat' dir='ltr'><strong>tempori</strong></span> <span class='ocrx_word' id='word_1_16' title='bbox 1381 403 1610 445; x_wconf 80' lang='lat' dir='ltr'>congruere</span> <span class='ocrx_word' id='word_1_17' title='bbox 1640 392 1840 434; x_wconf 90' lang='lat' dir='ltr'>orationis</span> 
     </span>
     <span class='ocr_line' id='line_1_3' title="bbox 89 455 1841 512; baseline -0.004 -11"><span class='ocrx_word' id='word_1_18' title='bbox 89 473 215 501; x_wconf 88' lang='lat' dir='ltr'>unum</span> <span class='ocrx_word' id='word_1_19' title='bbox 257 472 400 512; x_wconf 84' lang='lat' dir='ltr'>genus.</span> <span class='ocrx_word' id='word_1_20' title='bbox 463 456 558 499; x_wconf 60' lang='lat' dir='ltr'>:211ss</span> <span class='ocrx_word' id='word_1_21' title='bbox 605 459 703 498; x_wconf 83' lang='lat' dir='ltr'>Nam</span> <span class='ocrx_word' id='word_1_22' title='bbox 747 462 789 496; x_wconf 91' lang='lat' dir='ltr'>et</span> <span class='ocrx_word' id='word_1_23' title='bbox 826 469 969 496; x_wconf 90' lang='lat' dir='ltr'>causae</span> <span class='ocrx_word' id='word_1_24' title='bbox 1013 455 1158 508; x_wconf 90' lang='lat' dir='ltr'>capitis</span> <span class='ocrx_word' id='word_1_25' title='bbox 1201 457 1326 495; x_wconf 89' lang='lat' dir='ltr'>alium</span> <span class='ocrx_word' id='word_1_26' title='bbox 1371 455 1576 510; x_wconf 82' lang='lat' dir='ltr'>quendam</span> <span class='ocrx_word' id='word_1_27' title='bbox 1616 455 1841 495; x_wconf 85' lang='lat' dir='ltr'>verborum</span> 
     </span>
     <span class='ocr_line' id='line_1_4' title="bbox 88 516 1841 575; baseline -0.003 -14"><span class='ocrx_word' id='word_1_28' title='bbox 88 534 233 562; x_wconf 88' lang='lat' dir='ltr'>sonum</span> <span class='ocrx_word' id='word_1_29' title='bbox 277 522 510 575; x_wconf 86' lang='lat' dir='ltr'>requirunt,</span> <span class='ocrx_word' id='word_1_30' title='bbox 556 519 678 561; x_wconf 90' lang='lat' dir='ltr'>alium</span> <span class='ocrx_word' id='word_1_31' title='bbox 725 532 861 559; x_wconf 89' lang='lat' dir='ltr'>rerum</span> <span class='ocrx_word' id='word_1_32' title='bbox 899 518 1151 573; x_wconf 72' lang='lat' dir='ltr'>privatarum</span> <span class='ocrx_word' id='word_1_33' title='bbox 1192 524 1314 571; x_wconf 86' lang='lat' dir='ltr'>atque</span> <span class='ocrx_word' id='word_1_34' title='bbox 1355 530 1600 570; x_wconf 79' lang='lat' dir='ltr'>parvarum3</span> <span class='ocrx_word' id='word_1_35' title='bbox 1653 522 1693 557; x_wconf 89' lang='lat' dir='ltr'>et</span> <span class='ocrx_word' id='word_1_36' title='bbox 1732 516 1841 556; x_wconf 89' lang='lat' dir='ltr'>aliud</span> 
     </span>
     <span class='ocr_line' id='line_1_5' title="bbox 88 577 1844 636; baseline -0.003 -13"><span class='ocrx_word' id='word_1_37' title='bbox 88 581 251 624; x_wconf 88' lang='lat' dir='ltr'>dicendi</span> <span class='ocrx_word' id='word_1_38' title='bbox 282 598 411 636; x_wconf 83' lang='lat' dir='ltr'>genus</span> <span class='ocrx_word' id='word_1_39' title='bbox 442 582 779 627; x_wconf 80' lang='lat' dir='ltr'>deliberationes,</span> <span class='ocrx_word' id='word_1_40' title='bbox 812 580 919 621; x_wconf 89' lang='lat' dir='ltr'>aliud</span> <span class='ocrx_word' id='word_1_41' title='bbox 952 580 1230 626; x_wconf 79' lang='lat' dir='ltr'>laudationes,</span> <span class='ocrx_word' id='word_1_42' title='bbox 1262 578 1371 620; x_wconf 87' lang='lat' dir='ltr'>aliud</span> <span class='ocrx_word' id='word_1_43' title='bbox 1403 578 1575 629; x_wconf 89' lang='lat' dir='ltr'>iudicia,</span> <span class='ocrx_word' id='word_1_44' title='bbox 1614 577 1724 619; x_wconf 90' lang='lat' dir='ltr'>aliud</span> <span class='ocrx_word' id='word_1_45' title='bbox 1758 592 1844 619; x_wconf 91' lang='lat' dir='ltr'>ser-</span> 
     </span>
     <span class='ocr_line' id='line_1_6' title="bbox 89 640 1872 696; baseline -0.004 -9"><span class='ocrx_word' id='word_1_46' title='bbox 89 660 256 693; x_wconf 80' lang='lat' dir='ltr'>mones,</span> <span class='ocrx_word' id='word_1_47' title='bbox 289 646 398 687; x_wconf 91' lang='lat' dir='ltr'>aliud</span> <span class='ocrx_word' id='word_1_48' title='bbox 419 644 670 691; x_wconf 82' lang='lat' dir='ltr'>consolatio,</span> <span class='ocrx_word' id='word_1_49' title='bbox 703 643 813 684; x_wconf 86' lang='lat' dir='ltr'>aliud</span> <span class='ocrx_word' id='word_1_50' title='bbox 836 642 1086 695; x_wconf 84' lang='lat' dir='ltr'>obiurgatio,</span> <span class='ocrx_word' id='word_1_51' title='bbox 1121 641 1232 682; x_wconf 91' lang='lat' dir='ltr'>aliud</span> <span class='ocrx_word' id='word_1_52' title='bbox 1264 641 1509 696; x_wconf 88' lang='lat' dir='ltr'>disputatio,</span> <span class='ocrx_word' id='word_1_53' title='bbox 1541 641 1650 682; x_wconf 86' lang='lat' dir='ltr'>aliud</span> <span class='ocrx_word' id='word_1_54' title='bbox 1674 640 1872 682; x_wconf 72' lang='lat' dir='ltr'>historias</span> 
     </span>
     <span class='ocr_line' id='line_1_7' title="bbox 89 703 1842 760; baseline -0.005 -9"><span class='ocrx_word' id='word_1_55' title='bbox 89 708 308 751; x_wconf 81' lang='lat' dir='ltr'>desiderat.</span> <span class='ocrx_word' id='word_1_56' title='bbox 369 707 509 750; x_wconf 82' lang='lat' dir='ltr'>Refert</span> <span class='ocrx_word' id='word_1_57' title='bbox 546 707 691 751; x_wconf 88' lang='lat' dir='ltr'>etiam,</span> <span class='ocrx_word' id='word_1_58' title='bbox 742 707 809 760; x_wconf 89' lang='lat' dir='ltr'>qui</span> <span class='ocrx_word' id='word_1_59' title='bbox 848 707 1039 752; x_wconf 88' lang='lat' dir='ltr'>audiant,</span> <span class='ocrx_word' id='word_1_60' title='bbox 1086 711 1250 745; x_wconf 88' lang='lat' dir='ltr'>senatus</span> <span class='ocrx_word' id='word_1_61' title='bbox 1290 717 1339 743; x_wconf 92' lang='lat' dir='ltr'>an</span> <span class='ocrx_word' id='word_1_62' title='bbox 1373 703 1548 758; x_wconf 89' lang='lat' dir='ltr'>populus</span> <span class='ocrx_word' id='word_1_63' title='bbox 1579 717 1628 744; x_wconf 93' lang='lat' dir='ltr'>an</span> <span class='ocrx_word' id='word_1_64' title='bbox 1661 704 1842 751; x_wconf 86' lang='lat' dir='ltr'>iudices;</span> 
     </span>
     <span class='ocr_line' id='line_1_8' title="bbox 89 766 1844 826; baseline -0.005 -12"><span class='ocrx_word' id='word_1_65' title='bbox 89 771 326 826; x_wconf 86' lang='lat' dir='ltr'>frequentes</span> <span class='ocrx_word' id='word_1_66' title='bbox 363 784 414 811; x_wconf 90' lang='lat' dir='ltr'>an</span> <span class='ocrx_word' id='word_1_67' title='bbox 454 767 574 822; x_wconf 87' lang='lat' dir='ltr'>pauci</span> <span class='ocrx_word' id='word_1_68' title='bbox 613 782 663 808; x_wconf 91' lang='lat' dir='ltr'>an</span> <span class='ocrx_word' id='word_1_69' title='bbox 705 768 853 821; x_wconf 77' lang='lat' dir='ltr'>singuli</span> <span class='ocrx_word' id='word_1_70' title='bbox 895 774 935 808; x_wconf 90' lang='lat' dir='ltr'>et</span> <span class='ocrx_word' id='word_1_71' title='bbox 975 766 1138 822; x_wconf 87' lang='lat' dir='ltr'>quales:</span> <span class='ocrx_word' id='word_1_72' title='bbox 1193 766 1354 820; x_wconf 85' lang='lat' dir='ltr'>ipsique</span> <span class='ocrx_word' id='word_1_73' title='bbox 1394 773 1604 814; x_wconf 89' lang='lat' dir='ltr'>oratores,</span> <span class='ocrx_word' id='word_1_74' title='bbox 1654 780 1734 822; x_wconf 89' lang='lat' dir='ltr'>qua</span> <span class='ocrx_word' id='word_1_75' title='bbox 1764 767 1844 807; x_wconf 91' lang='lat' dir='ltr'>sint</span> 
     </span>
     <span class='ocr_line' id='line_1_9' title="bbox 88 827 1844 883; baseline -0.004 -8"><span class='ocrx_word' id='word_1_76' title='bbox 88 840 243 880; x_wconf 88' lang='lat' dir='ltr'>aetate,</span> <span class='ocrx_word' id='word_1_77' title='bbox 275 833 457 879; x_wconf 89' lang='lat' dir='ltr'>honore,</span> <span class='ocrx_word' id='word_1_78' title='bbox 491 830 754 877; x_wconf 85' lang='lat' dir='ltr'>auctoritate,</span> <span class='ocrx_word' id='word_1_79' title='bbox 786 829 910 871; x_wconf 89' lang='lat' dir='ltr'>debet</span> <span class='ocrx_word' id='word_1_80' title='bbox 940 828 1094 877; x_wconf 72' lang='lat' dir='ltr'>videri;</span> <span class='ocrx_word' id='word_1_81' title='bbox 1135 835 1315 883; x_wconf 80' lang='lat' dir='ltr'>tempuS,</span> <span class='ocrx_word' id='word_1_82' title='bbox 1348 830 1459 882; x_wconf 84' lang='lat' dir='ltr'>pacis</span> <span class='ocrx_word' id='word_1_83' title='bbox 1490 843 1541 869; x_wconf 89' lang='lat' dir='ltr'>an</span> <span class='ocrx_word' id='word_1_84' title='bbox 1573 830 1697 877; x_wconf 91' lang='lat' dir='ltr'>belli,</span> <span class='ocrx_word' id='word_1_85' title='bbox 1730 827 1844 870; x_wconf 87' lang='lat' dir='ltr'>sesti-</span> 
     </span>
     <span class='ocr_line' id='line_1_10' title="bbox 88 890 1844 948; baseline -0.002 -12"><span class='ocrx_word' id='word_1_86' title='bbox 88 895 264 936; x_wconf 88' lang='lat' dir='ltr'>nationis</span> <span class='ocrx_word' id='word_1_87' title='bbox 293 908 344 936; x_wconf 88' lang='lat' dir='ltr'>an</span> <span class='ocrx_word' id='word_1_88' title='bbox 374 894 460 935; x_wconf 89' lang='lat' dir='ltr'>otii.</span> <span class='ocrx_word' id='word_1_89' title='bbox 520 895 613 933; x_wconf 77' lang='lat'><strong>212.</strong></span> <span class='ocrx_word' id='word_1_90' title='bbox 646 894 785 948; x_wconf 85' lang='lat' dir='ltr'>ltaque</span> <span class='ocrx_word' id='word_1_91' title='bbox 817 894 895 932; x_wconf 82' lang='lat' dir='ltr'>hoc</span> <span class='ocrx_word' id='word_1_92' title='bbox 928 891 1019 933; x_wconf 91' lang='lat' dir='ltr'>loco</span> <span class='ocrx_word' id='word_1_93' title='bbox 1050 890 1151 932; x_wconf 92' lang='lat' dir='ltr'>nibil</span> <span class='ocrx_word' id='word_1_94' title='bbox 1183 904 1279 931; x_wconf 88' lang='lat' dir='ltr'>sane</span> <span class='ocrx_word' id='word_1_95' title='bbox 1302 896 1362 930; x_wconf 81' lang='lat' dir='ltr'>est</span> <span class='ocrx_word' id='word_1_96' title='bbox 1384 893 1494 944; x_wconf 92' lang='lat' dir='ltr'>quod</span> <span class='ocrx_word' id='word_1_97' title='bbox 1518 891 1698 946; x_wconf 85' lang='lat' dir='ltr'>praecipi</span> <span class='ocrx_word' id='word_1_98' title='bbox 1720 904 1844 945; x_wconf 87' lang='lat' dir='ltr'>posse</span> 
     </span>
     <span class='ocr_line' id='line_1_11' title="bbox 89 953 1892 1010; baseline -0.001 -14"><span class='ocrx_word' id='word_1_99' title='bbox 89 956 296 1004; x_wconf 83' lang='lat' dir='ltr'>videatur,</span> <span class='ocrx_word' id='word_1_100' title='bbox 341 956 419 996; x_wconf 88' lang='lat' dir='ltr'>nisi</span> <span class='ocrx_word' id='word_1_101' title='bbox 461 961 505 996; x_wconf 90' lang='lat' dir='ltr'>ut</span> <span class='ocrx_word' id='word_1_102' title='bbox 543 954 715 1007; x_wconf 82' lang='lat' dir='ltr'>liguram</span> <span class='ocrx_word' id='word_1_103' title='bbox 755 953 954 994; x_wconf 88' lang='lat' dir='ltr'>orationis</span> <span class='ocrx_word' id='word_1_104' title='bbox 995 954 1192 1010; x_wconf 85' lang='lat' dir='ltr'>plenioris</span> <span class='ocrx_word' id='word_1_105' title='bbox 1234 958 1274 993; x_wconf 85' lang='lat' dir='ltr'>et</span> <span class='ocrx_word' id='word_1_106' title='bbox 1305 953 1505 994; x_wconf 87' lang='lat' dir='ltr'>tenuioris</span> <span class='ocrx_word' id='word_1_107' title='bbox 1536 960 1575 995; x_wconf 91' lang='lat' dir='ltr'>et</span> <span class='ocrx_word' id='word_1_108' title='bbox 1606 953 1702 995; x_wconf 90' lang='lat' dir='ltr'>item</span> <span class='ocrx_word' id='word_1_109' title='bbox 1735 953 1842 995; x_wconf 90' lang='lat' dir='ltr'>illius</span> <span class='ocrx_word' id='word_1_110' title='bbox 1862 964 1892 989; x_wconf 90' lang='grc' dir='ltr'>ιο</span> 
     </span>
     <span class='ocr_line' id='line_1_12' title="bbox 89 1014 1842 1072; baseline -0.002 -11"><span class='ocrx_word' id='word_1_111' title='bbox 89 1018 309 1061; x_wconf 87' lang='lat' dir='ltr'>mediocris</span> <span class='ocrx_word' id='word_1_112' title='bbox 339 1020 388 1059; x_wconf 93' lang='lat' dir='ltr'>ad</span> <span class='ocrx_word' id='word_1_113' title='bbox 420 1017 486 1064; x_wconf 92' lang='lat' dir='ltr'>id,</span> <span class='ocrx_word' id='word_1_114' title='bbox 528 1016 640 1072; x_wconf 85' lang='lat' dir='ltr'>quod</span> <span class='ocrx_word' id='word_1_115' title='bbox 677 1027 868 1069; x_wconf 79' lang='lat' dir='ltr'>agemus,</span> <span class='ocrx_word' id='word_1_116' title='bbox 901 1016 1251 1055; x_wconf 85' lang='lat' dir='ltr'>accommodatam</span> <span class='ocrx_word' id='word_1_117' title='bbox 1283 1014 1522 1068; x_wconf 84' lang='lat' dir='ltr'>deligamus.</span> <span class='ocrx_word' id='word_1_118' title='bbox 1581 1016 1842 1058; x_wconf 83' lang='lat' dir='ltr'>Ornamentis</span> 
     </span>
     <span class='ocr_line' id='line_1_13' title="bbox 87 1076 1845 1134; baseline -0.001 -12"><span class='ocrx_word' id='word_1_119' title='bbox 87 1081 233 1124; x_wconf 90' lang='lat' dir='ltr'>iisdem</span> <span class='ocrx_word' id='word_1_120' title='bbox 263 1079 324 1121; x_wconf 90' lang='lat' dir='ltr'>uti</span> <span class='ocrx_word' id='word_1_121' title='bbox 354 1079 441 1121; x_wconf 87' lang='lat' dir='ltr'>sere</span> <span class='ocrx_word' id='word_1_122' title='bbox 472 1080 610 1121; x_wconf 87' lang='lat' dir='ltr'>licebit</span> <span class='ocrx_word' id='word_1_123' title='bbox 641 1079 740 1119; x_wconf 90' lang='lat' dir='ltr'>alias</span> <span class='ocrx_word' id='word_1_124' title='bbox 771 1078 1023 1124; x_wconf 90' lang='lat' dir='ltr'>contentius,</span> <span class='ocrx_word' id='word_1_125' title='bbox 1055 1076 1153 1117; x_wconf 90' lang='lat' dir='ltr'>alias</span> <span class='ocrx_word' id='word_1_126' title='bbox 1185 1076 1465 1127; x_wconf 77' lang='lat' dir='ltr'>summissius3</span> <span class='ocrx_word' id='word_1_127' title='bbox 1505 1078 1698 1134; x_wconf 83' lang='lat' dir='ltr'>omnique</span> <span class='ocrx_word' id='word_1_128' title='bbox 1729 1078 1770 1120; x_wconf 92' lang='lat' dir='ltr'>in</span> <span class='ocrx_word' id='word_1_129' title='bbox 1799 1092 1845 1120; x_wconf 90' lang='lat' dir='ltr'>re</span> 
     </span>
     <span class='ocr_line' id='line_1_14' title="bbox 86 1138 1846 1199; baseline -0.001 -15"><span class='ocrx_word' id='word_1_130' title='bbox 86 1155 233 1199; x_wconf 91' lang='lat' dir='ltr'>posse,</span> <span class='ocrx_word' id='word_1_131' title='bbox 280 1144 392 1198; x_wconf 93' lang='lat' dir='ltr'>quod</span> <span class='ocrx_word' id='word_1_132' title='bbox 424 1144 588 1190; x_wconf 88' lang='lat' dir='ltr'>deceat,</span> <span class='ocrx_word' id='word_1_133' title='bbox 625 1141 781 1188; x_wconf 88' lang='lat' dir='ltr'>facere,</span> <span class='ocrx_word' id='word_1_134' title='bbox 827 1138 927 1181; x_wconf 90' lang='lat' dir='ltr'>artis</span> <span class='ocrx_word' id='word_1_135' title='bbox 959 1144 999 1180; x_wconf 86' lang='lat' dir='ltr'>et</span> <span class='ocrx_word' id='word_1_136' title='bbox 1028 1145 1199 1180; x_wconf 87' lang='lat' dir='ltr'>naturae</span> <span class='ocrx_word' id='word_1_137' title='bbox 1231 1144 1314 1188; x_wconf 85' lang='lat' dir='ltr'>est;</span> <span class='ocrx_word' id='word_1_138' title='bbox 1363 1140 1491 1190; x_wconf 90' lang='lat' dir='ltr'>scire,</span> <span class='ocrx_word' id='word_1_139' title='bbox 1531 1141 1629 1197; x_wconf 92' lang='lat' dir='ltr'>quid</span> <span class='ocrx_word' id='word_1_140' title='bbox 1661 1143 1846 1196; x_wconf 90' lang='lat' dir='ltr'>quando-</span> 
     </span>
     <span class='ocr_line' id='line_1_15' title="bbox 87 1203 660 1262; baseline -0.002 -16"><span class='ocrx_word' id='word_1_141' title='bbox 87 1219 167 1262; x_wconf 90' lang='lat' dir='ltr'>que</span> <span class='ocrx_word' id='word_1_142' title='bbox 199 1203 368 1252; x_wconf 88' lang='lat' dir='ltr'>deceat‚</span> <span class='ocrx_word' id='word_1_143' title='bbox 399 1205 660 1258; x_wconf 84' lang='lat' dir='ltr'>prudentiae.</span> 
     </span>
    </p>
   </div>
   <div class='ocr_carea' id='block_1_3' title="bbox 86 1266 1898 2633">
    <p class='ocr_par' dir='ltr' id='par_1_3' title="bbox 86 1266 1898 2633">
     <span class='ocr_line' id='line_1_16' title="bbox 198 1266 1894 1324; baseline 0 -16"><span class='ocrx_word' id='word_1_144' title='bbox 198 1268 302 1310; x_wconf 90' lang='lat' dir='ltr'><strong>LVI.</strong></span> <span class='ocrx_word' id='word_1_145' title='bbox 334 1269 430 1308; x_wconf 77' lang='lat'><strong>213.</strong></span> <span class='ocrx_word' id='word_1_146' title='bbox 484 1269 564 1309; x_wconf 91' lang='lat' dir='ltr'>Sed</span> <span class='ocrx_word' id='word_1_147' title='bbox 603 1271 704 1311; x_wconf 91' lang='lat' dir='ltr'>haec</span> <span class='ocrx_word' id='word_1_148' title='bbox 737 1268 875 1310; x_wconf 89' lang='lat' dir='ltr'>omnia</span> <span class='ocrx_word' id='word_1_149' title='bbox 904 1269 1080 1324; x_wconf 89' lang='lat' dir='ltr'>perinde</span> <span class='ocrx_word' id='word_1_150' title='bbox 1112 1273 1230 1317; x_wconf 87' lang='lat' dir='ltr'>sunt,</span> <span class='ocrx_word' id='word_1_151' title='bbox 1273 1274 1318 1310; x_wconf 85' lang='lat' dir='ltr'>ut</span> <span class='ocrx_word' id='word_1_152' title='bbox 1347 1272 1536 1322; x_wconf 83' lang='lat' dir='ltr'>aguntur.</span> <span class='ocrx_word' id='word_1_153' title='bbox 1594 1266 1737 1316; x_wconf 86' lang='lat' dir='ltr'>Actio,</span> <span class='ocrx_word' id='word_1_154' title='bbox 1784 1268 1894 1308; x_wconf 79' lang='lat' dir='ltr'>in-¹⁵</span> 
     </span>
     <span class='ocr_line' id='line_1_17' title="bbox 87 1329 1846 1387; baseline 0 -16"><span class='ocrx_word' id='word_1_155' title='bbox 87 1343 229 1387; x_wconf 90' lang='lat' dir='ltr'>quam,</span> <span class='ocrx_word' id='word_1_156' title='bbox 278 1329 319 1370; x_wconf 92' lang='lat' dir='ltr'>in</span> <span class='ocrx_word' id='word_1_157' title='bbox 361 1330 536 1371; x_wconf 89' lang='lat' dir='ltr'>dicendo</span> <span class='ocrx_word' id='word_1_158' title='bbox 579 1345 660 1372; x_wconf 91' lang='lat' dir='ltr'>una</span> <span class='ocrx_word' id='word_1_159' title='bbox 702 1331 953 1373; x_wconf 84' lang='lat' dir='ltr'>dominatur.</span> <span class='ocrx_word' id='word_1_160' title='bbox 1016 1330 1112 1372; x_wconf 89' lang='lat' dir='ltr'>Sine</span> <span class='ocrx_word' id='word_1_161' title='bbox 1152 1332 1227 1371; x_wconf 88' lang='lat' dir='ltr'>hac</span> <span class='ocrx_word' id='word_1_162' title='bbox 1268 1345 1452 1372; x_wconf 88' lang='lat' dir='ltr'>summus</span> <span class='ocrx_word' id='word_1_163' title='bbox 1493 1335 1636 1372; x_wconf 88' lang='lat' dir='ltr'>orator</span> <span class='ocrx_word' id='word_1_164' title='bbox 1675 1344 1765 1371; x_wconf 93' lang='lat' dir='ltr'>esse</span> <span class='ocrx_word' id='word_1_165' title='bbox 1803 1330 1846 1372; x_wconf 92' lang='lat' dir='ltr'>in</span> 
     </span>
     <span class='ocr_line' id='line_1_18' title="bbox 86 1392 1842 1448; baseline 0 -14"><span class='ocrx_word' id='word_1_166' title='bbox 86 1406 260 1434; x_wconf 91' lang='lat' dir='ltr'>numero</span> <span class='ocrx_word' id='word_1_167' title='bbox 292 1392 403 1433; x_wconf 91' lang='lat' dir='ltr'>nullo</span> <span class='ocrx_word' id='word_1_168' title='bbox 435 1399 590 1447; x_wconf 89' lang='lat' dir='ltr'>potest;</span> <span class='ocrx_word' id='word_1_169' title='bbox 635 1393 860 1435; x_wconf 89' lang='lat' dir='ltr'>mediocris</span> <span class='ocrx_word' id='word_1_170' title='bbox 897 1394 975 1434; x_wconf 86' lang='lat' dir='ltr'>hac</span> <span class='ocrx_word' id='word_1_171' title='bbox 1011 1394 1232 1434; x_wconf 88' lang='lat' dir='ltr'>instructus</span> <span class='ocrx_word' id='word_1_172' title='bbox 1263 1406 1446 1434; x_wconf 90' lang='lat' dir='ltr'>summos</span> <span class='ocrx_word' id='word_1_173' title='bbox 1477 1405 1600 1448; x_wconf 87' lang='lat' dir='ltr'>saepe</span> <span class='ocrx_word' id='word_1_174' title='bbox 1630 1406 1842 1448; x_wconf 86' lang='lat' dir='ltr'>superare.</span> 
     </span>
     <span class='ocr_line' id='line_1_19' title="bbox 87 1454 1847 1509; baseline 0 -13"><span class='ocrx_word' id='word_1_175' title='bbox 87 1455 195 1496; x_wconf 85' lang='lat' dir='ltr'>Huic</span> <span class='ocrx_word' id='word_1_176' title='bbox 223 1456 378 1509; x_wconf 90' lang='lat' dir='ltr'>primas</span> <span class='ocrx_word' id='word_1_177' title='bbox 409 1454 570 1496; x_wconf 87' lang='lat' dir='ltr'>dedisse</span> <span class='ocrx_word' id='word_1_178' title='bbox 601 1458 900 1498; x_wconf 87' lang='lat' dir='ltr'>Demosthenes</span> <span class='ocrx_word' id='word_1_179' title='bbox 932 1457 1104 1502; x_wconf 89' lang='lat' dir='ltr'>dicitur,</span> <span class='ocrx_word' id='word_1_180' title='bbox 1152 1468 1244 1496; x_wconf 85' lang='lat' dir='ltr'>cum</span> <span class='ocrx_word' id='word_1_181' title='bbox 1285 1460 1531 1509; x_wconf 87' lang='lat' dir='ltr'>rogaretur,</span> <span class='ocrx_word' id='word_1_182' title='bbox 1578 1454 1677 1509; x_wconf 90' lang='lat' dir='ltr'>quid</span> <span class='ocrx_word' id='word_1_183' title='bbox 1714 1454 1755 1496; x_wconf 92' lang='lat' dir='ltr'>in</span> <span class='ocrx_word' id='word_1_184' title='bbox 1786 1454 1847 1496; x_wconf 87' lang='lat' dir='ltr'>di-</span> 
     </span>
     <span class='ocr_line' id='line_1_20' title="bbox 87 1515 1845 1570; baseline 0.001 -13"><span class='ocrx_word' id='word_1_185' title='bbox 87 1515 218 1558; x_wconf 87' lang='lat' dir='ltr'>cendo</span> <span class='ocrx_word' id='word_1_186' title='bbox 261 1522 368 1558; x_wconf 87' lang='lat' dir='ltr'>esset</span> <span class='ocrx_word' id='word_1_187' title='bbox 410 1518 616 1570; x_wconf 91' lang='lat' dir='ltr'>primum;</span> <span class='ocrx_word' id='word_1_188' title='bbox 667 1519 763 1560; x_wconf 91' lang='lat' dir='ltr'>huic</span> <span class='ocrx_word' id='word_1_189' title='bbox 808 1520 1031 1566; x_wconf 87' lang='lat' dir='ltr'>secundas,</span> <span class='ocrx_word' id='word_1_190' title='bbox 1078 1516 1177 1558; x_wconf 85' lang='lat' dir='ltr'>huic</span> <span class='ocrx_word' id='word_1_191' title='bbox 1213 1516 1369 1559; x_wconf 88' lang='lat' dir='ltr'>tertias.</span> <span class='ocrx_word' id='word_1_192' title='bbox 1432 1518 1524 1567; x_wconf 91' lang='lat' dir='ltr'>Quo</span> <span class='ocrx_word' id='word_1_193' title='bbox 1560 1516 1660 1558; x_wconf 90' lang='lat' dir='ltr'>mibi</span> <span class='ocrx_word' id='word_1_194' title='bbox 1699 1515 1845 1558; x_wconf 89' lang='lat' dir='ltr'>melius</span> 
     </span>
     <span class='ocr_line' id='line_1_21' title="bbox 89 1578 1897 1635; baseline 0 -15"><span class='ocrx_word' id='word_1_195' title='bbox 89 1579 212 1621; x_wconf 89' lang='lat' dir='ltr'>etiam</span> <span class='ocrx_word' id='word_1_196' title='bbox 243 1578 346 1620; x_wconf 90' lang='lat' dir='ltr'>illud</span> <span class='ocrx_word' id='word_1_197' title='bbox 376 1578 427 1620; x_wconf 88' lang='lat' dir='ltr'>ab</span> <span class='ocrx_word' id='word_1_198' title='bbox 457 1582 662 1622; x_wconf 83' lang='lat' dir='ltr'>Aeschine</span> <span class='ocrx_word' id='word_1_199' title='bbox 693 1583 847 1622; x_wconf 89' lang='lat' dir='ltr'>dietum</span> <span class='ocrx_word' id='word_1_200' title='bbox 878 1580 1008 1621; x_wconf 89' lang='lat' dir='ltr'>videri</span> <span class='ocrx_word' id='word_1_201' title='bbox 1040 1580 1169 1628; x_wconf 83' lang='lat' dir='ltr'>solet3</span> <span class='ocrx_word' id='word_1_202' title='bbox 1217 1580 1305 1635; x_wconf 89' lang='lat' dir='ltr'>qui,</span> <span class='ocrx_word' id='word_1_203' title='bbox 1350 1592 1443 1621; x_wconf 89' lang='lat' dir='ltr'>cum</span> <span class='ocrx_word' id='word_1_204' title='bbox 1473 1586 1642 1635; x_wconf 90' lang='lat' dir='ltr'>propter</span> <span class='ocrx_word' id='word_1_205' title='bbox 1671 1578 1848 1634; x_wconf 84' lang='lat' dir='ltr'>ignomi-</span> <span class='ocrx_word' id='word_1_206' title='bbox 1861 1586 1897 1611; x_wconf 78' lang='lat'>2⁰</span> 
     </span>
     <span class='ocr_line' id='line_1_22' title="bbox 87 1640 1847 1696; baseline 0.001 -13"><span class='ocrx_word' id='word_1_207' title='bbox 87 1643 196 1683; x_wconf 92' lang='lat' dir='ltr'>niam</span> <span class='ocrx_word' id='word_1_208' title='bbox 227 1641 368 1683; x_wconf 91' lang='lat' dir='ltr'>iudicii</span> <span class='ocrx_word' id='word_1_209' title='bbox 399 1644 589 1685; x_wconf 88' lang='lat' dir='ltr'>cessisset</span> <span class='ocrx_word' id='word_1_210' title='bbox 617 1643 786 1685; x_wconf 87' lang='lat' dir='ltr'>Athenis</span> <span class='ocrx_word' id='word_1_211' title='bbox 817 1649 857 1684; x_wconf 90' lang='lat' dir='ltr'>et</span> <span class='ocrx_word' id='word_1_212' title='bbox 887 1657 930 1684; x_wconf 87' lang='lat' dir='ltr'>se</span> <span class='ocrx_word' id='word_1_213' title='bbox 961 1640 1151 1682; x_wconf 88' lang='lat' dir='ltr'>Rhodum</span> <span class='ocrx_word' id='word_1_214' title='bbox 1182 1641 1442 1690; x_wconf 88' lang='lat' dir='ltr'>contulisset,</span> <span class='ocrx_word' id='word_1_215' title='bbox 1480 1647 1649 1696; x_wconf 88' lang='lat' dir='ltr'>rogatus</span> <span class='ocrx_word' id='word_1_216' title='bbox 1685 1656 1708 1683; x_wconf 89' lang='lat' dir='ltr'>a</span> <span class='ocrx_word' id='word_1_217' title='bbox 1739 1644 1847 1684; x_wconf 85' lang='lat' dir='ltr'>Rho-</span> 
     </span>
     <span class='ocr_line' id='line_1_23' title="bbox 88 1702 1845 1760; baseline -0.001 -14"><span class='ocrx_word' id='word_1_218' title='bbox 88 1703 189 1752; x_wconf 86' lang='lat' dir='ltr'>diis,</span> <span class='ocrx_word' id='word_1_219' title='bbox 235 1705 384 1757; x_wconf 81' lang='lat' dir='ltr'>legisse</span> <span class='ocrx_word' id='word_1_220' title='bbox 428 1704 561 1746; x_wconf 83' lang='lat' dir='ltr'>fertur</span> <span class='ocrx_word' id='word_1_221' title='bbox 597 1706 828 1747; x_wconf 89' lang='lat' dir='ltr'>orationem</span> <span class='ocrx_word' id='word_1_222' title='bbox 865 1705 976 1746; x_wconf 92' lang='lat' dir='ltr'>illam</span> <span class='ocrx_word' id='word_1_223' title='bbox 1021 1702 1252 1758; x_wconf 82' lang='lat' dir='ltr'>egregiam,</span> <span class='ocrx_word' id='word_1_224' title='bbox 1302 1718 1423 1760; x_wconf 91' lang='lat' dir='ltr'>quam</span> <span class='ocrx_word' id='word_1_225' title='bbox 1459 1704 1502 1746; x_wconf 91' lang='lat' dir='ltr'>in</span> <span class='ocrx_word' id='word_1_226' title='bbox 1540 1703 1845 1759; x_wconf 84' lang='lat' dir='ltr'>Ctesiphontem</span> 
     </span>
     <span class='ocr_line' id='line_1_24' title="bbox 90 1766 1844 1822; baseline 0.001 -15"><span class='ocrx_word' id='word_1_227' title='bbox 90 1773 231 1807; x_wconf 90' lang='lat' dir='ltr'>contra</span> <span class='ocrx_word' id='word_1_228' title='bbox 261 1768 580 1809; x_wconf 88' lang='lat' dir='ltr'>Demosthenem</span> <span class='ocrx_word' id='word_1_229' title='bbox 611 1767 792 1818; x_wconf 80' lang='lat' dir='ltr'>dixerat3</span> <span class='ocrx_word' id='word_1_230' title='bbox 827 1781 906 1822; x_wconf 92' lang='lat' dir='ltr'>qua</span> <span class='ocrx_word' id='word_1_231' title='bbox 936 1766 1142 1822; x_wconf 87' lang='lat' dir='ltr'>perlecta,</span> <span class='ocrx_word' id='word_1_232' title='bbox 1175 1768 1349 1821; x_wconf 87' lang='lat' dir='ltr'>petitum</span> <span class='ocrx_word' id='word_1_233' title='bbox 1379 1773 1440 1809; x_wconf 88' lang='lat' dir='ltr'>est</span> <span class='ocrx_word' id='word_1_234' title='bbox 1469 1769 1520 1808; x_wconf 90' lang='lat' dir='ltr'>ab</span> <span class='ocrx_word' id='word_1_235' title='bbox 1553 1780 1603 1809; x_wconf 91' lang='lat' dir='ltr'>eo</span> <span class='ocrx_word' id='word_1_236' title='bbox 1634 1766 1844 1821; x_wconf 91' lang='lat' dir='ltr'>postridie,</span> 
     </span>
     <span class='ocr_line' id='line_1_25' title="bbox 88 1829 1843 1886; baseline 0.001 -17"><span class='ocrx_word' id='word_1_237' title='bbox 88 1835 134 1870; x_wconf 94' lang='lat' dir='ltr'>ut</span> <span class='ocrx_word' id='word_1_238' title='bbox 162 1830 321 1883; x_wconf 85' lang='lat' dir='ltr'>legeret</span> <span class='ocrx_word' id='word_1_239' title='bbox 350 1829 460 1870; x_wconf 91' lang='lat' dir='ltr'>illam</span> <span class='ocrx_word' id='word_1_240' title='bbox 494 1830 643 1879; x_wconf 88' lang='lat' dir='ltr'>etiam,</span> <span class='ocrx_word' id='word_1_241' title='bbox 682 1845 787 1886; x_wconf 88' lang='lat' dir='ltr'>quae</span> <span class='ocrx_word' id='word_1_242' title='bbox 819 1837 908 1872; x_wconf 88' lang='lat' dir='ltr'>erat</span> <span class='ocrx_word' id='word_1_243' title='bbox 937 1836 1079 1871; x_wconf 87' lang='lat' dir='ltr'>contra</span> <span class='ocrx_word' id='word_1_244' title='bbox 1109 1844 1132 1871; x_wconf 90' lang='lat' dir='ltr'>a</span> <span class='ocrx_word' id='word_1_245' title='bbox 1161 1832 1440 1872; x_wconf 90' lang='lat' dir='ltr'>Demosthene</span> <span class='ocrx_word' id='word_1_246' title='bbox 1472 1843 1548 1885; x_wconf 91' lang='lat' dir='ltr'>pro</span> <span class='ocrx_word' id='word_1_247' title='bbox 1581 1829 1843 1883; x_wconf 89' lang='lat' dir='ltr'>Ctesiphonte</span> 
     </span>
     <span class='ocr_line' id='line_1_26' title="bbox 89 1890 1894 1948; baseline 0.001 -17"><span class='ocrx_word' id='word_1_248' title='bbox 89 1892 224 1939; x_wconf 88' lang='lat' dir='ltr'>edita;</span> <span class='ocrx_word' id='word_1_249' title='bbox 274 1904 397 1946; x_wconf 88' lang='lat' dir='ltr'>quam</span> <span class='ocrx_word' id='word_1_250' title='bbox 445 1905 538 1934; x_wconf 90' lang='lat' dir='ltr'>cum</span> <span class='ocrx_word' id='word_1_251' title='bbox 581 1893 821 1934; x_wconf 71' lang='lat' dir='ltr'>suavissima</span> <span class='ocrx_word' id='word_1_252' title='bbox 865 1900 905 1934; x_wconf 85' lang='lat' dir='ltr'>et</span> <span class='ocrx_word' id='word_1_253' title='bbox 944 1892 1124 1935; x_wconf 76' lang='lat' dir='ltr'>maxima</span> <span class='ocrx_word' id='word_1_254' title='bbox 1169 1906 1270 1935; x_wconf 82' lang='lat' dir='ltr'>voce</span> <span class='ocrx_word' id='word_1_255' title='bbox 1315 1892 1503 1948; x_wconf 88' lang='lat' dir='ltr'>legisset,</span> <span class='ocrx_word' id='word_1_256' title='bbox 1551 1890 1894 1933; x_wconf 85' lang='lat' dir='ltr'>admirantibus2⁵</span> 
     </span>
     <span class='ocr_line' id='line_1_27' title="bbox 90 1953 1846 2009; baseline 0.001 -15"><span class='ocrx_word' id='word_1_257' title='bbox 90 1953 306 2002; x_wconf 91' lang='lat' dir='ltr'>omnibus,</span> <span class='ocrx_word' id='word_1_258' title='bbox 356 1955 544 2003; x_wconf 82' lang='lat' dir='ltr'>Quanto,</span> <span class='ocrx_word' id='word_1_259' title='bbox 591 1956 745 2009; x_wconf 91' lang='lat' dir='ltr'>inquit,</span> <span class='ocrx_word' id='word_1_260' title='bbox 791 1958 922 2008; x_wconf 87' lang='lat' dir='ltr'>magis</span> <span class='ocrx_word' id='word_1_261' title='bbox 952 1954 1227 2004; x_wconf 89' lang='lat' dir='ltr'>miraremini,</span> <span class='ocrx_word' id='word_1_262' title='bbox 1275 1955 1308 1997; x_wconf 90' lang='lat' dir='ltr'>si</span> <span class='ocrx_word' id='word_1_263' title='bbox 1339 1954 1555 1996; x_wconf 88' lang='lat' dir='ltr'>audissetis</span> <span class='ocrx_word' id='word_1_264' title='bbox 1577 1954 1738 2009; x_wconf 91' lang='lat' dir='ltr'>ipsuml</span> <span class='ocrx_word' id='word_1_265' title='bbox 1782 1956 1846 1996; x_wconf 81' lang='lat' dir='ltr'>Ex</span> 
     </span>
     <span class='ocr_line' id='line_1_28' title="bbox 89 2015 1846 2074; baseline 0.001 -17"><span class='ocrx_word' id='word_1_266' title='bbox 89 2030 172 2072; x_wconf 90' lang='lat' dir='ltr'>quo</span> <span class='ocrx_word' id='word_1_267' title='bbox 204 2016 300 2057; x_wconf 88' lang='lat' dir='ltr'>satis</span> <span class='ocrx_word' id='word_1_268' title='bbox 331 2015 596 2070; x_wconf 67' lang='lat' dir='ltr'>significavit,</span> <span class='ocrx_word' id='word_1_269' title='bbox 645 2022 840 2073; x_wconf 88' lang='lat' dir='ltr'>quantum</span> <span class='ocrx_word' id='word_1_270' title='bbox 871 2023 978 2059; x_wconf 92' lang='lat' dir='ltr'>esset</span> <span class='ocrx_word' id='word_1_271' title='bbox 1008 2018 1049 2058; x_wconf 92' lang='lat' dir='ltr'>in</span> <span class='ocrx_word' id='word_1_272' title='bbox 1079 2019 1263 2066; x_wconf 87' lang='lat' dir='ltr'>actione,</span> <span class='ocrx_word' id='word_1_273' title='bbox 1312 2018 1381 2074; x_wconf 92' lang='lat' dir='ltr'>qui</span> <span class='ocrx_word' id='word_1_274' title='bbox 1412 2016 1642 2059; x_wconf 89' lang='lat' dir='ltr'>orationem</span> <span class='ocrx_word' id='word_1_275' title='bbox 1673 2018 1846 2058; x_wconf 86' lang='lat' dir='ltr'>eandem</span> 
     </span>
     <span class='ocr_line' id='line_1_29' title="bbox 90 2077 1849 2135; baseline 0 -15"><span class='ocrx_word' id='word_1_276' title='bbox 90 2077 209 2120; x_wconf 90' lang='lat' dir='ltr'>aliam</span> <span class='ocrx_word' id='word_1_277' title='bbox 239 2079 332 2120; x_wconf 88' lang='lat' dir='ltr'>fore</span> <span class='ocrx_word' id='word_1_278' title='bbox 363 2081 538 2134; x_wconf 90' lang='lat' dir='ltr'>putarit,</span> <span class='ocrx_word' id='word_1_279' title='bbox 571 2084 710 2121; x_wconf 91' lang='lat' dir='ltr'>actore</span> <span class='ocrx_word' id='word_1_280' title='bbox 740 2085 912 2121; x_wconf 85' lang='lat' dir='ltr'>mutato.</span> <span class='ocrx_word' id='word_1_281' title='bbox 971 2081 1065 2121; x_wconf 64' lang='lat'><strong>214.</strong></span> <span class='ocrx_word' id='word_1_282' title='bbox 1099 2079 1208 2129; x_wconf 90' lang='lat' dir='ltr'>Quid</span> <span class='ocrx_word' id='word_1_283' title='bbox 1238 2079 1315 2121; x_wconf 86' lang='lat' dir='ltr'>suit</span> <span class='ocrx_word' id='word_1_284' title='bbox 1345 2080 1387 2121; x_wconf 93' lang='lat' dir='ltr'>in</span> <span class='ocrx_word' id='word_1_285' title='bbox 1418 2081 1627 2128; x_wconf 87' lang='lat' dir='ltr'>Graccho,</span> <span class='ocrx_word' id='word_1_286' title='bbox 1660 2093 1781 2135; x_wconf 91' lang='lat' dir='ltr'>quem</span> <span class='ocrx_word' id='word_1_287' title='bbox 1804 2085 1849 2120; x_wconf 94' lang='lat' dir='ltr'>tu</span> 
     </span>
     <span class='ocr_line' id='line_1_30' title="bbox 91 2140 1847 2198; baseline 0.001 -16"><span class='ocrx_word' id='word_1_288' title='bbox 91 2140 260 2189; x_wconf 88' lang='lat' dir='ltr'>melius,</span> <span class='ocrx_word' id='word_1_289' title='bbox 294 2141 460 2191; x_wconf 86' lang='lat' dir='ltr'>Catule,</span> <span class='ocrx_word' id='word_1_290' title='bbox 493 2141 738 2190; x_wconf 88' lang='lat' dir='ltr'>meministi,</span> <span class='ocrx_word' id='word_1_291' title='bbox 770 2140 881 2198; x_wconf 92' lang='lat' dir='ltr'>quod</span> <span class='ocrx_word' id='word_1_292' title='bbox 911 2155 977 2183; x_wconf 90' lang='lat' dir='ltr'>me</span> <span class='ocrx_word' id='word_1_293' title='bbox 1007 2154 1139 2196; x_wconf 85' lang='lat' dir='ltr'>puero</span> <span class='ocrx_word' id='word_1_294' title='bbox 1170 2147 1282 2183; x_wconf 90' lang='lat' dir='ltr'>tanto</span> <span class='ocrx_word' id='word_1_295' title='bbox 1316 2156 1443 2196; x_wconf 90' lang='lat' dir='ltr'>opere</span> <span class='ocrx_word' id='word_1_296' title='bbox 1474 2142 1682 2183; x_wconf 73' lang='lat' dir='ltr'>ferretur?</span> <span class='ocrx_word' id='word_1_297' title='bbox 1737 2143 1847 2191; x_wconf 92' lang='lat' dir='ltr'>Quo</span> 
     </span>
     <span class='ocr_line' id='line_1_31' title="bbox 91 2203 1898 2260; baseline 0.001 -16"><span class='ocrx_word' id='word_1_298' title='bbox 91 2217 167 2245; x_wconf 93' lang='lat' dir='ltr'>me</span> <span class='ocrx_word' id='word_1_299' title='bbox 197 2204 358 2245; x_wconf 91' lang='lat' dir='ltr'>miser</span> <span class='ocrx_word' id='word_1_300' title='bbox 387 2203 690 2246; x_wconf 77' lang='lat' dir='ltr'>conferam?</span> <span class='ocrx_word' id='word_1_301' title='bbox 726 2218 828 2260; x_wconf 89' lang='lat' dir='ltr'>quo</span> <span class='ocrx_word' id='word_1_302' title='bbox 860 2207 1085 2246; x_wconf 77' lang='lat' dir='ltr'>vertam?</span> <span class='ocrx_word' id='word_1_303' title='bbox 1125 2206 1178 2245; x_wconf 92' lang='lat' dir='ltr'>In</span> <span class='ocrx_word' id='word_1_304' title='bbox 1200 2204 1618 2260; x_wconf 77' lang='lat' dir='ltr'>Capitoliumne?</span> <span class='ocrx_word' id='word_1_305' title='bbox 1649 2208 1709 2246; x_wconf 92' lang='lat' dir='ltr'>At</span> <span class='ocrx_word' id='word_1_306' title='bbox 1739 2205 1898 2245; x_wconf 81' lang='lat' dir='ltr'>fra-³0</span> 
     </span>
     <span class='ocr_line' id='line_1_32' title="bbox 91 2265 1848 2320; baseline 0.001 -14"><span class='ocrx_word' id='word_1_307' title='bbox 91 2265 189 2307; x_wconf 87' lang='lat' dir='ltr'>tris</span> <span class='ocrx_word' id='word_1_308' title='bbox 234 2265 490 2320; x_wconf 85' lang='lat' dir='ltr'>sanguine</span> <span class='ocrx_word' id='word_1_309' title='bbox 531 2268 718 2308; x_wconf 87' lang='lat' dir='ltr'>madet.</span> <span class='ocrx_word' id='word_1_310' title='bbox 779 2268 851 2308; x_wconf 88' lang='lat' dir='ltr'>An</span> <span class='ocrx_word' id='word_1_311' title='bbox 895 2268 1133 2308; x_wconf 76' lang='lat' dir='ltr'>domum?</span> <span class='ocrx_word' id='word_1_312' title='bbox 1182 2269 1467 2308; x_wconf 86' lang='lat' dir='ltr'>Matremne</span> <span class='ocrx_word' id='word_1_313' title='bbox 1511 2272 1565 2308; x_wconf 92' lang='lat' dir='ltr'>ut</span> <span class='ocrx_word' id='word_1_314' title='bbox 1607 2270 1848 2309; x_wconf 88' lang='lat' dir='ltr'>miseram</span> 
     </span>
     <span class='ocr_line' id='line_1_33' title="bbox 91 2327 1848 2379; baseline 0 -9"><span class='ocrx_word' id='word_1_315' title='bbox 91 2327 467 2370; x_wconf 87' lang='lat' dir='ltr'>lamentantem</span> <span class='ocrx_word' id='word_1_316' title='bbox 509 2330 720 2370; x_wconf 75' lang='lat' dir='ltr'>videam</span> <span class='ocrx_word' id='word_1_317' title='bbox 763 2334 811 2370; x_wconf 91' lang='lat' dir='ltr'>et</span> <span class='ocrx_word' id='word_1_318' title='bbox 847 2330 1138 2371; x_wconf 74' lang='lat' dir='ltr'>abiectam?</span> <span class='ocrx_word' id='word_1_319' title='bbox 1189 2330 1304 2379; x_wconf 89' lang='lat' dir='ltr'>Quae</span> <span class='ocrx_word' id='word_1_320' title='bbox 1344 2331 1402 2371; x_wconf 87' lang='lat' dir='ltr'>sic</span> <span class='ocrx_word' id='word_1_321' title='bbox 1440 2328 1490 2371; x_wconf 93' lang='lat' dir='ltr'>ab</span> <span class='ocrx_word' id='word_1_322' title='bbox 1528 2329 1600 2372; x_wconf 92' lang='lat' dir='ltr'>illo</span> <span class='ocrx_word' id='word_1_323' title='bbox 1639 2344 1727 2372; x_wconf 91' lang='lat' dir='ltr'>esse</span> <span class='ocrx_word' id='word_1_324' title='bbox 1761 2335 1848 2371; x_wconf 89' lang='lat' dir='ltr'>acta</span> 
     </span>
     <span class='ocr_line' id='line_1_34' title="bbox 92 2388 1845 2448; baseline 0.001 -18"><span class='ocrx_word' id='word_1_325' title='bbox 92 2388 306 2431; x_wconf 86' lang='lat' dir='ltr'>constabat</span> <span class='ocrx_word' id='word_1_326' title='bbox 346 2389 502 2439; x_wconf 90' lang='lat' dir='ltr'>oculis,</span> <span class='ocrx_word' id='word_1_327' title='bbox 544 2403 668 2440; x_wconf 88' lang='lat' dir='ltr'>voce,</span> <span class='ocrx_word' id='word_1_328' title='bbox 712 2396 850 2445; x_wconf 87' lang='lat' dir='ltr'>gestu,</span> <span class='ocrx_word' id='word_1_329' title='bbox 896 2391 1052 2433; x_wconf 87' lang='lat' dir='ltr'>inimici</span> <span class='ocrx_word' id='word_1_330' title='bbox 1081 2396 1127 2433; x_wconf 87' lang='lat' dir='ltr'>ut</span> <span class='ocrx_word' id='word_1_331' title='bbox 1155 2391 1344 2434; x_wconf 88' lang='lat' dir='ltr'>lacrimas</span> <span class='ocrx_word' id='word_1_332' title='bbox 1375 2399 1518 2435; x_wconf 88' lang='lat' dir='ltr'>tenere</span> <span class='ocrx_word' id='word_1_333' title='bbox 1547 2406 1630 2434; x_wconf 94' lang='lat' dir='ltr'>non</span> <span class='ocrx_word' id='word_1_334' title='bbox 1663 2397 1845 2448; x_wconf 90' lang='lat' dir='ltr'>possent.</span> 
     </span>
     <span class='ocr_line' id='line_1_35' title="bbox 93 2450 1849 2511; baseline 0.001 -18"><span class='ocrx_word' id='word_1_335' title='bbox 93 2453 206 2494; x_wconf 90' lang='lat' dir='ltr'>Haec</span> <span class='ocrx_word' id='word_1_336' title='bbox 234 2450 329 2494; x_wconf 90' lang='lat' dir='ltr'>ideo</span> <span class='ocrx_word' id='word_1_337' title='bbox 359 2452 452 2494; x_wconf 87' lang='lat' dir='ltr'>dico</span> <span class='ocrx_word' id='word_1_338' title='bbox 482 2454 695 2507; x_wconf 89' lang='lat' dir='ltr'>pluribus,</span> <span class='ocrx_word' id='word_1_339' title='bbox 731 2455 843 2509; x_wconf 89' lang='lat' dir='ltr'>quod</span> <span class='ocrx_word' id='word_1_340' title='bbox 873 2466 1001 2508; x_wconf 84' lang='lat' dir='ltr'>genus</span> <span class='ocrx_word' id='word_1_341' title='bbox 1031 2455 1111 2495; x_wconf 88' lang='lat' dir='ltr'>hoc</span> <span class='ocrx_word' id='word_1_342' title='bbox 1139 2460 1272 2496; x_wconf 86' lang='lat' dir='ltr'>totum</span> <span class='ocrx_word' id='word_1_343' title='bbox 1304 2461 1512 2504; x_wconf 88' lang='lat' dir='ltr'>oratores,</span> <span class='ocrx_word' id='word_1_344' title='bbox 1555 2456 1624 2511; x_wconf 89' lang='lat' dir='ltr'>qui</span> <span class='ocrx_word' id='word_1_345' title='bbox 1656 2461 1748 2496; x_wconf 90' lang='lat' dir='ltr'>suut</span> <span class='ocrx_word' id='word_1_346' title='bbox 1779 2467 1849 2496; x_wconf 87' lang='lat' dir='ltr'>ve-</span> 
     </span>
     <span class='ocr_line' id='line_1_36' title="bbox 92 2513 1896 2571; baseline 0.001 -15"><span class='ocrx_word' id='word_1_347' title='bbox 92 2515 224 2556; x_wconf 89' lang='lat' dir='ltr'>ritatis</span> <span class='ocrx_word' id='word_1_348' title='bbox 251 2513 380 2570; x_wconf 90' lang='lat' dir='ltr'>ipsius</span> <span class='ocrx_word' id='word_1_349' title='bbox 401 2520 583 2562; x_wconf 86' lang='lat' dir='ltr'>actores,</span> <span class='ocrx_word' id='word_1_350' title='bbox 616 2515 900 2571; x_wconf 90' lang='lat' dir='ltr'>reliquerunt;</span> <span class='ocrx_word' id='word_1_351' title='bbox 939 2515 1166 2558; x_wconf 89' lang='lat' dir='ltr'>imitatores</span> <span class='ocrx_word' id='word_1_352' title='bbox 1196 2522 1333 2559; x_wconf 87' lang='lat' dir='ltr'>autem</span> <span class='ocrx_word' id='word_1_353' title='bbox 1363 2517 1569 2567; x_wconf 88' lang='lat' dir='ltr'>veritatis,</span> <span class='ocrx_word' id='word_1_354' title='bbox 1601 2516 1843 2564; x_wconf 86' lang='lat' dir='ltr'>histriones,</span> <span class='ocrx_word' id='word_1_355' title='bbox 1863 2524 1896 2551; x_wconf 88' lang='lat'>³⁵</span> 
     </span>
     <span class='ocr_line' id='line_1_37' title="bbox 94 2577 1843 2633; baseline 0 -14"><span class='ocrx_word' id='word_1_356' title='bbox 94 2583 415 2633; x_wconf 86' lang='lat' dir='ltr'>occupaverunt.</span> <span class='ocrx_word' id='word_1_357' title='bbox 477 2579 602 2619; x_wconf 90' lang='lat' dir='ltr'><strong>LVII.</strong></span> <span class='ocrx_word' id='word_1_358' title='bbox 635 2580 731 2620; x_wconf 81' lang='lat'><strong>215.</strong></span> <span class='ocrx_word' id='word_1_359' title='bbox 763 2579 822 2620; x_wconf 90' lang='lat' dir='ltr'>Ac</span> <span class='ocrx_word' id='word_1_360' title='bbox 851 2577 937 2619; x_wconf 90' lang='lat' dir='ltr'>sine</span> <span class='ocrx_word' id='word_1_361' title='bbox 969 2577 1096 2620; x_wconf 92' lang='lat' dir='ltr'>dubio</span> <span class='ocrx_word' id='word_1_362' title='bbox 1126 2580 1170 2620; x_wconf 91' lang='lat' dir='ltr'>in</span> <span class='ocrx_word' id='word_1_363' title='bbox 1201 2579 1314 2622; x_wconf 91' lang='lat' dir='ltr'>omni</span> <span class='ocrx_word' id='word_1_364' title='bbox 1343 2594 1388 2622; x_wconf 90' lang='lat' dir='ltr'>re</span> <span class='ocrx_word' id='word_1_365' title='bbox 1418 2580 1546 2622; x_wconf 87' lang='lat' dir='ltr'>vincit</span> <span class='ocrx_word' id='word_1_366' title='bbox 1574 2578 1843 2622; x_wconf 84' lang='lat' dir='ltr'>imitationem</span> 
     </span>
    </p>
   </div>
   <div class='ocr_carea' id='block_1_4' title="bbox 96 2712 1851 3408">
    <p class='ocr_par' dir='ltr' id='par_1_4' title="bbox 96 2712 1851 3408">
     <span class='ocr_line' id='line_1_38' title="bbox 186 2712 1847 2759; baseline 0 -13"><span class='ocrx_word' id='word_1_367' title='bbox 186 2715 221 2746; x_wconf 81' lang='lat'>2.</span> <span class='ocrx_word' id='word_1_368' title='bbox 248 2712 387 2756; x_wconf 84' lang='lat' dir='ltr'>capitis]</span> <span class='ocrx_word' id='word_1_369' title='bbox 415 2723 558 2755; x_wconf 83' lang='lat' dir='ltr'>capaces</span> <span class='ocrx_word' id='word_1_370' title='bbox 584 2715 624 2747; x_wconf 83' lang='lat' dir='ltr'>R.</span> <span class='ocrx_word' id='word_1_371' title='bbox 655 2731 692 2737; x_wconf 95' lang='lat'><strong>—</strong></span> <span class='ocrx_word' id='word_1_372' title='bbox 718 2715 902 2748; x_wconf 85' lang='lat' dir='ltr'>verborum</span> <span class='ocrx_word' id='word_1_373' title='bbox 927 2716 1098 2757; x_wconf 81' lang='lat' dir='ltr'>quendam</span> <span class='ocrx_word' id='word_1_374' title='bbox 1122 2716 1166 2748; x_wconf 89' lang='lat' dir='ltr'>R.</span> <span class='ocrx_word' id='word_1_375' title='bbox 1194 2734 1237 2739; x_wconf 97' lang='lat'><strong>—</strong></span> <span class='ocrx_word' id='word_1_376' title='bbox 1270 2716 1305 2749; x_wconf 67' lang='lat'>4.</span> <span class='ocrx_word' id='word_1_377' title='bbox 1333 2725 1442 2759; x_wconf 75' lang='lat' dir='ltr'>yenus</span> <span class='ocrx_word' id='word_1_378' title='bbox 1466 2721 1498 2750; x_wconf 84' lang='lat' dir='ltr'>et</span> <span class='ocrx_word' id='word_1_379' title='bbox 1521 2717 1780 2749; x_wconf 74' lang='lat' dir='ltr'>deliberationes</span> <span class='ocrx_word' id='word_1_380' title='bbox 1804 2713 1847 2754; x_wconf 73' lang='lat' dir='ltr'>A,</span> 
     </span>
     <span class='ocr_line' id='line_1_39' title="bbox 96 2760 1848 2806; baseline 0.001 -14"><span class='ocrx_word' id='word_1_381' title='bbox 96 2769 203 2803; x_wconf 66' lang='lat' dir='ltr'>genus</span> <span class='ocrx_word' id='word_1_382' title='bbox 227 2760 448 2794; x_wconf 78' lang='lat' dir='ltr'>liberationes</span> <span class='ocrx_word' id='word_1_383' title='bbox 473 2762 512 2794; x_wconf 91' lang='lat' dir='ltr'>B.</span> <span class='ocrx_word' id='word_1_384' title='bbox 542 2778 582 2784; x_wconf 95' lang='lat'>—</span> <span class='ocrx_word' id='word_1_385' title='bbox 607 2766 670 2793; x_wconf 83' lang='lat' dir='ltr'>aut</span> <span class='ocrx_word' id='word_1_386' title='bbox 694 2771 804 2794; x_wconf 85' lang='lat' dir='ltr'>sermo</span> <span class='ocrx_word' id='word_1_387' title='bbox 830 2763 873 2795; x_wconf 84' lang='lat' dir='ltr'>R.</span> <span class='ocrx_word' id='word_1_388' title='bbox 904 2779 943 2785; x_wconf 98' lang='lat'><strong>—</strong></span> <span class='ocrx_word' id='word_1_389' title='bbox 971 2764 1005 2795; x_wconf 85' lang='lat'>5.</span> <span class='ocrx_word' id='word_1_390' title='bbox 1033 2763 1215 2805; x_wconf 76' lang='lat' dir='ltr'>dissipatio</span> <span class='ocrx_word' id='word_1_391' title='bbox 1241 2764 1282 2806; x_wconf 80' lang='grc' dir='ltr'>Α.</span> <span class='ocrx_word' id='word_1_392' title='bbox 1313 2781 1350 2787; x_wconf 96' lang='grc'>-</span> <span class='ocrx_word' id='word_1_393' title='bbox 1394 2765 1560 2796; x_wconf 76' lang='lat' dir='ltr'>historiae</span> <span class='ocrx_word' id='word_1_394' title='bbox 1585 2764 1776 2795; x_wconf 81' lang='lat' dir='ltr'>desiderant</span> <span class='ocrx_word' id='word_1_395' title='bbox 1804 2762 1848 2794; x_wconf 87' lang='lat' dir='ltr'>R.</span> 
     </span>
     <span class='ocr_line' id='line_1_40' title="bbox 98 2807 1848 2851; baseline 0.002 -12"><span class='ocrx_word' id='word_1_396' title='bbox 98 2825 140 2831; x_wconf 96' lang='lat'>—</span> <span class='ocrx_word' id='word_1_397' title='bbox 165 2807 199 2839; x_wconf 88' lang='grc'>6.</span> <span class='ocrx_word' id='word_1_398' title='bbox 228 2812 291 2839; x_wconf 87' lang='lat' dir='ltr'>aut</span> <span class='ocrx_word' id='word_1_399' title='bbox 314 2808 444 2840; x_wconf 81' lang='lat' dir='ltr'>iudices</span> <span class='ocrx_word' id='word_1_400' title='bbox 462 2809 502 2840; x_wconf 94' lang='grc' dir='ltr'>Β.</span> <span class='ocrx_word' id='word_1_401' title='bbox 525 2826 566 2832; x_wconf 91' lang='lat'>—-</span> <span class='ocrx_word' id='word_1_402' title='bbox 592 2810 626 2840; x_wconf 83' lang='lat'>7.</span> <span class='ocrx_word' id='word_1_403' title='bbox 655 2812 685 2841; x_wconf 92' lang='lat' dir='ltr'>et</span> <span class='ocrx_word' id='word_1_404' title='bbox 710 2809 847 2849; x_wconf 78' lang='lat' dir='ltr'>equales</span> <span class='ocrx_word' id='word_1_405' title='bbox 873 2809 956 2849; x_wconf 87' lang='lat' dir='ltr'>(sic)</span> <span class='ocrx_word' id='word_1_406' title='bbox 976 2811 1014 2842; x_wconf 87' lang='lat' dir='ltr'>B.</span> <span class='ocrx_word' id='word_1_407' title='bbox 1037 2827 1075 2833; x_wconf 92' lang='lat'>——</span> <span class='ocrx_word' id='word_1_408' title='bbox 1103 2811 1239 2851; x_wconf 79' lang='lat' dir='ltr'>ipsique</span> <span class='ocrx_word' id='word_1_409' title='bbox 1258 2811 1282 2841; x_wconf 83' lang='grc' dir='ltr'><strong>Β</strong></span> <span class='ocrx_word' id='word_1_410' title='bbox 1301 2811 1430 2851; x_wconf 84' lang='lat' dir='ltr'>aliique</span> <span class='ocrx_word' id='word_1_411' title='bbox 1446 2836 1455 2850; x_wconf 97' lang='lat'>,</span> <span class='ocrx_word' id='word_1_412' title='bbox 1482 2812 1534 2843; x_wconf 86' lang='lat' dir='ltr'>R:</span> <span class='ocrx_word' id='word_1_413' title='bbox 1562 2811 1628 2850; x_wconf 78' lang='lat' dir='ltr'>ipsi</span> <span class='ocrx_word' id='word_1_414' title='bbox 1651 2818 1781 2850; x_wconf 85' lang='lat' dir='ltr'>quoque</span> <span class='ocrx_word' id='word_1_415' title='bbox 1806 2809 1848 2842; x_wconf 91' lang='grc' dir='ltr'>Ε.</span> 
     </span>
     <span class='ocr_line' id='line_1_41' title="bbox 99 2854 1848 2897; baseline 0 -12"><span class='ocrx_word' id='word_1_416' title='bbox 99 2854 164 2894; x_wconf 87' lang='lat' dir='ltr'>(De</span> <span class='ocrx_word' id='word_1_417' title='bbox 182 2854 210 2886; x_wconf 83' lang='grc' dir='ltr'><strong>Α</strong></span> <span class='ocrx_word' id='word_1_418' title='bbox 228 2863 296 2886; x_wconf 90' lang='lat' dir='ltr'>non</span> <span class='ocrx_word' id='word_1_419' title='bbox 316 2856 452 2896; x_wconf 87' lang='lat' dir='ltr'>liquet..)</span> <span class='ocrx_word' id='word_1_420' title='bbox 475 2871 511 2878; x_wconf 90' lang='lat'>—</span> <span class='ocrx_word' id='word_1_421' title='bbox 539 2856 598 2897; x_wconf 80' lang='lat' dir='ltr'>qui</span> <span class='ocrx_word' id='word_1_422' title='bbox 624 2857 693 2887; x_wconf 83' lang='lat' dir='ltr'>sint</span> <span class='ocrx_word' id='word_1_423' title='bbox 717 2856 835 2894; x_wconf 72' lang='lat' dir='ltr'><strong>AB‚R.</strong></span> <span class='ocrx_word' id='word_1_424' title='bbox 866 2873 902 2880; x_wconf 91' lang='lat'>—</span> <span class='ocrx_word' id='word_1_425' title='bbox 931 2856 964 2888; x_wconf 90' lang='lat'>8.</span> <span class='ocrx_word' id='word_1_426' title='bbox 994 2856 1112 2888; x_wconf 84' lang='lat' dir='ltr'>debent</span> <span class='ocrx_word' id='word_1_427' title='bbox 1136 2857 1253 2889; x_wconf 83' lang='lat' dir='ltr'>videre</span> <span class='ocrx_word' id='word_1_428' title='bbox 1278 2857 1354 2897; x_wconf 87' lang='lat' dir='ltr'>(sic)</span> <span class='ocrx_word' id='word_1_429' title='bbox 1374 2858 1459 2894; x_wconf 84' lang='lat' dir='ltr'><strong>B,R.</strong></span> <span class='ocrx_word' id='word_1_430' title='bbox 1484 2874 1520 2880; x_wconf 94' lang='lat'>—</span> <span class='ocrx_word' id='word_1_431' title='bbox 1548 2866 1587 2888; x_wconf 92' lang='lat' dir='ltr'>ac</span> <span class='ocrx_word' id='word_1_432' title='bbox 1612 2856 1689 2888; x_wconf 85' lang='lat' dir='ltr'>belli</span> <span class='ocrx_word' id='word_1_433' title='bbox 1714 2855 1785 2886; x_wconf 75' lang='grc' dir='ltr'>ΑΒ.</span> <span class='ocrx_word' id='word_1_434' title='bbox 1806 2871 1848 2878; x_wconf 93' lang='grc'>-</span> 
     </span>
     <span class='ocr_line' id='line_1_42' title="bbox 99 2898 1850 2943; baseline 0.001 -10"><span class='ocrx_word' id='word_1_435' title='bbox 99 2902 155 2933; x_wconf 92' lang='grc'>10.</span> <span class='ocrx_word' id='word_1_436' title='bbox 183 2898 264 2941; x_wconf 86' lang='lat' dir='ltr'>nisi]</span> <span class='ocrx_word' id='word_1_437' title='bbox 289 2911 331 2934; x_wconf 85' lang='lat' dir='ltr'>ne</span> <span class='ocrx_word' id='word_1_438' title='bbox 357 2902 430 2933; x_wconf 83' lang='grc' dir='ltr'>ΑΒ.</span> <span class='ocrx_word' id='word_1_439' title='bbox 460 2919 497 2925; x_wconf 90' lang='grc'>-</span> <span class='ocrx_word' id='word_1_440' title='bbox 526 2903 681 2934; x_wconf 82' lang='lat' dir='ltr'>oratoris</span> <span class='ocrx_word' id='word_1_441' title='bbox 706 2902 745 2932; x_wconf 90' lang='grc' dir='ltr'>Β.</span> <span class='ocrx_word' id='word_1_442' title='bbox 777 2918 812 2924; x_wconf 94' lang='grc'>-</span> <span class='ocrx_word' id='word_1_443' title='bbox 840 2902 1008 2942; x_wconf 79' lang='lat' dir='ltr'>plenioris</span> <span class='ocrx_word' id='word_1_444' title='bbox 1034 2912 1102 2935; x_wconf 90' lang='lat' dir='ltr'>om.</span> <span class='ocrx_word' id='word_1_445' title='bbox 1130 2904 1202 2935; x_wconf 89' lang='grc' dir='ltr'>ΑΒ.</span> <span class='ocrx_word' id='word_1_446' title='bbox 1220 2919 1273 2927; x_wconf 40' lang='lat'>⁴—</span> <span class='ocrx_word' id='word_1_447' title='bbox 1312 2904 1406 2943; x_wconf 86' lang='lat' dir='ltr'>item]</span> <span class='ocrx_word' id='word_1_448' title='bbox 1432 2905 1518 2936; x_wconf 82' lang='lat' dir='ltr'>idem</span> <span class='ocrx_word' id='word_1_449' title='bbox 1543 2903 1601 2934; x_wconf 83' lang='grc' dir='ltr'>ΑΒ</span> <span class='ocrx_word' id='word_1_450' title='bbox 1628 2907 1661 2935; x_wconf 90' lang='lat' dir='ltr'>et</span> <span class='ocrx_word' id='word_1_451' title='bbox 1686 2902 1850 2934; x_wconf 85' lang='lat' dir='ltr'>Ellendtll</span> 
     </span>
     <span class='ocr_line' id='line_1_43' title="bbox 100 2947 1851 2991; baseline 0.001 -11"><span class='ocrx_word' id='word_1_452' title='bbox 100 2956 240 2988; x_wconf 81' lang='lat' dir='ltr'>operae.</span> <span class='ocrx_word' id='word_1_453' title='bbox 270 2963 310 2970; x_wconf 93' lang='lat'>—</span> <span class='ocrx_word' id='word_1_454' title='bbox 337 2949 393 2980; x_wconf 85' lang='lat'>11.</span> <span class='ocrx_word' id='word_1_455' title='bbox 422 2957 564 2988; x_wconf 76' lang='lat' dir='ltr'>aqemus</span> <span class='ocrx_word' id='word_1_456' title='bbox 591 2949 675 2980; x_wconf 72' lang='lat' dir='ltr'>AB:</span> <span class='ocrx_word' id='word_1_457' title='bbox 703 2950 837 2991; x_wconf 68' lang='lat' dir='ltr'>aqimus</span> <span class='ocrx_word' id='word_1_458' title='bbox 855 2949 927 2981; x_wconf 84' lang='lat' dir='ltr'>RE.</span> <span class='ocrx_word' id='word_1_459' title='bbox 957 2966 994 2972; x_wconf 95' lang='lat'><em>-</em></span> <span class='ocrx_word' id='word_1_460' title='bbox 1024 2951 1322 2982; x_wconf 83' lang='lat' dir='ltr'>accommodatum</span> <span class='ocrx_word' id='word_1_461' title='bbox 1341 2951 1379 2982; x_wconf 90' lang='lat' dir='ltr'>B.</span> <span class='ocrx_word' id='word_1_462' title='bbox 1405 2967 1444 2973; x_wconf 94' lang='lat'><strong>—</strong></span> <span class='ocrx_word' id='word_1_463' title='bbox 1473 2950 1528 2981; x_wconf 88' lang='grc'>13.</span> <span class='ocrx_word' id='word_1_464' title='bbox 1553 2947 1657 2990; x_wconf 83' lang='lat' dir='ltr'>quod]</span> <span class='ocrx_word' id='word_1_465' title='bbox 1683 2948 1720 2979; x_wconf 74' lang='lat' dir='ltr'>id</span> <span class='ocrx_word' id='word_1_466' title='bbox 1746 2948 1788 2981; x_wconf 88' lang='lat' dir='ltr'>R.</span> <span class='ocrx_word' id='word_1_467' title='bbox 1807 2961 1851 2972; x_wconf 84' lang='lat'>-·</span> 
     </span>
     <span class='ocr_line' id='line_1_44' title="bbox 99 2994 1848 3037; baseline -0.001 -10"><span class='ocrx_word' id='word_1_468' title='bbox 99 2999 146 3027; x_wconf 86' lang='lat' dir='ltr'>est</span> <span class='ocrx_word' id='word_1_469' title='bbox 173 3003 242 3026; x_wconf 88' lang='lat' dir='ltr'>om.</span> <span class='ocrx_word' id='word_1_470' title='bbox 270 2994 310 3025; x_wconf 83' lang='grc' dir='ltr'>Β.</span> <span class='ocrx_word' id='word_1_471' title='bbox 336 3009 381 3016; x_wconf 76' lang='grc'>·-</span> <span class='ocrx_word' id='word_1_472' title='bbox 418 2995 473 3026; x_wconf 88' lang='lat'>15.</span> <span class='ocrx_word' id='word_1_473' title='bbox 500 2995 582 3027; x_wconf 82' lang='lat' dir='ltr'>haec</span> <span class='ocrx_word' id='word_1_474' title='bbox 607 2997 725 3027; x_wconf 85' lang='lat' dir='ltr'>omnia</span> <span class='ocrx_word' id='word_1_475' title='bbox 750 2996 807 3027; x_wconf 81' lang='grc' dir='ltr'>ΑΒ</span> <span class='ocrx_word' id='word_1_476' title='bbox 833 2996 985 3035; x_wconf 76' lang='lat' dir='ltr'>aliique:</span> <span class='ocrx_word' id='word_1_477' title='bbox 1026 2996 1107 3028; x_wconf 80' lang='lat' dir='ltr'>haec</span> <span class='ocrx_word' id='word_1_478' title='bbox 1130 2998 1207 3037; x_wconf 84' lang='lat' dir='ltr'>ipsa</span> <span class='ocrx_word' id='word_1_479' title='bbox 1233 2999 1348 3028; x_wconf 82' lang='lat' dir='ltr'>omnia</span> <span class='ocrx_word' id='word_1_480' title='bbox 1374 2998 1444 3028; x_wconf 81' lang='lat' dir='ltr'>RE.</span> <span class='ocrx_word' id='word_1_481' title='bbox 1477 3012 1518 3018; x_wconf 92' lang='lat'>—</span> <span class='ocrx_word' id='word_1_482' title='bbox 1555 3000 1713 3036; x_wconf 64' lang='lat' dir='ltr'>agantur</span> <span class='ocrx_word' id='word_1_483' title='bbox 1739 2995 1780 3027; x_wconf 90' lang='lat' dir='ltr'>B.</span> <span class='ocrx_word' id='word_1_484' title='bbox 1809 3011 1848 3019; x_wconf 88' lang='lat'>-</span> 
     </span>
     <span class='ocr_line' id='line_1_45' title="bbox 99 3037 1850 3083; baseline 0 -9"><span class='ocrx_word' id='word_1_485' title='bbox 99 3041 157 3074; x_wconf 78' lang='lat'>21.</span> <span class='ocrx_word' id='word_1_486' title='bbox 186 3037 350 3080; x_wconf 77' lang='lat' dir='ltr'>cessisset]</span> <span class='ocrx_word' id='word_1_487' title='bbox 376 3044 459 3072; x_wconf 85' lang='lat' dir='ltr'>esset</span> <span class='ocrx_word' id='word_1_488' title='bbox 483 3041 522 3072; x_wconf 90' lang='lat' dir='ltr'>B.</span> <span class='ocrx_word' id='word_1_489' title='bbox 549 3057 593 3066; x_wconf 92' lang='lat'>—</span> <span class='ocrx_word' id='word_1_490' title='bbox 619 3042 674 3073; x_wconf 78' lang='lat'><strong>22.</strong></span> <span class='ocrx_word' id='word_1_491' title='bbox 702 3044 740 3073; x_wconf 83' lang='lat' dir='ltr'>in</span> <span class='ocrx_word' id='word_1_492' title='bbox 767 3042 976 3083; x_wconf 84' lang='lat' dir='ltr'>Ctesiphonte</span> <span class='ocrx_word' id='word_1_493' title='bbox 1002 3042 1072 3074; x_wconf 78' lang='grc' dir='ltr'>ΑΒ.</span> <span class='ocrx_word' id='word_1_494' title='bbox 1100 3058 1141 3065; x_wconf 93' lang='grc'><strong>-</strong></span> <span class='ocrx_word' id='word_1_495' title='bbox 1168 3043 1224 3075; x_wconf 72' lang='grc'><strong>24.</strong></span> <span class='ocrx_word' id='word_1_496' title='bbox 1252 3044 1294 3075; x_wconf 86' lang='lat' dir='ltr'>ab</span> <span class='ocrx_word' id='word_1_497' title='bbox 1321 3052 1338 3075; x_wconf 91' lang='lat' dir='ltr'>e</span> <span class='ocrx_word' id='word_1_498' title='bbox 1366 3042 1474 3074; x_wconf 87' lang='lat' dir='ltr'>Codd.</span> <span class='ocrx_word' id='word_1_499' title='bbox 1503 3042 1584 3082; x_wconf 85' lang='lat' dir='ltr'>aliq.</span> <span class='ocrx_word' id='word_1_500' title='bbox 1613 3041 1653 3073; x_wconf 92' lang='lat' dir='ltr'><strong>T.</strong></span> <span class='ocrx_word' id='word_1_501' title='bbox 1687 3041 1748 3082; x_wconf 87' lang='lat' dir='ltr'>(Ut</span> <span class='ocrx_word' id='word_1_502' title='bbox 1773 3050 1850 3080; x_wconf 88' lang='lat' dir='ltr'>nos,</span> 
     </span>
     <span class='ocr_line' id='line_1_46' title="bbox 100 3086 1848 3130; baseline 0 -10"><span class='ocrx_word' id='word_1_503' title='bbox 100 3088 174 3123; x_wconf 85' lang='grc' dir='ltr'>ΑΒ,</span> <span class='ocrx_word' id='word_1_504' title='bbox 195 3088 301 3126; x_wconf 83' lang='lat' dir='ltr'><strong>R.)-</strong></span> <span class='ocrx_word' id='word_1_505' title='bbox 326 3086 383 3118; x_wconf 81' lang='lat'>26.</span> <span class='ocrx_word' id='word_1_506' title='bbox 410 3088 626 3119; x_wconf 79' lang='lat' dir='ltr'>miraremini</span> <span class='ocrx_word' id='word_1_507' title='bbox 649 3089 708 3120; x_wconf 83' lang='grc' dir='ltr'>ΑΒ</span> <span class='ocrx_word' id='word_1_508' title='bbox 733 3090 888 3130; x_wconf 83' lang='lat' dir='ltr'>aliique:</span> <span class='ocrx_word' id='word_1_509' title='bbox 917 3090 1183 3120; x_wconf 82' lang='lat' dir='ltr'>admiraremini</span> <span class='ocrx_word' id='word_1_510' title='bbox 1205 3090 1277 3122; x_wconf 85' lang='lat' dir='ltr'>RE.</span> <span class='ocrx_word' id='word_1_511' title='bbox 1298 3105 1332 3112; x_wconf 91' lang='lat'>—</span> <span class='ocrx_word' id='word_1_512' title='bbox 1362 3090 1418 3121; x_wconf 78' lang='lat'>28.</span> <span class='ocrx_word' id='word_1_513' title='bbox 1445 3088 1518 3129; x_wconf 86' lang='lat' dir='ltr'>sore</span> <span class='ocrx_word' id='word_1_514' title='bbox 1543 3088 1601 3119; x_wconf 88' lang='grc' dir='ltr'>ΑΒ</span> <span class='ocrx_word' id='word_1_515' title='bbox 1625 3088 1769 3129; x_wconf 79' lang='lat' dir='ltr'>alitque,</span> <span class='ocrx_word' id='word_1_516' title='bbox 1796 3088 1848 3120; x_wconf 82' lang='lat' dir='ltr'>R:</span> 
     </span>
     <span class='ocr_line' id='line_1_47' title="bbox 102 3134 1849 3176; baseline -0.001 -9"><span class='ocrx_word' id='word_1_517' title='bbox 102 3142 170 3167; x_wconf 83' lang='lat' dir='ltr'>esse</span> <span class='ocrx_word' id='word_1_518' title='bbox 198 3135 236 3166; x_wconf 89' lang='lat' dir='ltr'>E.</span> <span class='ocrx_word' id='word_1_519' title='bbox 266 3151 304 3157; x_wconf 95' lang='lat'>—</span> <span class='ocrx_word' id='word_1_520' title='bbox 345 3134 483 3173; x_wconf 85' lang='lat' dir='ltr'>putarit</span> <span class='ocrx_word' id='word_1_521' title='bbox 508 3134 566 3165; x_wconf 83' lang='grc' dir='ltr'>ΑΒ</span> <span class='ocrx_word' id='word_1_522' title='bbox 592 3135 744 3174; x_wconf 82' lang='lat' dir='ltr'>aliique,</span> <span class='ocrx_word' id='word_1_523' title='bbox 772 3136 823 3168; x_wconf 85' lang='lat' dir='ltr'>R:</span> <span class='ocrx_word' id='word_1_524' title='bbox 849 3139 991 3176; x_wconf 83' lang='lat' dir='ltr'>putaret</span> <span class='ocrx_word' id='word_1_525' title='bbox 1016 3135 1055 3166; x_wconf 84' lang='lat' dir='ltr'>E.</span> <span class='ocrx_word' id='word_1_526' title='bbox 1083 3151 1123 3158; x_wconf 92' lang='lat'>—</span> <span class='ocrx_word' id='word_1_527' title='bbox 1165 3140 1303 3168; x_wconf 87' lang='lat' dir='ltr'>auctore</span> <span class='ocrx_word' id='word_1_528' title='bbox 1327 3136 1367 3166; x_wconf 87' lang='lat' dir='ltr'><strong>R.</strong></span> <span class='ocrx_word' id='word_1_529' title='bbox 1397 3152 1433 3158; x_wconf 92' lang='lat'><strong>—</strong></span> <span class='ocrx_word' id='word_1_530' title='bbox 1478 3136 1515 3166; x_wconf 86' lang='lat' dir='ltr'>in</span> <span class='ocrx_word' id='word_1_531' title='bbox 1540 3144 1608 3167; x_wconf 88' lang='lat' dir='ltr'>om.</span> <span class='ocrx_word' id='word_1_532' title='bbox 1635 3135 1675 3166; x_wconf 91' lang='lat' dir='ltr'>B.</span> <span class='ocrx_word' id='word_1_533' title='bbox 1705 3151 1744 3158; x_wconf 95' lang='lat'><strong>—</strong></span> <span class='ocrx_word' id='word_1_534' title='bbox 1789 3135 1849 3166; x_wconf 81' lang='lat'><strong>29.</strong></span> 
     </span>
     <span class='ocr_line' id='line_1_48' title="bbox 100 3179 1848 3220; baseline -0.001 -7"><span class='ocrx_word' id='word_1_535' title='bbox 100 3181 244 3219; x_wconf 83' lang='lat' dir='ltr'>melius,</span> <span class='ocrx_word' id='word_1_536' title='bbox 272 3180 391 3212; x_wconf 82' lang='lat' dir='ltr'>Catule</span> <span class='ocrx_word' id='word_1_537' title='bbox 415 3179 548 3212; x_wconf 85' lang='lat' dir='ltr'>Nonius</span> <span class='ocrx_word' id='word_1_538' title='bbox 576 3189 609 3220; x_wconf 85' lang='lat' dir='ltr'><strong>p.</strong></span> <span class='ocrx_word' id='word_1_539' title='bbox 637 3181 740 3219; x_wconf 68' lang='lat'>524.,</span> <span class='ocrx_word' id='word_1_540' title='bbox 767 3184 848 3215; x_wconf 86' lang='lat' dir='ltr'>item</span> <span class='ocrx_word' id='word_1_541' title='bbox 874 3182 958 3213; x_wconf 80' lang='lat' dir='ltr'>AB:</span> <span class='ocrx_word' id='word_1_542' title='bbox 998 3180 1137 3217; x_wconf 84' lang='lat' dir='ltr'>Catule,</span> <span class='ocrx_word' id='word_1_543' title='bbox 1164 3183 1288 3213; x_wconf 84' lang='lat' dir='ltr'>melius</span> <span class='ocrx_word' id='word_1_544' title='bbox 1314 3182 1386 3213; x_wconf 86' lang='lat' dir='ltr'>RE.</span> <span class='ocrx_word' id='word_1_545' title='bbox 1417 3197 1457 3204; x_wconf 88' lang='lat'><em>-</em></span> <span class='ocrx_word' id='word_1_546' title='bbox 1493 3182 1549 3213; x_wconf 88' lang='grc'>31.</span> <span class='ocrx_word' id='word_1_547' title='bbox 1576 3183 1692 3214; x_wconf 85' lang='lat' dir='ltr'>madet</span> <span class='ocrx_word' id='word_1_548' title='bbox 1717 3181 1785 3214; x_wconf 86' lang='lat' dir='ltr'><strong>Gu.</strong></span> <span class='ocrx_word' id='word_1_549' title='bbox 1812 3180 1848 3212; x_wconf 84' lang='lat'>3.</span> 
     </span>
     <span class='ocr_line' id='line_1_49' title="bbox 101 3228 1847 3267; baseline -0.001 -7"><span class='ocrx_word' id='word_1_550' title='bbox 101 3228 133 3260; x_wconf 78' lang='lat' dir='ltr'>A</span> <span class='ocrx_word' id='word_1_551' title='bbox 158 3232 192 3261; x_wconf 90' lang='lat' dir='ltr'>et.</span> <span class='ocrx_word' id='word_1_552' title='bbox 217 3228 298 3267; x_wconf 87' lang='lat' dir='ltr'>Lag.</span> <span class='ocrx_word' id='word_1_553' title='bbox 328 3228 483 3266; x_wconf 86' lang='lat' dir='ltr'>quinque</span> <span class='ocrx_word' id='word_1_554' title='bbox 511 3235 549 3258; x_wconf 84' lang='lat' dir='ltr'>ex</span> <span class='ocrx_word' id='word_1_555' title='bbox 576 3228 804 3261; x_wconf 82' lang='lat' dir='ltr'>melioribus:</span> <span class='ocrx_word' id='word_1_556' title='bbox 846 3229 984 3260; x_wconf 86' lang='lat' dir='ltr'>mandet</span> <span class='ocrx_word' id='word_1_557' title='bbox 1010 3228 1049 3259; x_wconf 92' lang='grc' dir='ltr'>Β.</span> <span class='ocrx_word' id='word_1_558' title='bbox 1101 3228 1167 3260; x_wconf 85' lang='lat' dir='ltr'>Hic</span> <span class='ocrx_word' id='word_1_559' title='bbox 1193 3237 1288 3260; x_wconf 86' lang='lat' dir='ltr'>error</span> <span class='ocrx_word' id='word_1_560' title='bbox 1312 3231 1487 3260; x_wconf 86' lang='lat' dir='ltr'>correctus</span> <span class='ocrx_word' id='word_1_561' title='bbox 1515 3231 1585 3267; x_wconf 88' lang='lat' dir='ltr'>est,</span> <span class='ocrx_word' id='word_1_562' title='bbox 1623 3233 1662 3260; x_wconf 87' lang='lat' dir='ltr'>ut.</span> <span class='ocrx_word' id='word_1_563' title='bbox 1696 3229 1847 3265; x_wconf 83' lang='lat' dir='ltr'>videtur,</span> 
     </span>
     <span class='ocr_line' id='line_1_50' title="bbox 103 3272 1850 3315; baseline -0.002 -8"><span class='ocrx_word' id='word_1_564' title='bbox 103 3277 138 3307; x_wconf 91' lang='lat' dir='ltr'>in</span> <span class='ocrx_word' id='word_1_565' title='bbox 162 3274 361 3312; x_wconf 79' lang='lat' dir='ltr'>redundat,</span> <span class='ocrx_word' id='word_1_566' title='bbox 393 3272 486 3312; x_wconf 86' lang='lat' dir='ltr'>quod</span> <span class='ocrx_word' id='word_1_567' title='bbox 513 3272 643 3306; x_wconf 88' lang='lat' dir='ltr'>habent</span> <span class='ocrx_word' id='word_1_568' title='bbox 668 3274 779 3306; x_wconf 86' lang='lat' dir='ltr'>Codd.</span> <span class='ocrx_word' id='word_1_569' title='bbox 806 3275 986 3315; x_wconf 85' lang='lat' dir='ltr'>plerique,</span> <span class='ocrx_word' id='word_1_570' title='bbox 1013 3275 1085 3306; x_wconf 85' lang='lat' dir='ltr'><strong>RE.</strong></span> <span class='ocrx_word' id='word_1_571' title='bbox 1116 3290 1155 3296; x_wconf 98' lang='lat'><strong>—</strong></span> <span class='ocrx_word' id='word_1_572' title='bbox 1182 3276 1234 3306; x_wconf 81' lang='lat' dir='ltr'>An</span> <span class='ocrx_word' id='word_1_573' title='bbox 1262 3283 1330 3306; x_wconf 92' lang='lat' dir='ltr'>om.</span> <span class='ocrx_word' id='word_1_574' title='bbox 1356 3274 1428 3307; x_wconf 83' lang='grc' dir='ltr'>ΑΒ.</span> <span class='ocrx_word' id='word_1_575' title='bbox 1454 3289 1497 3296; x_wconf 92' lang='lat'>-</span> <span class='ocrx_word' id='word_1_576' title='bbox 1523 3274 1579 3306; x_wconf 83' lang='lat'>32.</span> <span class='ocrx_word' id='word_1_577' title='bbox 1605 3275 1850 3307; x_wconf 83' lang='lat' dir='ltr'>lamentantem</span> 
     </span>
     <span class='ocr_line' id='line_1_51' title="bbox 101 3319 1848 3362; baseline -0.002 -9"><span class='ocrx_word' id='word_1_578' title='bbox 101 3320 162 3353; x_wconf 84' lang='grc' dir='ltr'>ΑΒ</span> <span class='ocrx_word' id='word_1_579' title='bbox 186 3321 338 3361; x_wconf 77' lang='lat' dir='ltr'>aliique:</span> <span class='ocrx_word' id='word_1_580' title='bbox 366 3319 676 3360; x_wconf 84' lang='lat' dir='ltr'>lamentantemque</span> <span class='ocrx_word' id='word_1_581' title='bbox 700 3321 773 3352; x_wconf 88' lang='lat' dir='ltr'><strong>RE.</strong></span> <span class='ocrx_word' id='word_1_582' title='bbox 803 3338 841 3345; x_wconf 92' lang='lat'>-</span> <span class='ocrx_word' id='word_1_583' title='bbox 868 3330 936 3354; x_wconf 80' lang='lat' dir='ltr'>esse</span> <span class='ocrx_word' id='word_1_584' title='bbox 961 3326 1043 3353; x_wconf 88' lang='lat' dir='ltr'>acta</span> <span class='ocrx_word' id='word_1_585' title='bbox 1067 3320 1126 3352; x_wconf 86' lang='grc' dir='ltr'>ΑΒ</span> <span class='ocrx_word' id='word_1_586' title='bbox 1151 3321 1305 3362; x_wconf 78' lang='lat' dir='ltr'>alitque:</span> <span class='ocrx_word' id='word_1_587' title='bbox 1332 3326 1414 3354; x_wconf 85' lang='lat' dir='ltr'>acta</span> <span class='ocrx_word' id='word_1_588' title='bbox 1438 3330 1505 3355; x_wconf 82' lang='lat' dir='ltr'>esse</span> <span class='ocrx_word' id='word_1_589' title='bbox 1528 3321 1598 3354; x_wconf 83' lang='grc' dir='ltr'>ΒΕ.</span> <span class='ocrx_word' id='word_1_590' title='bbox 1621 3338 1658 3346; x_wconf 92' lang='lat'><em>-</em></span> <span class='ocrx_word' id='word_1_591' title='bbox 1687 3322 1743 3355; x_wconf 73' lang='grc'><strong>34.</strong></span> <span class='ocrx_word' id='word_1_592' title='bbox 1771 3320 1848 3353; x_wconf 85' lang='lat' dir='ltr'>ideo</span> 
     </span>
     <span class='ocr_line' id='line_1_52' title="bbox 102 3365 1103 3408; baseline -0.004 -6"><span class='ocrx_word' id='word_1_593' title='bbox 102 3368 183 3402; x_wconf 78' lang='lat' dir='ltr'>Vet.</span> <span class='ocrx_word' id='word_1_594' title='bbox 211 3367 332 3408; x_wconf 84' lang='lat' dir='ltr'>steph.</span> <span class='ocrx_word' id='word_1_595' title='bbox 359 3365 426 3399; x_wconf 81' lang='lat' dir='ltr'>Gu.</span> <span class='ocrx_word' id='word_1_596' title='bbox 454 3366 487 3398; x_wconf 88' lang='lat'>3.</span> <span class='ocrx_word' id='word_1_597' title='bbox 515 3366 598 3398; x_wconf 84' lang='lat' dir='ltr'>AB:</span> <span class='ocrx_word' id='word_1_598' title='bbox 628 3375 665 3400; x_wconf 91' lang='lat' dir='ltr'>eo</span> <span class='ocrx_word' id='word_1_599' title='bbox 691 3367 766 3400; x_wconf 78' lang='lat' dir='ltr'><strong>RE.</strong></span> <span class='ocrx_word' id='word_1_600' title='bbox 797 3385 834 3391; x_wconf 98' lang='lat'><strong>—</strong></span> <span class='ocrx_word' id='word_1_601' title='bbox 870 3369 1039 3401; x_wconf 82' lang='lat' dir='ltr'>orationis</span> <span class='ocrx_word' id='word_1_602' title='bbox 1063 3368 1103 3399; x_wconf 89' lang='lat' dir='ltr'>B.</span> 
     </span>
    </p>
   </div>
  </div>
 </body>
</html>
