2117 3762
292 278 370 319 100
926 277 995 316 DE
1026 276 1349 318 INVENTIONE

289 397 434 425 causae
464 386 601 436 potest
631 381 870 423 convenire.
933 380 1259 430 Commutabile,
1293 383 1404 437 quod
1435 382 1486 422 ab
1509 379 1748 421 adversario
1774 385 1908 434 potest
1937 380 2039 423 levi-

288 451 352 486 ter
381 451 580 486 mutatum
612 458 662 484 cx
702 443 908 483 contraria
948 447 1066 494 parte
1102 442 1198 483 dici.
1259 445 1470 498 Longum,
1520 445 1631 498 quod
1672 444 1861 497 pluribus
1900 446 2038 485 verbis

285 514 356 549 aut
385 509 595 549 sententiis
636 507 744 546 ultra
773 518 896 560 quain
926 506 1022 545 satis
1055 510 1116 545 est
1145 506 1400 557 producitur.
1477 507 1739 560 Scparatum,
1794 504 1903 559 quod
1954 520 2039 547 non

286 585 338 611 ex
369 570 457 625 ipsa
487 583 608 610 causa
637 570 803 608 ductum
835 571 896 606 est
925 580 1002 607 nec
1034 568 1140 607 sicut
1168 568 1337 621 aliquod
1360 567 1592 609 membrum
1613 581 1819 608 annexum
1842 568 2035 608 orationi.

255 632 540 673 ⁵Translatum
573 636 660 679 est,
709 630 821 684 quod
863 629 975 669 aliud
1013 628 1199 675 conficit,
1247 643 1368 683 quam
1409 645 1556 671 causae
1588 644 1716 684 genus
1745 631 1948 685 postulat:
1994 636 2040 670 ut

284 696 317 736 si
349 696 418 749 qui
449 695 627 734 docilem
668 690 792 732 faciat
829 689 1086 739 auditorem,
1136 705 1229 731 cum
1268 692 1601 734 benevolentiam
1649 706 1770 732 causa
1811 691 2035 741 desiderat,

283 762 353 798 aut
383 758 416 797 si
446 755 648 811 principio
678 758 843 800 utatur,
893 767 985 794 cum
1025 751 1345 794 insinuationem
1382 768 1450 795 res
1481 756 1676 808 postulat.
1740 757 1889 797 Contra
1918 768 2039 810 prae-

283 826 400 873 cepta
430 824 515 866 est,
551 819 663 872 quod
694 816 796 857 nihil
827 830 973 856 eorum
1005 815 1155 863 eflicit,
1190 829 1367 869 quorum
1400 831 1521 858 causa
1543 817 1592 858 de
1614 819 1796 858 exordiis
1818 823 2039 873 praecepta

281 884 525 929 traduntur3
558 882 637 920 hoc
670 884 753 927 est,
794 877 907 933 quod
937 893 1051 926 eum,
1091 879 1161 932 qui
1192 879 1327 926 audit,
1369 893 1504 934 neque
1535 880 1784 921 benevolum
1814 894 1950 936 neque
1980 885 2040 921 at-

230 958 266 982 10
282 948 436 984 tentum
476 955 612 997 neque
653 940 831 983 docilem
872 940 1022 990 efficit;
1071 946 1166 987 aut,
1213 954 1295 995 quo
1335 942 1436 982 nihil
1476 942 1663 995 profecto
1702 944 1820 998 peius
1853 948 1946 992 est,
1993 947 2040 984 ut

281 1012 421 1048 contra
453 1007 525 1054 sit,
557 1004 670 1046 facit.
732 1006 791 1045 Ac
820 1003 871 1046 de
902 1004 1075 1045 exordio
1108 1001 1275 1056 quidem
1307 1003 1402 1044 satis
1436 1005 1587 1044 dictum
1620 1011 1693 1046 est.

390 1070 505 1109 XIX.
557 1070 625 1109 27.
674 1069 865 1109 Narratio
899 1073 960 1109 est
990 1072 1198 1122 gestarum
1229 1080 1368 1107 rerum
1399 1071 1468 1106 aut
1497 1072 1541 1107 ut
1572 1073 1777 1120 gestarum
1810 1067 2034 1123 expositio.

279 1129 572 1171 Narrationum
613 1145 769 1185 genera
806 1130 883 1172 tria
922 1136 1044 1171 sunt:
1091 1143 1220 1170 unum
1253 1142 1381 1182 genus
1413 1134 1498 1176 est,
1539 1128 1583 1169 in
1614 1144 1696 1185 quo
1729 1132 1818 1184 ipsa
1848 1144 1968 1171 causa
1999 1135 2040 1171 et

280 1191 413 1232 omnis
444 1193 549 1234 ratio
581 1194 891 1235 controversiae
923 1195 1177 1241 continetur3
1230 1194 1424 1238 alterum,
1471 1193 1514 1232 in
1554 1205 1636 1246 quo
1669 1194 1868 1247 digressio
1901 1194 2039 1248 aliqua

228 1269 264 1294 15
281 1260 397 1295 extra
442 1268 607 1296 causam
649 1260 718 1296 aut
758 1256 1059 1297 criminationis
1102 1260 1171 1295 aut
1206 1254 1483 1295 similitudinis
1527 1260 1597 1295 aut
1633 1254 1916 1296 delectationis
1955 1260 2057 1296 non'

279 1318 439 1358 alienae
468 1319 520 1358 ab
552 1333 601 1360 eo
632 1319 801 1374 negotio
821 1351 831 1368 ‚
877 1333 960 1373 quo
1001 1321 1051 1359 de
1092 1319 1227 1372 agitur
1247 1349 1257 1367 ,
1300 1323 1370 1359 aut
1400 1317 1729 1372 amplificationis
1761 1331 1884 1359 causa
1913 1319 2040 1359 inter-

276 1382 459 1436 ponitur.
520 1383 706 1423 Tertium
739 1396 868 1436 genus
901 1387 961 1423 est
990 1386 1198 1423 remotum
1228 1395 1250 1422 a
1281 1381 1473 1422 civilibus
1505 1382 1662 1429 causis,
1705 1382 1817 1435 quod
1860 1379 2040 1422 delecta-

277 1444 400 1485 tionis
438 1458 561 1485 causa
604 1458 691 1485 non
727 1443 863 1486 inutili
905 1458 998 1485 cum
1041 1443 1337 1485 exercitatione
1383 1443 1534 1484 dicitur
1572 1448 1612 1484 et
1657 1442 1866 1484 scribitur.
1940 1443 2039 1483 Eius

276 1512 417 1561 partes
448 1512 542 1548 sunt
573 1509 701 1555 duae,
736 1521 913 1561 quarum
945 1507 1074 1548 altera
1104 1508 1146 1546 in
1178 1506 1354 1560 negotiis
1373 1537 1384 1554 ,
1418 1507 1549 1546 altera
1577 1507 1620 1545 in
1644 1507 1834 1559 personis
1857 1504 2038 1546 maxime

228 1582 264 1608 20
278 1574 478 1611 versatur.
554 1572 635 1618 Ea,
685 1583 789 1624 quae
820 1571 862 1609 in
893 1570 1158 1623 negotiorum
1192 1569 1451 1622 expositione
1482 1568 1617 1623 posita
1653 1575 1741 1617 est,
1791 1574 1875 1610 tres
1910 1569 2040 1609 habet

277 1637 439 1686 partes,
474 1631 674 1681 fabulam,
712 1632 952 1681 historiam,
986 1636 1292 1685 argumentum.
1354 1630 1508 1672 Fabula
1539 1636 1622 1680 est,
1654 1632 1697 1672 in
1718 1645 1799 1687 qua
1818 1645 1896 1672 nec
1916 1643 2039 1672 verae

277 1710 354 1737 nec
383 1695 472 1737 veri
504 1696 658 1737 similes
688 1710 756 1737 res
789 1697 1076 1743 continentur,
1112 1693 1343 1735 cuiusmodi
1371 1700 1454 1736 est:

443 1772 601 1824 Anques
629 1773 802 1825 inqentes
831 1771 968 1819 alites,
1000 1770 1124 1811 iuneti
1153 1770 1245 1823 iuyo
1277 1793 1330 1800 -

280 1853 465 1895 Historia
495 1859 557 1894 est
587 1859 701 1908 gesta
731 1867 824 1902 reS,
859 1854 909 1893 ab
943 1852 1085 1892 aetatis
1117 1856 1284 1893 nostrae
1315 1849 1516 1892 memoria
1537 1855 1719 1901 remota;
1752 1851 1864 1905 quod
1885 1862 2038 1904 genus:

228 1953 264 1979 25
446 1934 597 1988 Appius
626 1936 780 1976 indioeit
807 1934 1198 1987 Karthaqiniensibu'
1229 1933 1384 1974 bellam.

278 2018 582 2071 Argumentum
616 2021 678 2058 est
714 2015 809 2057 ficta
848 2030 934 2065 res,
986 2029 1093 2070 quae
1123 2019 1260 2055 tamen
1288 2013 1381 2054 fieri
1411 2011 1558 2068 potuit.
1638 2010 1887 2054 Huiusmodi
1929 2013 2039 2068 apud

279 2079 517 2121 Terentium
537 2092 546 2120 :

446 2156 550 2197 Nam
578 2155 614 2195 is
636 2159 848 2208 postquam
877 2153 1042 2194 excessit
1071 2165 1122 2192 ex
1152 2152 1320 2205 ephebis,
1354 2152 1471 2192 Sosia
1500 2173 1554 2181 —-
1909 2202 1912 2204 v

279 2231 355 2272 Illa
385 2235 522 2271 autem
552 2230 762 2278 narratio,
805 2243 910 2283 quae
941 2232 1132 2270 versatur
1160 2228 1202 2268 in
1232 2227 1446 2282 personis,
1488 2224 1693 2267 eiusmodi
1725 2229 1809 2274 est,
1841 2230 1887 2266 ut
1916 2224 1958 2266 in
1990 2238 2040 2267 ea

231 2319 267 2345 ³0
281 2294 402 2336 simul
445 2306 537 2335 cum
575 2295 700 2334 rebus
739 2292 840 2348 ipsis
879 2304 1154 2347 personarum
1185 2304 1398 2332 sermones
1431 2295 1470 2331 et
1500 2289 1624 2330 animi
1654 2288 1832 2345 perspici
1863 2289 2037 2344 possint,

280 2359 359 2398 hoc
390 2358 515 2398 modo
538 2369 546 2396 :

451 2431 558 2472 Venit
588 2431 638 2470 ad
667 2444 726 2471 me
755 2443 867 2483 saepe
897 2430 1125 2471 clamitans:
1161 2429 1265 2480 Quid
1293 2429 1404 2482 aqis,
1439 2429 1592 2470 Micio?

447 2495 528 2535 Cur
550 2494 688 2547 perdis
717 2494 992 2533 adolescentem
1021 2494 1165 2533 nobis?
1194 2505 1266 2532 eur
1295 2494 1436 2532 amat?

451 2558 532 2598 Cur
553 2558 700 2609 potat?
730 2569 801 2596 eur
830 2562 872 2596 tu
899 2557 961 2596 his
991 2556 1105 2596 rebus
1134 2560 1331 2607 sumptum
1360 2555 1569 2607 suqyeris?

453 2622 596 2661 Vestitu
623 2620 747 2660 nimio
775 2620 971 2671 indulqes,
1002 2619 1170 2658 nimium
1198 2619 1350 2670 ineptus
1380 2631 1430 2662 es.

448 2683 626 2725 Nimium
656 2683 736 2735 ipse
766 2687 821 2721 est
849 2681 973 2722 durus
995 2687 1160 2734 praeter
1188 2694 1425 2734 aequamque
1456 2686 1491 2721 et
1517 2681 1670 2721 bonum.

231 2653 266 2680 ³5

280 2766 370 2806 Hoc
414 2763 458 2805 in
501 2776 655 2818 genere
697 2763 946 2804 narrationis
987 2762 1115 2803 multa
1155 2763 1280 2803 debet
1317 2762 1452 2803 inesse
1491 2759 1717 2809 festivitas,
1765 2757 1953 2801 confecta
1982 2773 2037 2803 ex

280 2842 420 2868 rerum
460 2828 684 2875 varietate,
740 2827 972 2867 animorum
1012 2824 1372 2873 dissimilitudine,
1427 2824 1648 2878 gravitate,
1703 2821 1890 2872 lenitate,
1949 2836 2035 2876 spe,

373 2953 405 2982 1.
436 2951 682 2983 Commutabile
706 2950 822 2983 ΡΑΤε
864 2949 1109 2982 Commutabile
1135 2953 1183 2981 est
1208 2950 1316 2981 VRE.
1345 2964 1382 2971 -
1427 2949 1460 2979 2.
1488 2948 1644 2990 Longum
1668 2947 1767 2980 Voss.
1796 2949 1852 2979 L:
1879 2948 2037 2988 Lonqum

283 3001 331 3030 est
356 2998 552 3030 VPARTE.
576 3015 612 3021 --
642 2997 675 3028 3.
703 2997 913 3038 Separatum
939 2997 1083 3028 PART:
1112 2997 1320 3037 Separacam
1346 2998 1394 3028 est
1420 2995 1490 3026 VE.
1510 3012 1554 3016 —-
1579 2996 1612 3026 6.
1641 2996 1702 3035 qui
1725 2995 1818 3027 ART
1845 2999 1879 3026 et
1905 3003 1953 3033 pr.
1984 2994 2031 3026 P:

283 3046 359 3086 quis
385 3045 455 3076 VE.
483 3061 522 3068 —
547 3045 713 3077 desideret
739 3062 752 3068 -
776 3064 795 3069 -
816 3044 970 3084 postulet
997 3044 1159 3075 VPART.
1191 3061 1227 3066 —
1266 3044 1300 3075 7.
1324 3045 1548 3081 praeceptum
1574 3042 1648 3074 VR.
1677 3058 1718 3064 —
1761 3042 1818 3073 10.
1845 3041 1932 3072 nihil
1953 3050 2037 3081 pro-

283 3093 369 3132 fecto
394 3092 538 3123 PART:
573 3091 730 3131 profecto
755 3091 841 3122 nihil
868 3091 907 3122 E.
944 3107 984 3113 —
1028 3091 1084 3122 12.
1119 3095 1298 3131 qestarum
1323 3098 1440 3120 rerum
1467 3089 1577 3126 VAT‚
1605 3096 1644 3122 ut
1670 3089 1757 3122 infra
1784 3093 1818 3121 et
1843 3088 1885 3120 de
1912 3087 1972 3119 Or.
1998 3088 2034 3126 2,

284 3138 365 3169 12:
393 3147 508 3169 rerum
531 3143 710 3179 qestarum
735 3137 836 3169 PRE.
865 3154 908 3159 ———
950 3138 1006 3169 13.
1041 3146 1169 3179 genera
1195 3138 1267 3168 tria
1292 3141 1371 3168 sum
1395 3135 1537 3166 PART:
1577 3139 1647 3168 tria
1672 3139 1753 3168 sunt
1777 3144 1901 3176 yenera
1926 3134 1964 3165 E.
1996 3150 2032 3156 —

285 3184 342 3216 16.
369 3185 410 3215 de
435 3194 502 3225 quo
521 3186 594 3216 AR.
616 3202 656 3207 -
683 3186 739 3217 25.
759 3183 907 3224 Appius]
936 3185 996 3216 Est
1020 3183 1164 3216 fortasse
1186 3183 1286 3214 Ennii
1308 3183 1521 3218 versiculus:
1549 3183 1583 3214 in
1611 3186 1734 3216 ceteris
1753 3182 1832 3215 edd.
1855 3190 1915 3220 pro
1936 3188 2035 3220 prosa

285 3240 335 3261 or.
364 3231 522 3262 habetur.
549 3248 590 3253 —
627 3232 682 3263 32.
712 3230 910 3271 clamitans]
938 3234 986 3262 sic
1012 3239 1131 3262 omnes
1159 3230 1254 3267 libri,
1284 3233 1385 3261 etiam
1413 3231 1533 3262 nostri.
1585 3230 1624 3262 In
1651 3230 1730 3263 Ter.
1758 3229 1824 3260 Ad.
1854 3229 1887 3264 1,
1915 3228 1947 3266 1,
1975 3227 2033 3259 35.

284 3278 460 3309 Bentleius
486 3277 652 3308 clamans.
678 3295 718 3301 —-
747 3278 803 3310 34.
830 3282 986 3317 sumptus
1010 3279 1059 3314 R,
1087 3283 1124 3309 ut
1149 3278 1304 3309 nonnulli
1331 3277 1421 3315 apud
1449 3279 1665 3310 Terentium.
1693 3293 1736 3297 —
1766 3275 1823 3306 36.
1851 3279 1900 3306 est
1924 3276 2035 3306 durus

283 3324 343 3355 AT
364 3328 398 3355 et
416 3333 466 3364 pr.
487 3324 526 3361 P,
553 3329 591 3354 ut
609 3324 721 3356 editur
739 3325 829 3364 apud
848 3325 928 3357 Ter.
944 3335 952 3355 τ
971 3334 1003 3356 es
1021 3326 1129 3356 dariis
1146 3324 1177 3355 R
1196 3329 1230 3356 et
1248 3333 1335 3355 corr.
1357 3323 1395 3361 P,
1416 3325 1522 3355 daras
1541 3327 1590 3354 est
1609 3325 1648 3357 E.
1675 3338 1709 3344 -
1738 3321 1794 3353 37.
1815 3321 1912 3352 debet
1929 3323 2035 3353 inesse

283 3370 430 3404 PAR'I‘:
456 3370 566 3403 inesse
578 3370 670 3404 debet
689 3371 731 3405 E.
765 3387 802 3396 --
831 3372 886 3405 38.
907 3372 1046 3408 levitate
1061 3372 1161 3405 Leid.
1181 3371 1210 3404 Ι.
1230 3370 1310 3404 Sch.
1347 3370 1391 3403 Ut
1407 3379 1489 3411 nos,
1516 3373 1636 3404 nostri.
1658 3369 1726 3404 Csr.
1754 3369 1796 3402 ad
1822 3368 1908 3401 Her.
1936 3369 1969 3409 1,
1995 3368 2030 3401 8.
