2117 3762
522 296 591 336 AD
622 296 674 338 M.
704 294 915 337 BRUTL‘M
949 297 991 342 C.
1029 300 1091 339 15.
1128 296 1193 337 16.
1230 297 1294 337 17.
1702 297 1781 337 413

31 401 110 444 alia
153 408 366 458 postrema
408 399 711 456 inculcabitque
758 400 929 443 leviora.
1002 406 1135 459 Atque
1174 404 1215 444 in
1246 400 1390 457 primis
1430 400 1590 442 duabus
1619 400 1783 440 dicendi

31 465 218 520 partibus
259 464 390 520 qualis
433 469 560 510 esset,
606 465 838 505 summatim
879 463 1142 521 breviterque
1185 464 1496 517 descripsimus.
1556 464 1666 505 xvt.
1714 466 1782 505 51.

0 529 139 575 ,Sed,
187 533 232 568 ut
272 534 364 568 ante
409 525 563 567 dictum
603 531 690 572 est,
733 527 773 566 in
816 526 878 567 his
919 529 1125 581 partibus,
1171 527 1248 569 etsi
1284 540 1430 582 graves
1459 532 1582 581 atque
1613 539 1786 579 magnae

33 595 150 638 suut,
186 589 320 631 miuus
351 596 393 630 ct
421 589 520 630 artis
551 593 613 628 est
643 594 683 628 ct
714 589 879 630 laboris.

146 653 247 693 Cum
278 658 442 699 autem,
483 655 523 691 et
553 649 652 705 quid
683 657 722 690 vt
752 666 836 705 quo
868 653 958 693 loco
991 651 1099 693 dicat
1118 683 1128 701 ,
1169 651 1397 700 invenerit,
1442 650 1544 693 illud
1575 658 1635 695 est
1664 652 1819 706 longos

35 716 286 762 maximum,
335 713 476 754 videre
509 726 687 766 quonam
721 716 861 755 modo.
932 716 1085 755 Scitum
1125 721 1185 756 est
1225 714 1356 763 enim,
1404 717 1514 769 quod
1558 716 1790 758 Carneades

35 783 177 818 noster
216 778 355 818 dicere
394 776 575 821 solebat,
626 775 925 816 Clitomachum
966 780 1110 818 cadem
1143 776 1308 824 (licere,
1350 778 1621 819 Charmadam
1653 786 1790 821 autem

36 838 184 880 codem
207 839 327 880 etiam
351 839 474 878 modo
500 839 649 878 dicere.
700 840 859 887 Quodsi
883 840 922 879 in
951 839 1215 894 philosophia
1246 846 1399 880 tantum
1421 840 1614 892 interest,
1649 856 1792 898 quem-

36 900 258 942 admodum
289 901 423 947 dicas,
456 898 527 941 ubi
560 914 627 941 res
660 906 892 954 spectatur,
926 916 1007 942 non
1039 904 1166 942 verba
1198 901 1461 955 penduntur,
1497 906 1594 957 quid
1627 907 1792 947 tandem

37 963 77 1004 in
108 964 239 1005 causis
268 962 589 1004 existimandum
630 970 711 1009 est,
753 962 902 1018 quibus
935 966 1029 1005 totis
1061 963 1304 1005 moderatur
1341 964 1508 1005 oratio?
1557 969 1625 1008 52.
1671 968 1791 1018 Quod
1812 986 1843 1009 ιο

37 1026 203 1081 quidem
241 1039 345 1079 ego,
392 1028 537 1072 Brute,
589 1040 641 1066 ex
682 1027 761 1067 tuis
805 1025 949 1067 litteris
991 1025 1242 1072 sentiebam.
1291 1041 1374 1067 nou
1415 1033 1452 1068 te
1492 1026 1531 1068 id
1575 1030 1790 1081 sciscitari,

38 1087 200 1142 qualem
247 1101 324 1142 ego
371 1089 413 1128 in
459 1087 706 1128 inveniendo
757 1093 798 1129 et
836 1088 877 1128 iu
921 1088 1160 1131 collocando
1209 1103 1414 1130 summum
1454 1104 1544 1131 esse
1585 1098 1793 1134 oratorem

37 1149 212 1198 vellem,
263 1149 335 1191 sed
368 1153 444 1191 hoc
475 1152 577 1191 mihi
608 1164 808 1204 quaerere
838 1151 1037 1193 videbare
1058 1184 1067 1201 ‚
1119 1154 1230 1208 quod
1272 1165 1401 1206 genus
1434 1153 1565 1206 ipsius
1595 1155 1794 1197 orationis

38 1214 240 1267 optimum
286 1213 525 1255 iudicarem.
614 1217 715 1255 Rem
757 1212 991 1263 difficilem,
1040 1215 1080 1256 di
1120 1217 1396 1263 immortales,
1447 1222 1570 1272 atque
1610 1220 1795 1260 omnium

38 1274 350 1317 difficillimam!
399 1279 501 1317 Nam
543 1290 636 1316 cum
675 1281 736 1317 est
772 1275 906 1317 oratio
939 1275 1073 1318 mollis
1104 1283 1144 1319 et
1173 1284 1315 1319 tenera
1346 1284 1468 1333 atquc
1498 1279 1554 1321 ita
1584 1280 1793 1330 flexibilis,
1812 1297 1844 1321 ιτ.

38 1343 84 1379 ut
126 1344 323 1393 sequatur
367 1353 615 1393 quocunque
655 1343 876 1393 torqueas,
930 1344 1014 1379 tum
1048 1345 1088 1381 et
1118 1346 1289 1382 naturae
1320 1341 1461 1382 variae
1498 1347 1538 1382 et
1567 1342 1796 1385 voluntates

40 1401 216 1441 multum
247 1403 357 1442 inter
387 1414 430 1442 se
461 1401 652 1442 distantia
683 1400 914 1442 effecerunt
944 1414 1095 1456 genera
1136 1402 1316 1444 dicendi.
1387 1406 1455 1444 53.
1503 1405 1674 1447 Flumen
1706 1407 1797 1448 aliis

39 1464 268 1504 verborum
314 1462 633 1517 volubilitasque
680 1462 793 1504 cordi
839 1469 919 1511 est,
966 1465 1035 1518 qui
1074 1471 1234 1520 ponunt
1272 1467 1314 1506 in
1352 1465 1552 1508 orationis
1589 1467 1797 1510 celeritate

41 1524 336 1580 eloquentiam.
396 1525 595 1566 Distincta
626 1526 729 1566 alios
760 1531 801 1566 ct
830 1527 1089 1579 interpuncta
1121 1525 1356 1574 intervalla,
1387 1541 1530 1570 morae
1560 1531 1800 1585 respiratio-

42 1601 198 1643 nesque
229 1587 449 1629 delectant.
513 1585 622 1636 Quid
652 1592 792 1640 potest
822 1601 912 1629 esse
943 1594 1025 1629 tam
1056 1588 1298 1631 diversum?
1337 1593 1493 1632 Tamen
1524 1597 1586 1633 est
1615 1591 1655 1633 in
1686 1599 1800 1635 utro·
1815 1609 1849 1635 20

43 1664 123 1704 que
153 1650 307 1705 aliquid
338 1649 559 1691 excellens.
619 1648 843 1692 Elaborant
873 1650 940 1692 alii
971 1651 1014 1692 in
1046 1651 1213 1693 lenitate
1245 1658 1286 1693 et
1315 1653 1610 1708 aequabilitate
1633 1660 1673 1696 et
1693 1669 1798 1711 puro

43 1713 161 1768 quasi
192 1715 372 1768 quodam
403 1718 444 1754 et
473 1710 650 1753 candido
682 1726 834 1766 genere
865 1712 1045 1755 dicendi.
1121 1716 1227 1756 Ecce
1258 1714 1384 1769 aliqui
1415 1714 1637 1758 duritatem
1669 1725 1709 1761 et
1738 1734 1803 1761 se-

43 1774 264 1818 veritatem
310 1774 515 1830 quandam
561 1776 700 1817 verbis
753 1781 794 1816 et
837 1777 1036 1817 orationis
1091 1778 1209 1832 quasi
1255 1777 1500 1820 maestitiam
1546 1787 1798 1836 sequuntur3

45 1841 240 1894 quodque
278 1838 418 1893 paullo
461 1844 553 1879 ante
591 1836 826 1886 divisimus,
872 1844 919 1880 ut
957 1839 1026 1880 alii
1059 1852 1230 1893 graves,
1282 1840 1352 1881 alii
1383 1846 1552 1891 tenues,
1602 1843 1669 1884 alii
1702 1849 1804 1885 tem-

45 1900 179 1954 perati
217 1900 372 1942 vellent
414 1899 569 1949 videri,
620 1906 722 1956 quot
764 1900 999 1944 orationum
1039 1914 1195 1957 genera
1235 1915 1325 1944 esse
1372 1904 1582 1955 diximus,
1631 1905 1801 1948 totidem
1817 1921 1851 1946 25

46 1968 261 2005 oratorum
290 1962 572 2018 reperiuntur.

159 2027 288 2068 XVII.
329 2026 396 2068 5⁷4.
438 2028 513 2072 Et,
562 2026 758 2080 quoniam
799 2026 918 2081 coepi
956 2024 1038 2067 iam
1070 2026 1317 2069 cumulatius
1346 2029 1425 2070 hoc
1455 2042 1604 2072 munus
1634 2044 1802 2086 augere,

48 2101 173 2144 quam
203 2102 227 2130 a
256 2094 295 2130 tc
324 2087 578 2144 postulatum
611 2093 672 2129 est
703 2089 852 2128 —tibi
884 2089 994 2128 enim
1026 2093 1183 2130 tantum
1204 2090 1254 2130 de
1279 2090 1481 2132 orationis
1504 2105 1656 2146 genere
1677 2107 1802 2149 quac-

47 2151 157 2194 renti
185 2152 387 2206 respondi
417 2151 541 2192 etiam
571 2149 756 2192 breviter
787 2149 837 2191 de
869 2151 1120 2192 inveniendo
1154 2155 1196 2191 et
1225 2150 1467 2194 collocando
1505 2177 1584 2203 —,
1615 2168 1669 2196 ne
1699 2169 1806 2196 nunc

50 2214 218 2269 quidem
262 2213 395 2255 solum
441 2212 492 2254 de
537 2212 737 2255 orationis
783 2215 908 2255 modo
949 2212 1110 2262 dicam,
1160 2215 1233 2254 sed
1265 2214 1386 2256 etiam
1418 2217 1469 2257 de
1499 2217 1700 2259 actionis:
1752 2219 1855 2259 itaso

50 2277 340 2332 praetermissa
379 2289 474 2331 pars
514 2276 623 2318 nulla
664 2276 768 2327 erit;
815 2275 1151 2333 quandoquidem
1191 2279 1242 2318 de
1272 2278 1474 2320 memoria
1503 2278 1605 2321 nihil
1636 2285 1698 2321 est
1727 2282 1807 2321 hoc

51 2338 145 2380 loco
175 2337 419 2388 dicendum,
467 2351 572 2394 quae
609 2338 843 2380 communis
882 2344 945 2380 est
973 2338 1197 2380 multarum
1227 2339 1393 2381 artium.
1455 2343 1523 2382 55.
1558 2342 1652 2391 Quo
1682 2342 1808 2383 modo

53 2406 189 2442 autem
219 2399 398 2448 dicatur,
430 2399 471 2441 id
504 2405 566 2441 est
595 2399 637 2441 in
668 2398 850 2450 duobus,
883 2402 926 2441 in
957 2403 1118 2455 agendo
1150 2406 1191 2442 et
1219 2402 1262 2443 in
1293 2402 1545 2458 eloquendo.
1606 2407 1679 2445 Est
1699 2406 1809 2446 enim

53 2463 162 2505 actio
207 2464 324 2519 quasi
368 2461 558 2517 corporis
604 2461 807 2517 quaedam
839 2462 1099 2517 eloquentia,
1153 2478 1247 2504 cum
1288 2471 1448 2507 constet
1485 2481 1508 2508 e
1545 2478 1648 2509 voce
1685 2472 1808 2521 atque

53 2532 186 2568 motu.
247 2525 370 2569 Vocis
415 2526 661 2566 mutationes
704 2526 877 2567 totidem
923 2531 1035 2574 sunt,
1086 2531 1190 2582 quot
1218 2525 1477 2577 animorum,
1530 2530 1599 2584 qui
1630 2531 1857 2571 maximeas

54 2603 159 2631 voce
190 2594 520 2631 commoventur.
579 2590 720 2643 Itaque
761 2588 829 2629 ille
869 2587 1103 2643 perfectus,
1144 2602 1268 2644 quem
1307 2590 1548 2632 iamdudum
1580 2596 1719 2632 nostra
1749 2592 1810 2632 in-

57 2650 166 2693 dicat
206 2651 364 2701 oratio,
415 2656 624 2704 utcunque
659 2664 703 2691 se
745 2649 938 2692 affectum
969 2650 1103 2692 videri
1134 2656 1174 2692 et
1202 2651 1386 2693 animum
1417 2655 1620 2695 audientis
1651 2653 1810 2696 moveri

57 2712 195 2763 volet,
240 2713 296 2755 ita
327 2718 485 2755 certum
516 2712 630 2754 vocis
661 2711 900 2755 admovebit
929 2726 1099 2764 sonum;
1149 2715 1199 2755 de
1238 2728 1321 2770 quo
1361 2715 1478 2770 plura
1519 2716 1724 2764 dicerem,
1776 2717 1810 2757 si

57 2777 137 2816 hoc
166 2775 446 2832 praecipiendi
478 2780 638 2830 tempus
677 2780 785 2816 esset
821 2779 891 2817 aut
920 2777 953 2816 si
984 2781 1029 2818 tu
1057 2775 1135 2818 hoc
1165 2790 1405 2832 quaereres.
1465 2779 1655 2820 Dicerem
1687 2779 1810 2819 etiam

60 2836 112 2878 de
141 2843 282 2892 gestu,
325 2852 419 2880 cum
458 2852 541 2895 quo
573 2839 735 2880 iunctus
765 2843 827 2880 est
856 2838 1013 2890 vultus;
1060 2838 1209 2895 quibus
1240 2841 1434 2883 omnibus
1465 2841 1545 2882 dici
1575 2842 1644 2883 vix
1674 2845 1861 2896 potestao

154 2957 187 2989 3.
215 2958 282 2990 hiis
307 2959 402 2991 Eins.
429 2974 472 2982 —
497 2960 531 2992 5.
559 2962 589 2991 et
615 2958 697 2999 quid
723 2958 820 2991 Eius.
847 2959 931 2996 Dr..
970 2959 1037 2992 Gu.
1065 2960 1097 2992 1.
1126 2961 1161 2992 2.
1188 2961 1242 2993 R:
1278 2962 1360 3003 quid
1385 2962 1424 2993 Ε.
1458 2979 1494 2984 -
1539 2961 1573 2992 7.
1602 2961 1734 3000 eadem]
1772 2970 1814 2994 ea

63 3004 141 3036 libri
169 3009 202 3037 et
228 3004 267 3037 R.
320 3006 522 3038 correctum
548 3008 581 3038 in
611 3007 697 3038 Ven.
726 3014 778 3045 pr.
808 3021 844 3027 -
889 3006 1138 3048 Charmadam]
1168 3007 1379 3040 Carmadam
1404 3008 1463 3039 Dr.
1481 3031 1492 3045 ,
1529 3008 1626 3040 Mon.
1645 3031 1654 3047 ‚
1682 3009 1815 3041 Carna-

63 3053 145 3083 dum
173 3052 267 3084 Eins.
285 3074 294 3089 ‚
322 3052 539 3085 Carneadam
565 3052 632 3085 Gu.
661 3054 693 3084 1.
713 3075 722 3090 ,
752 3053 964 3085 Carneadem
990 3055 1095 3086 ceteri
1123 3058 1157 3086 ct
1182 3055 1225 3086 R.
1255 3072 1292 3078 —
1321 3053 1450 3095 autem]
1477 3062 1557 3086 voro
1584 3054 1655 3087 Vit.
1685 3072 1722 3079 -
1753 3056 1812 3086 11.

64 3099 236 3130 sciscitari
261 3098 329 3130 vit.
358 3099 468 3131 Oxon.
489 3122 499 3138 ‚
526 3100 580 3132 R:
605 3101 728 3131 scitari
754 3107 830 3130 cum
856 3101 982 3133 ceteris
1009 3100 1103 3132 libris
1130 3100 1168 3132 Ε.
1200 3118 1238 3124 —-
1282 3100 1338 3133 13.
1363 3101 1423 3132 sed
1447 3101 1508 3132 Ιιοσ
1535 3102 1657 3133 Eins.:
1695 3101 1754 3134 sed
1778 3103 1816 3133 td

66 3154 146 3178 cum
173 3147 296 3178 ceteris
323 3144 396 3177 RE.
423 3160 466 3168 —
504 3146 560 3178 15.
590 3150 693 3186 atque
720 3146 842 3178 Eius.:
870 3150 901 3178 et
927 3155 1003 3178 cum
1029 3149 1152 3179 ceteris
1178 3147 1251 3179 RE.
1281 3163 1321 3170 —
1363 3148 1420 3178 20.
1449 3147 1582 3187 aliquid
1608 3149 1645 3179 in
1667 3153 1817 3190 utroque

70 3191 167 3224 Etns.
191 3209 229 3215 —
257 3192 314 3223 21.
335 3192 373 3223 in
398 3200 467 3224 om.
495 3192 571 3225 libr}
598 3195 670 3225 nott
689 3197 723 3225 et
741 3193 783 3224 R.
813 3193 996 3232 Supplevit
1020 3193 1189 3226 Nizotius.
1210 3210 1251 3216 —
1277 3194 1416 3225 levitate
1436 3194 1530 3226 Eins.
1553 3211 1591 3218 —
1618 3193 1676 3226 26.
1697 3200 1817 3226 orato-

66 3248 147 3271 rum
172 3247 240 3271 esse
264 3239 490 3279 reperiuntur
516 3239 612 3271 Etns.
649 3255 686 3262 ——
729 3240 786 3272 29.
814 3249 874 3272 nec
897 3249 987 3272 nunc
1011 3241 1123 3271 solum
1150 3241 1244 3272 Eius.
1263 3263 1272 3277 ,
1307 3248 1369 3270 nec
1399 3249 1494 3271 nunc
1519 3245 1654 3274 retento
1678 3243 1818 3283 quidem

69 3288 172 3318 etium
198 3286 241 3318 R.
268 3301 309 3308 —
337 3285 394 3317 34.
421 3282 509 3325 cum]
538 3286 622 3317 Ern.
649 3285 798 3319 malebat
822 3295 923 3328 quac.
955 3303 990 3309 -
1019 3286 1170 3319 Edittoni
1199 3287 1328 3325 primae
1355 3286 1455 3318 Hand
1474 3287 1576 3320 Turs.
1596 3288 1644 3320 11.
1672 3297 1706 3328 p.
1732 3288 1814 3320 468.

70 3333 194 3413 ιτὶὺυᾶι
218 3335 346 3412 οοὲιειει
370 3334 400 3366 ec
423 3340 504 3366 voce
529 3335 560 3366 et
583 3334 704 3374 motu3
730 3334 780 3366 stc
803 3335 926 3375 utique
951 3333 1040 3368 ven.
1069 3341 1138 3375 pr„
1165 3342 1286 3369 verum
1309 3333 1489 3376 Romanu,
1519 3337 1560 3369 ut
1584 3343 1659 3369 nos.
1686 3351 1728 3358 —
1755 3335 1814 3367 40.

68 3381 132 3413 vix
180 3380 226 3413 ico·
279 3380 342 3412 ins.
