2117 3762
247 260 300 300 76
859 262 927 301 AD
966 261 1270 304 HERENNIUM

246 367 369 408 simul
399 367 549 408 multos
579 367 878 421 iugulaveritis.
938 367 1110 407 Grandis
1140 372 1237 409 natu
1272 381 1438 423 parens,
1490 371 1606 410 cuius
1645 381 1738 424 spes
1775 371 1994 412 senectutis

245 431 380 470 omnis
409 428 450 470 in
481 432 602 470 huius
633 427 909 470 adolescentia
938 430 1072 482 posita
1104 435 1184 475 cst,
1217 445 1345 485 quare
1375 431 1476 472 velit
1506 433 1547 472 in
1578 432 1661 472 vita
1691 444 1881 478 manere,
1911 446 1994 474 non

244 490 438 541 habebit;
472 491 546 532 filii
575 491 715 546 parvi,
745 492 895 543 privati
928 490 1054 545 patris
1085 491 1261 539 auxilio,
1293 492 1470 534 ludibrio
1503 500 1542 534 ct
1573 493 1786 546 despectui
1815 496 1995 548 paternis

244 555 421 594 inimicis
452 560 573 595 erunt
603 555 809 609 oppositi;
860 558 947 593 tota
985 555 1132 594 domus
1170 555 1291 594 huius
1331 556 1495 610 indigna
1527 557 1719 596 concidet
1748 556 1994 606 calamitate;

215 622 285 657 sat
314 616 470 657 inimici
500 617 633 657 statim
665 617 980 669 sanguinolenta
1010 616 1144 672 palma
1175 616 1458 658 crudelissima
1488 618 1661 659 victoria
1692 618 1831 672 potiti,
1869 620 1998 660 insul·-

243 681 388 720 tabunt
432 681 472 720 in
517 681 666 720 horum
711 680 900 721 miserias
945 685 986 721 et
1031 680 1199 732 superbi
1246 693 1292 720 re
1329 681 1451 721 simul
1491 686 1530 722 et
1569 682 1706 721 verbis
1737 682 1994 722 invehentur.

243 743 365 783 Item:
399 744 500 782 Nam
531 743 738 782 neminem
768 745 950 783 vestrum
980 741 1105 795 sugit,
1138 743 1345 791 Quirites,
1377 741 1480 783 urbe
1511 750 1646 798 capta,
1680 758 1786 798 quae
1807 744 1996 784 miseriae

244 804 440 859 consequi
469 803 653 844 soleant:
707 819 819 845 arma
851 807 922 860 qui
953 811 1096 846 contra
1126 805 1334 853 tulerunt,
1384 807 1516 846 statim
1555 807 1838 847 crudelissime
1873 807 1998 847 truci-

243 866 407 916 dantur;
454 868 601 915 ceteri,
650 868 720 922 qui
759 873 932 922 possunt
961 882 1036 923 per
1073 873 1248 908 aetatem
1280 867 1309 920 -ἶ-
1340 872 1379 908 et
1409 869 1518 909 vires
1548 869 1735 910 laborem
1768 867 1898 916 serre,
1933 882 1997 908 ra-

193 939 228 963 10
242 929 408 985 piuntur
437 931 478 970 in
509 932 776 979 servitutem3
829 930 897 986 qui
927 945 1010 970 non
1042 937 1238 986 possunt,
1287 931 1371 972 vita
1410 933 1642 984 privantur;
1696 947 1775 973 uno
1816 932 1996 986 denique

242 999 364 1047 atquc
394 995 540 1033 eodem
574 1000 760 1048 tempore
792 997 937 1035 domus
968 993 1107 1034 hostili
1138 995 1283 1047 flagrat
1312 994 1524 1041 incendio,
1557 1000 1597 1035 et
1626 1009 1729 1050 quos
1760 1000 1903 1036 natura
1927 999 1996 1034 aut

241 1055 428 1096 voluntas
460 1055 762 1097 necessitudine
793 1063 862 1097 aut
891 1055 1185 1098 benevolentia
1216 1058 1459 1104 coniunxit,
1506 1058 1817 1106 distrahuntur3
1870 1057 1995 1097 liberi

240 1119 390 1173 partim
421 1132 443 1159 e
464 1118 634 1173 gremiis
665 1120 926 1174 deripiuntur
955 1126 1172 1174 parentum
1191 1151 1201 1168 ,
1235 1121 1383 1174 partim
1415 1120 1455 1160 in
1489 1120 1581 1161 sinu
1611 1120 1869 1173 iugulantur,
1901 1134 1997 1173 par-

240 1181 312 1220 tim
343 1186 437 1221 ante
468 1182 597 1233 pedes
641 1188 975 1234 constuprantur.
1052 1184 1209 1230 Nemo,
1258 1183 1440 1230 iudices,
1489 1187 1574 1230 est,
1625 1183 1694 1237 qui
1733 1183 1863 1236 possit
1901 1182 1998 1222 satis

192 1260 225 1285 15
241 1256 329 1283 rem
371 1242 573 1298 consequi
619 1245 757 1284 verbis
802 1259 879 1285 nec
923 1245 1080 1286 referre
1131 1246 1316 1285 oratione
1361 1246 1687 1299 magnitudinem
1738 1244 1992 1286 calamitatis.

241 1307 331 1345 Hoc
365 1319 517 1358 genere
556 1307 841 1347 exornationis
878 1306 943 1348 vel
974 1306 1201 1360 indignatio
1233 1309 1298 1348 vel
1333 1307 1617 1348 misericordia
1646 1312 1783 1362 potest
1816 1320 2000 1347 commo-

240 1368 354 1416 veri,
403 1382 495 1408 cum
528 1383 596 1410 res
624 1375 927 1425 consequentes
954 1371 1280 1425 comprehensae
1312 1372 1531 1412 universae
1560 1371 1780 1426 perspicua
1814 1371 1998 1411 breviter

240 1430 529 1486 exprimuntur
559 1434 762 1473 oratione.

353 1497 440 1536 XL.
476 1498 543 1536 52.
577 1497 736 1536 Divisio
769 1501 852 1544 est,
889 1510 993 1551 quae
1024 1510 1113 1538 rem
1151 1510 1369 1538 semovens
1398 1499 1448 1538 ab
1478 1513 1522 1538 re
1554 1503 1772 1553 utramque
1804 1497 1996 1548 absolvit,

190 1558 401 1598 20rati0ne
433 1559 642 1606 subiecta,
690 1559 770 1598 hoc
811 1560 965 1599 modo:
1022 1560 1103 1600 Cur
1134 1573 1211 1613 ego
1251 1575 1359 1601 nunc
1393 1560 1467 1601 tibi
1505 1562 1727 1616 quidquam
1772 1563 1998 1603 obiiciam‘?

241 1621 281 1660 Si
311 1622 466 1675 probus
497 1635 568 1669 es,
619 1635 703 1661 non
744 1623 950 1671 meruisti;
994 1623 1027 1662 si
1067 1621 1307 1677 improbus,
1355 1637 1439 1664 non
1471 1628 1808 1666 commovebere.
1869 1626 1996 1665 Item:

241 1683 350 1732 Quid
389 1698 497 1724 nunc
538 1697 614 1737 ego
648 1686 699 1724 de
729 1686 831 1725 meis
863 1686 1099 1739 promeritis
1132 1688 1402 1740 praedicem?
1450 1687 1491 1727 Si
1529 1687 1805 1735 meministis,
1850 1685 2000 1728 obtun-

240 1748 359 1796 dam3
393 1747 427 1787 si
457 1745 574 1786 obliti
605 1747 724 1792 estis,
757 1760 848 1786 cum
883 1761 927 1787 re
957 1747 1060 1788 nihil
1092 1749 1249 1800 egerim
1269 1779 1280 1797 ,
1324 1750 1423 1804 quid
1454 1754 1545 1796 est,
1589 1752 1699 1803 quod
1730 1748 1870 1790 verbis
1901 1764 2000 1803 pro-

239 1808 362 1850 ficere
393 1811 579 1861 possim?
624 1811 751 1850 Item:
788 1808 913 1850 'Duae
956 1825 1021 1851 res
1062 1816 1177 1859 sunt,
1226 1825 1331 1867 quae
1370 1817 1544 1866 possunt
1572 1813 1765 1853 homines
1796 1814 1847 1853 ad
1878 1818 1998 1868 turpe

189 1885 224 1910 2⁵
240 1873 535 1924 compendium
565 1886 856 1920 commovere,
889 1874 1028 1928 inopia
1059 1879 1181 1929 atque
1213 1873 1397 1914 avaritia.
1460 1877 1515 1915 Te
1547 1888 1716 1915 avarum
1746 1876 1787 1915 in
1819 1874 2000 1916 fraterna

240 1937 444 1977 divisione
468 1937 758 1989 cognovimus;
791 1937 957 1990 inopem
989 1942 1111 1992 atque
1144 1943 1334 1990 egentem
1366 1952 1474 1978 nunc
1504 1939 1707 1979 videmus.
1771 1939 1852 1987 Qui
1880 1943 1999 1993 potes

239 1999 365 2052 igitur
397 2000 616 2039 ostendere
648 2012 812 2039 causam
843 1998 1032 2040 maleficii
1065 2014 1149 2040 non
1183 2000 1338 2041 fuisse?
1385 2003 1496 2041 Inter
1535 2003 1639 2041 hanc
1678 2001 1925 2041 divisionem
1958 2007 1997 2042 et

239 2061 368 2107 illam,
417 2075 520 2117 quae
562 2063 613 2102 de
657 2063 843 2116 partibus
890 2064 1088 2104 orationis
1134 2063 1252 2104 tertia
1298 2069 1382 2112 est,
1435 2067 1485 2105 de
1526 2078 1605 2119 qua
1644 2065 1686 2104 in
1726 2065 1859 2119 primo
1891 2064 1998 2105 libro

241 2125 420 2165 diximus
451 2126 675 2165 secundum
709 2126 988 2166 narrationem
1007 2157 1017 2174 ‚
1050 2127 1131 2166 hoc
1162 2127 1356 2167 interest:
1401 2126 1468 2167 illa
1501 2127 1647 2167 dividit
1677 2139 1752 2181 per
1783 2141 2001 2168 enumera-

191 2188 396 2226 sotionem
441 2192 510 2227 aut
554 2200 627 2240 per
669 2188 998 2241 expositionem,
1051 2191 1201 2244 quibus
1241 2189 1292 2230 de
1338 2192 1462 2230 rebus
1510 2191 1552 2229 in
1593 2194 1722 2229 totam
1767 2191 1998 2230 orationem

240 2250 463 2302 disputatio
494 2248 630 2290 futura
660 2251 734 2299 sit;
775 2251 878 2290 haec
910 2266 953 2291 se
984 2254 1120 2293 statim
1153 2252 1333 2307 explicat
1363 2259 1403 2293 et
1432 2253 1548 2294 brevi
1580 2251 1739 2293 duabus
1771 2257 1841 2292 aut
1872 2251 1999 2306 pluri-

239 2315 317 2354 bus
347 2314 532 2367 partibus
563 2315 786 2355 subiiciens
819 2316 1000 2356 rationes
1032 2322 1207 2357 exornat
1239 2317 1485 2356 orationem.

353 2377 644 2430 Frequentatio
691 2383 779 2425 est,
834 2392 926 2418 cum
970 2393 1035 2419 res
1080 2380 1121 2418 in
1166 2383 1250 2419 tota
1292 2392 1414 2419 causa
1456 2379 1666 2433 dispersae
1712 2383 1916 2433 coguntur
1955 2380 1999 2419 in

241 2453 393 2487 unum,
447 2453 529 2494 quo
570 2438 735 2492 gravior
774 2446 843 2480 aut
873 2442 1009 2481 acrior
1038 2446 1106 2481 aut
1147 2442 1411 2482 criminosior
1442 2442 1573 2482 oratio
1607 2442 1680 2489 sit,
1734 2443 1811 2482 hoc
1847 2447 1995 2495 pacto:

192 2504 275 2544 ³5A
307 2516 387 2556 quo
420 2501 585 2542 tandem
617 2500 734 2542 abest
762 2503 839 2543 iste
870 2504 1002 2543 vitio?
1036 2505 1145 2552 Quid
1179 2509 1268 2552 est,
1303 2505 1488 2552 iudices,
1523 2519 1596 2545 cur
1626 2504 1760 2545 velitis
1782 2518 1875 2545 eum
1898 2503 2000 2544 libe-

241 2568 366 2606 rare?
415 2566 521 2605 Suae
554 2564 774 2619 pudicitiae
805 2567 995 2620 proditor
1026 2572 1115 2614 est,
1149 2567 1365 2607 insidiator
1395 2569 1578 2616 alienae3
1623 2567 1817 2621 cupidus,
1849 2567 1997 2606 intem-

333 2698 354 2730 7
395 2699 477 2730 urbe
503 2703 608 2738 copta
635 2698 775 2729 PABT:
803 2704 906 2738 capta
933 2700 1013 2731 urbe
1042 2700 1139 2730 FRE.
1174 2717 1206 2721 —-
1247 2700 1280 2731 8.
1311 2701 1464 2731 tulerunt
1490 2700 1634 2731 PBRT:
1663 2699 1801 2728 tulerint
1827 2699 1923 2730 AFE.
1954 2716 1995 2721 —

242 2747 263 2778 9
305 2751 335 2778 et
361 2746 466 2785 vires]
502 2747 618 2776 herum
657 2746 700 2782 P,
745 2746 877 2776 hertam
914 2746 983 2776 Pal.
1022 2747 1080 2777 lV.
1111 2747 1268 2785 aliique,
1306 2748 1378 2778 heri
1409 2748 1432 2778 F
1468 2749 1596 2786 aliique
1619 2770 1627 2782 ,
1666 2745 1803 2776 herilem
1840 2746 1937 2776 Leid.
1967 2747 1994 2777 Ι.

244 2794 363 2832 probb.
386 2793 477 2823 Oud.
500 2798 533 2824 et
549 2792 648 2824 Lind.
678 2792 766 2823 Sane.
782 2802 835 2823 vv.
858 2797 887 2822 ec
908 2794 997 2824 vires
1021 2803 1187 2832 perquam
1210 2800 1367 2831 suspecta
1389 2800 1467 2824 sunt
1487 2795 1644 2833 quocirca
1666 2793 1764 2823 obelo
1786 2796 1994 2824 notavimus.

244 2842 371 2879 (herum
391 2840 425 2872 Ρ,
457 2843 546 2871 esset
566 2848 624 2877 pro
644 2838 831 2875 herorum.)
847 2856 885 2861 —
916 2839 968 2870 13.
988 2840 1213 2880 deripiuntur
1231 2845 1416 2880 parentum
1433 2841 1600 2872 PABFT:
1621 2844 1804 2878 parentum
1824 2840 1997 2878 diripiun-

243 2892 300 2918 tur
325 2887 396 2918 RE.
426 2887 599 2928 (Ceterum
618 2887 837 2926 deripiuntur
855 2887 899 2920 F,
930 2887 977 2916 L:
1008 2887 1221 2927 diripiuntur
1248 2888 1359 2922 PTE.)
1382 2904 1418 2909 —
1451 2889 1504 2918 15.
1534 2886 1648 2928 efferre
1669 2887 1692 2916 B
1712 2887 1866 2924 aliique.
1897 2886 1992 2924 prob.

245 2934 335 2966 Oud.
371 2950 407 2955 —
449 2934 507 2965 21.
536 2935 565 2964 si
590 2934 767 2973 improbus
794 2933 996 2964 PABFRT:
1036 2936 1089 2964 sin
1116 2935 1291 2973 improbus
1320 2935 1355 2965 E.
1390 2950 1421 2955 —
1466 2934 1711 2965 commovebere
1737 2933 1821 2964 (iod.
1850 2933 1886 2964 C.
1917 2933 1997 2964 Lin-

245 2982 430 3017 demeum,
470 2986 507 3012 ut
532 2983 728 3019 suspicatus
756 2986 827 3013 erat
862 2980 1074 3011 Lambinus:
1113 2989 1324 3012 commovere
1355 2981 1442 3011 PAR
1471 2985 1503 3010 et
1531 2990 1579 3018 pr.
1612 2981 1646 3013 F.
1676 2981 1896 3011 commoveris
1919 2980 1994 3016 RE,

244 3036 478 3059 commoveam
504 3037 548 3058 rc.
573 3028 606 3059 F.
630 3045 668 3050 —
697 3028 752 3058 22.
780 3029 934 3067 propriis
959 3029 1088 3057 meritis
1110 3028 1226 3058 AFRT
1244 3051 1252 3063 ,
1277 3029 1483 3067 propiteqnis
1508 3028 1640 3057 meritis
1667 3027 1704 3056 B.
1733 3029 1777 3057 At
1799 3028 1995 3068 promeritis

245 3076 356 3105 firmat
381 3073 416 3104 P.
459 3075 526 3105 Erf.
556 3074 625 3104 Ct'r.
659 3076 793 3106 Lucret.
823 3076 864 3112 1,
893 3074 948 3104 6-2.
980 3073 1076 3105 Wolf
1099 3075 1139 3105 ad
1167 3075 1275 3106 Oratt.
1305 3075 1506 3105 subditicias
1536 3084 1567 3113 p.
1590 3074 1642 3105 10.
1668 3091 1703 3096 —
1733 3075 1790 3105 23.
1820 3076 1848 3104 si
1867 3075 1991 3104 nostri:

243 3122 298 3152 sin
331 3121 365 3151 E·
395 3137 435 3142 -—
474 3121 529 3150 28.
563 3123 677 3159 primo
715 3122 803 3152 libro
841 3120 1012 3152 PABRT:
1057 3121 1143 3152 libro
1168 3123 1282 3161 primo
1308 3121 1375 3151 FE.
1408 3139 1441 3144 -—
1488 3120 1544 3152 30.
1583 3122 1619 3151 in
1658 3124 1768 3151 totam
1806 3122 1996 3152 orationem

244 3166 389 3198 PBFRT
410 3190 418 3203 ‚
449 3167 516 3198 Erf.
546 3173 578 3197 et
605 3168 754 3199 ACDET
783 3169 1034 3200 Lindemauni:
1073 3170 1108 3198 in
1134 3174 1208 3200 loca
1235 3169 1392 3198 oratione
1420 3167 1445 3198 E
1473 3173 1524 3203 et.
1554 3173 1590 3198 ut
1613 3168 1771 3203 videtur,
1799 3167 1826 3198 A
1856 3171 1992 3201 noster,

242 3224 304 3254 per
329 3218 440 3245 totam
466 3215 680 3251 orationem,
709 3220 745 3246 ut
771 3216 849 3246 olim
880 3224 940 3256 ego
967 3217 1160 3253 suspicatus
1188 3224 1300 3251 eram,
1337 3214 1421 3245 (lod.
1458 3215 1484 3245 B
1514 3215 1757 3246 Lindemanni.
1784 3228 1826 3234 ——
1863 3213 1918 3244 35.
1947 3216 1996 3243 est

193 3266 197 3274 '
246 3270 306 3292 cur
331 3261 460 3291 iudicio
486 3261 595 3291 velitis
620 3260 702 3291 PFT
730 3268 762 3293 et
789 3271 838 3300 pr.
868 3263 893 3293 A
911 3285 919 3299 ‚
957 3267 1005 3293 est
1032 3271 1093 3292 cur
1116 3263 1243 3293 iudices
1270 3261 1380 3292 velitis
1405 3270 1492 3292 corr.
1522 3262 1571 3296 Α,
1602 3266 1650 3292 est
1675 3271 1736 3292 cur
1759 3260 1887 3291 iudicio
1917 3267 1995 3289 eum

244 3308 356 3338 velitis
385 3306 423 3337 B.
445 3307 589 3343 (Iudicio
617 3312 729 3338 tamen
758 3311 893 3340 videtur
918 3309 1018 3349 gloss
1047 3310 1089 3340 ad
1116 3318 1147 3342 v.
1175 3309 1340 3346 liberare,
1370 3309 1463 3349 quod
1490 3310 1522 3340 in
1551 3309 1601 3340 his
1620 3308 1765 3349 aliisque
1784 3306 1875 3347 apud
1899 3305 1991 3337 Oud.

246 3355 415 3394 expulerit
439 3354 578 3386 solitum
606 3355 690 3386 illud
717 3364 748 3386 v.
775 3357 915 3387 iudices.
945 3354 1027 3397 On.)
