2117 3762
698 227 796 266 LlB.
830 225 880 264 11.
943 226 986 266 C.
1019 225 1058 267 5.
1090 225 1130 265 6.
1163 225 1204 264 7.
1237 225 1277 266 8.
1816 226 1866 269 17

114 333 232 373 locus
277 337 367 377 est,
421 345 514 373 cum
558 330 884 371 misericordiam
932 337 1066 383 raptat
1109 336 1150 371 et
1190 345 1281 372 cum
1314 335 1595 372 accusatorem
1628 332 1867 373 calumniari

115 396 369 434 criminatur.
433 396 681 434 Communes
725 392 805 433 lori
848 399 939 433 sunt
972 407 1064 433 cum
1097 395 1372 442 accusatoris,
1422 400 1506 434 tum
1538 395 1797 442 defensoris,
1846 410 1868 435 a

115 459 288 497 testibus
331 462 473 497 contra
516 461 663 501 testes,
711 468 732 495 a
773 454 1084 509 quaestionibus
1125 463 1267 496 contra
1308 456 1598 512 quaestioneS,
1651 459 1701 497 ab
1748 471 1870 510 argu·-

114 521 262 559 mentis
303 525 446 559 contra
492 523 756 569 argumenta,
812 531 833 558 a
876 519 1114 558 rumoribus
1155 525 1299 559 contra
1345 533 1548 560 rumores.
1624 522 1657 560 Α
1698 520 1869 560 testibus

115 583 298 622 dicemus
339 582 565 622 secundum
607 580 890 621 auctoritatem
932 587 982 631 et,
1011 582 1136 620 vitam
1176 581 1339 622 testium
1383 588 1423 622 et
1455 584 1725 625 constantiam
1759 584 1899 624 testi—3

114 646 366 685 moniorum.
440 644 590 684 Contra
632 648 785 689 testes,
834 643 941 683 vitae.
975 643 1302 695 turpitudinem,
1355 645 1685 686 testimoniorum
1731 646 1872 686 incon—

115 708 325 755 stantiam;
371 707 403 745 si
445 711 513 745 aut
553 704 644 744 fieri
684 720 766 745 non
800 706 984 758 potuisse
1018 706 1203 746 dicemus
1235 713 1306 747 aut
1337 722 1420 748 non
1452 709 1604 749 sactum
1637 723 1727 749 esse
1760 711 1870 764 quod

115 771 280 816 dicant,
329 774 399 809 aut
443 767 546 808 scire
588 769 682 808 illos
724 782 806 808 non
854 769 1036 820 potuisse
1079 773 1149 808 aut
1195 770 1344 821 cupide
1390 770 1528 811 dicere
1573 777 1612 812 et
1654 785 1872 825 argumen-

116 833 205 872 tari.
267 832 378 871 llaec
411 836 451 871 et
482 832 532 870 ad
565 831 915 883 improbatimuun
948 836 988 871 et
1018 828 1362 883 approbationem
1396 834 1558 874 testium
1586 835 1869 886 pertinebunt.

113 895 202 934 vll.
240 895 303 933 10.
339 897 368 934 Α
402 895 714 948 quaestionibus
746 894 953 941 dicemus,
1004 906 1097 932 curn
1137 894 1514 936 demonstrabimus
1567 896 1746 937 maiores
1784 897 1870 937 veri
1887 911 1922 935 ιο

112 955 351 996 inveniendi
384 968 506 995 causa
540 957 755 995 tormentis
788 962 827 996 et
851 956 1033 995 cruciatu
1064 955 1246 996 voluisse
1277 957 1422 1011 quaeri
1462 964 1502 997 et
1533 972 1693 999 summo
1727 960 1872 1000 dolore

112 1017 304 1058 homines
336 1018 458 1071 cogi,
508 1024 553 1058 ut
584 1017 783 1073 quidquid
816 1017 975 1066 sciant,
1026 1019 1176 1058 dicant.
1252 1020 1303 1058 Et
1333 1025 1548 1073 praeterea
1594 1020 1875 1063 confirmatior

112 1081 215 1121 haec
248 1079 327 1121 erit
359 1080 612 1132 disputatio,
661 1080 718 1126 si,
752 1093 856 1135 quae
889 1081 997 1120 dicta
1029 1086 1150 1120 erunt
1180 1083 1506 1134 argumentando
1527 1112 1537 1130 ,
1590 1083 1736 1123 iisdem
1768 1083 1871 1132 viis,

112 1143 263 1196 quibus
309 1145 443 1183 omnis
491 1142 729 1183 coniectura
775 1148 994 1191 tractatur,
1050 1144 1264 1184 trahemus
1309 1145 1359 1184 ad
1403 1145 1490 1185 veri
1532 1143 1709 1185 similem
1740 1146 1874 1199 suspi-

113 1204 306 1254 cionem;
357 1204 551 1260 idemque
598 1206 678 1245 hoc
723 1204 764 1245 in
806 1203 1052 1245 testimoniis
1092 1205 1231 1246 facere
1272 1206 1498 1259 oportebit.
1565 1208 1716 1248 Contra
1747 1221 1921 1261 quae-1⁵

112 1268 268 1308 stiones
301 1268 381 1307 hoc
416 1269 541 1308 modo
575 1269 788 1308 dicemus:
825 1268 1029 1321 primum,
1061 1269 1241 1308 maiores
1283 1269 1462 1309 voluisse
1504 1270 1625 1310 certis
1666 1269 1707 1310 in
1745 1272 1872 1311 rebus

111 1329 321 1384 interponi
353 1330 643 1386 quaestiones,
678 1344 769 1371 cum
790 1362 800 1379 ,
836 1344 940 1385 quae
972 1345 1070 1371 vere
1104 1330 1366 1380 dicerentur,
1401 1333 1524 1380 sciri,
1559 1346 1663 1386 quae
1695 1331 1798 1372 salso
1830 1333 1873 1373 in

112 1394 353 1449 quaestione
386 1393 783 1447 pronuntiarentur,
837 1393 971 1434 refelli
1004 1399 1200 1446 possent,
1249 1395 1330 1434 hoc
1362 1396 1518 1435 modo:
1573 1396 1665 1444 Quo
1706 1394 1747 1436 in
1779 1396 1871 1436 loco

111 1455 211 1511 quid
244 1455 424 1509 positum
458 1458 537 1505 sit,
573 1463 613 1498 et
643 1460 676 1498 si
708 1457 807 1512 quid
840 1463 950 1497 esset
981 1456 1143 1504 simile,
1178 1457 1291 1511 quod
1321 1455 1454 1498 videri
1485 1461 1555 1498 aut
1579 1456 1719 1511 aliquo
1750 1457 1874 1498 simili

111 1518 230 1572 signo
264 1518 422 1571 percipi
455 1526 624 1572 posset3
679 1521 859 1567 deinde,
907 1518 1043 1559 dolori
1075 1517 1189 1560 credi
1219 1531 1303 1559 non
1345 1525 1567 1572 oportere,
1618 1521 1730 1575 quod
1769 1522 1872 1562 alius
1888 1533 1922 1559 20

111 1581 193 1621 alio
226 1582 434 1621 recentior
465 1583 517 1621 sit
547 1581 588 1622 in
612 1583 780 1630 dolore,
815 1583 924 1636 quod
949 1580 1207 1634 ingeniosior
1230 1582 1280 1621 ad
1303 1581 1726 1631 comminiscendum,
1760 1585 1873 1638 quod

112 1642 291 1698 denique
324 1657 448 1696 saepe
480 1643 585 1684 scire
619 1650 689 1684 aut
720 1643 920 1697 suspicari
951 1643 1112 1696 possit,
1163 1643 1261 1697 quid
1300 1644 1512 1698 quaesitor
1555 1644 1656 1685 velit
1698 1645 1870 1696 audire;

112 1707 224 1760 quod
257 1719 349 1746 cum
383 1705 560 1754 dixerit,
594 1706 796 1759 intelligat
828 1705 907 1746 sibi
937 1706 1062 1746 linem
1094 1706 1252 1746 doloris
1282 1705 1482 1747 futurum.
1544 1707 1658 1748 Haec
1691 1709 1874 1763 disputa-

112 1769 168 1807 tio
210 1767 577 1819 comprobabitur,
625 1769 658 1809 si
705 1770 970 1817 refellemus,
1019 1782 1125 1823 quae
1166 1769 1207 1808 in
1249 1770 1562 1822 quaestionibus
1604 1775 1724 1811 erunt
1765 1771 1873 1811 dicta

110 1829 320 1884 probabili
351 1829 738 1883 argumentatione3
772 1831 897 1886 idque
930 1832 1118 1884 partibus
1149 1830 1416 1873 coniecturae
1436 1863 1446 1880 ‚
1482 1846 1583 1888 quas
1615 1839 1710 1874 ante
1743 1848 1871 1887 expo·
1885 1846 1920 1871 25

111 1891 292 1940 suimus,
326 1892 465 1932 facere
496 1895 722 1945 oportebit.
788 1895 852 1934 11.
887 1895 949 1934 Ab
981 1893 1235 1948 argumentis
1268 1899 1308 1934 et
1338 1894 1464 1949 signis
1497 1901 1539 1936 et
1571 1896 1718 1937 ceteris
1751 1897 1867 1945 locis,

111 1952 262 2008 quibus
295 1960 468 2008 augetur
499 1955 708 2008 suspici0,
758 1956 896 1997 dicere
928 1957 1010 1997 hoc
1042 1958 1167 1997 modo
1201 1957 1426 1998 convenit:
1481 1960 1582 1999 Cum
1613 1960 1741 2000 multa
1773 1973 1872 2000 con-

111 2021 279 2056 currant
307 2021 551 2070 argumenta
583 2022 624 2057 et
654 2017 770 2071 signa
788 2050 799 2067 ,
835 2033 940 2073 quae
962 2018 1072 2060 inter
1092 2034 1136 2060 se
1161 2020 1445 2068 consentiant,
1479 2034 1567 2061 rem
1589 2022 1868 2077 perspicuam,

110 2092 195 2119 non
226 2078 499 2132 suspiciosam
529 2079 663 2121 videri
696 2087 906 2137 oportere.
982 2084 1110 2123 Item:
1161 2083 1254 2137 plus
1285 2087 1480 2137 oportere
1512 2082 1639 2137 signis
1671 2090 1712 2125 et
1752 2099 1873 2139 argu-

110 2140 271 2186 mentis⁴
293 2143 405 2183 credi
436 2156 560 2198 quam
589 2143 786 2194 testibus;
822 2144 923 2186 haec
956 2147 1066 2186 enim
1098 2159 1147 2186 eo
1181 2146 1306 2185 modo
1340 2146 1517 2198 exponi,
1553 2161 1635 2201 quo
1667 2149 1792 2188 modo
1825 2162 1869 2188 re
1885 2169 1920 2194 30

109 2217 208 2245 vera
239 2203 320 2245 sint
350 2211 490 2259 gesta3
539 2211 666 2247 testes
711 2209 922 2261 corrumpi
960 2222 1084 2262 posse
1126 2208 1194 2248 vel
1231 2207 1366 2262 pretio
1406 2210 1473 2249 vel
1504 2209 1631 2263 gratia
1661 2212 1729 2251 vel
1757 2216 1872 2252 metu

109 2267 178 2306 vel
208 2265 430 2308 simultate.
494 2268 645 2309 Contra
675 2276 917 2323 argumenta
947 2275 988 2311 et
1018 2269 1134 2324 signa
1165 2275 1207 2310 et
1227 2275 1385 2310 ceteras
1407 2270 1665 2325 suspiciones
1686 2273 1870 2313 dicemus

109 2329 191 2369 hoc
220 2331 376 2370 modo:
425 2331 459 2371 si
490 2331 865 2373 demonstrabimus
897 2333 1053 2373 nullam
1084 2345 1171 2373 ren]
1204 2346 1319 2380 esse,
1354 2345 1477 2387 quam
1508 2346 1593 2373 non
1625 2335 1870 2387 suspicioni-

109 2393 188 2433 bus
219 2392 353 2448 quivis
384 2393 517 2449 possit
546 2394 783 2445 criminari;
829 2394 977 2436 deinde
996 2426 1007 2444 ,
1054 2408 1178 2436 unam
1208 2407 1414 2450 quamque
1446 2395 1724 2448 suspicionem
1757 2403 1869 2437 exte-

109 2456 330 2497 nuabimus
361 2463 402 2496 et
432 2455 621 2499 dabimus
653 2471 823 2514 operam
843 2489 854 2507 ,
904 2463 950 2499 ut
981 2459 1247 2499 ostendamus
1279 2456 1407 2498 nihilo
1438 2457 1568 2511 magis
1598 2457 1640 2499 in
1671 2472 1747 2499 nos
1778 2472 1866 2499 eam
1882 2478 1916 2505 35

111 2530 234 2573 quam
264 2517 307 2559 in
338 2518 463 2560 alium
495 2520 733 2576 quempiam
764 2521 1018 2571 convenire3
1065 2520 1283 2574 indignum
1323 2520 1482 2561 facinus
1515 2534 1605 2561 esse
1636 2520 1724 2562 sine
1756 2522 1868 2561 testi-

109 2582 187 2621 bus
218 2580 499 2623 coniecturam
532 2588 574 2623 et
603 2583 884 2637 suspicionem
914 2584 1164 2625 firmamenti
1193 2582 1291 2623 satis
1323 2584 1492 2627 habere.
1560 2584 1670 2624 VIII.
1722 2585 1786 2624 12.
1833 2586 1867 2625 A

110 2645 350 2685 rumoribus
397 2645 602 2695 dicemus,
655 2647 689 2687 si
733 2646 978 2701 negabimus
1019 2652 1175 2687 temere
1216 2647 1368 2687 famam
1406 2645 1521 2687 nasci
1551 2648 1713 2694 solere,
1767 2647 1867 2700 quin

111 2706 244 2747 subsit
275 2706 459 2763 aliquid;
503 2713 545 2749 et
574 2708 608 2750 si
638 2708 822 2751 dicemus
854 2722 1017 2750 causam
1048 2723 1133 2750 non
1162 2708 1318 2758 fuisse,
1371 2722 1498 2764 quare
1531 2708 1734 2764 quispiam
1766 2722 1866 2748 con-

109 2767 286 2822 fingeret
317 2775 358 2811 et
387 2770 798 2822 comminisceretur3
852 2776 894 2813 et
926 2776 1164 2827 praeterea,
1217 2773 1250 2812 si
1281 2772 1408 2812 ceteri
1440 2772 1532 2811 salsi
1564 2772 1725 2810 soleant
1755 2785 1861 2820 esse,
1877 2790 1914 2816 40

111 2834 494 2885 argumentabimur
535 2835 648 2875 hunc
690 2849 781 2875 esse
815 2849 976 2876 verum.
1039 2835 1190 2875 Contra
1228 2847 1417 2876 rumores
1450 2834 1634 2874 dicemus
1664 2834 1862 2887 primum,

111 2894 146 2933 si
177 2894 420 2937 docebimus
452 2898 606 2938 multos
637 2911 727 2939 esse
757 2898 884 2939 falsos
914 2911 1104 2939 rumores
1136 2902 1177 2938 et
1197 2898 1398 2953 exemplis
1419 2901 1604 2945 utemur,
1641 2896 1691 2937 de
1713 2897 1864 2952 quibus

110 2955 213 2997 falsa
241 2956 352 2998 fama
379 2958 527 3010 fuerit3
563 2965 605 3001 et
634 2965 704 3001 aut
732 2961 924 3001 inimicos
954 2967 1119 3001 nostros
1150 2965 1220 3001 aut
1248 2961 1439 3001 homines
1469 2964 1615 3000 natura
1636 2959 1864 3000 malevolos

202 3090 236 3123 9.
266 3095 297 3123 et
321 3091 368 3123 acl
391 3092 677 3131 improbationem
702 3097 733 3126 et
758 3093 805 3125 ad
829 3095 1140 3134 interroqationem
1165 3092 1219 3125 PF
1246 3097 1301 3131 et,
1344 3093 1470 3124 omisso
1496 3092 1604 3124 altero
1631 3091 1702 3126 ad,
1744 3091 1794 3127 Α,
1832 3094 1863 3123 et

111 3137 159 3170 ad
192 3138 482 3179 improbationem
507 3144 538 3170 et
571 3141 618 3172 ad
651 3143 989 3181 arqumentationem
1016 3141 1064 3178 B,
1105 3144 1136 3171 et
1169 3140 1216 3171 ad
1245 3138 1483 3179 probationem
1511 3144 1542 3171 et
1568 3139 1614 3170 ad
1637 3138 1864 3179 improbatio-

109 3192 187 3217 nem
212 3185 254 3217 T.
281 3202 325 3207 -
355 3186 410 3216 11.
439 3188 596 3218 cruciata
620 3186 823 3219 PABFRT:
852 3188 1062 3220 cruciatibus
1083 3187 1122 3218 E.
1154 3203 1190 3209 -—
1220 3186 1276 3217 17.
1292 3183 1387 3225 sciri]
1415 3195 1471 3218 seu
1492 3207 1500 3215 .
1524 3207 1533 3217 .
1561 3186 1608 3224 P,
1638 3195 1694 3217 seu
1713 3184 1736 3215 F
1755 3189 1788 3216 et
1808 3193 1859 3222 pr.

111 3233 163 3270 Α,
198 3234 284 3263 scire
310 3233 358 3270 B,
395 3233 533 3264 servari
557 3233 618 3266 RT
647 3238 681 3266 et
707 3243 794 3266 corr.
822 3233 864 3265 Α.
917 3235 956 3266 ln
988 3235 1016 3265 R
1043 3233 1153 3265 adscr.
1182 3233 1258 3264 ead.
1288 3241 1332 3263 m.
1360 3233 1456 3264 scire.
1492 3247 1536 3254 —-›
1578 3233 1635 3264 21.
1661 3232 1863 3263 reticentior

113 3278 182 3311 duo
209 3279 381 3310 Lambini.
434 3280 476 3311 Ut
500 3287 586 3317 nos,
624 3283 731 3312 nostrl
759 3289 897 3319 omnes,
941 3283 974 3312 in
1001 3281 1042 3311 R.
1071 3289 1148 3311 cum
1176 3279 1277 3319 gloss.
1307 3281 1471 3311 tenerior.
1500 3294 1541 3303 ——
1583 3279 1640 3311 30.
1668 3287 1736 3320 quo
1760 3277 1862 3308 modo

111 3325 281 3358 PAFR'r:
309 3335 376 3367 quo
402 3326 473 3358 BE.
505 3343 540 3349 —
569 3326 624 3360 36.
652 3327 787 3367 facinus
813 3337 881 3361 esso
905 3327 1108 3360 PABFRT:
1134 3336 1202 3359 esse
1223 3327 1357 3368 facinus
1385 3325 1426 3357 E.

188 3391 280 3418 Cicero
300 3391 328 3420 Τ.
350 3392 370 3422 Ι,
1373 3391 1400 3432 2
