2117 3762
756 215 797 254 C.
834 214 893 253 l't.
935 215 994 253 13.
1037 215 1097 254 lG.
1139 215 1203 254 ¹17.
1777 217 1854 255 &85

108 324 196 366 sine
227 325 537 370 coniunctione,
577 328 619 363 ut
651 321 767 375 plura
799 319 1029 361 videantur.
1092 323 1159 362 54.
1207 324 1368 372 Augent
1398 321 1518 360 etiam
1550 319 1675 360 relata
1705 321 1850 368 verba,

109 387 278 432 iterata.
314 385 519 441 duplicata
543 392 582 426 et
603 398 669 431 ea,
702 397 807 438 quae
831 383 1056 424 ascendunt
1086 384 1284 436 gradatim
1319 384 1368 423 ab
1402 381 1687 422 lunnilioribus
1718 385 1854 422 verbis

108 447 157 489 ad
180 450 416 503 superiora,
448 449 696 501 omninoque
721 459 882 500 semper
909 447 1023 499 quasi
1056 445 1250 487 naturalis
1281 452 1320 486 et
1351 460 1430 486 non
1463 444 1679 500 explanata
1710 445 1854 491 oratio,

107 512 179 551 sed
211 513 406 563 gravibus
439 511 588 552 referta
621 508 779 554 verbis,
819 507 869 549 ad
901 508 1133 559 :ungendum
1165 507 1526 549 accommodatior.
1586 509 1699 547 llaec
1731 506 1855 559 igitur

107 572 150 614 in
183 572 343 621 verbis,
390 574 538 627 quibus
577 570 685 611 aetio
725 572 860 618 γονῆς,
908 573 1043 611 vultus
1083 577 1121 611 et
1158 576 1296 622 gestus
1337 583 1567 621 congruens
1607 575 1647 609 et
1682 575 1773 624 apta
1806 572 1884 610 ad⁵

108 636 265 676 animos
294 636 599 689 permovendos
631 632 974 673 arconnnodanda
1006 639 1080 673 est.
1143 631 1285 672 Sedet
1318 631 1357 672 in
1389 633 1524 672 uerbis
1556 639 1593 672 ct
1625 633 1665 672 in
1697 633 1856 672 actione

108 712 227 740 eausa
259 698 338 739 erit
381 695 647 753 ponderanda
693 702 732 736 et
770 709 844 748 pro
878 709 923 736 re.
964 697 1181 748 agendum.
1242 696 1341 733 Nam
1383 695 1485 734 baec
1525 697 1620 748 quia
1662 696 1858 736 videntur

107 763 384 817 perabsurda,
416 773 506 799 cum
540 760 727 812 graviora
749 764 865 803 sunt,
899 771 1018 809 quam
1043 770 1163 797 causa
1187 755 1290 803 sert,
1326 755 1561 807 diligenter,
1595 759 1693 810 quid
1715 771 1859 812 quem-

107 838 187 879 que
217 826 376 867 deceat,
408 821 671 862 iudicandum
704 826 780 860 est.
841 822 950 861 xvl.
985 823 1050 863 55.
1098 822 1249 860 Rerum
1281 818 1542 873 amplilicatio
1574 820 1748 860 sumitur
1778 821 1859 861 eis-

107 886 198 927 dem
230 900 280 926 ex
312 883 411 925 locis
443 883 656 930 omnibus,
688 882 836 938 quibus
867 882 959 929 illa,
994 894 1098 937 quae
1129 883 1236 921 dicta
1267 888 1362 921 sunt
1393 883 1443 921 ad
1473 881 1625 922 tidem:
1662 884 1907 924 maxime-10

107 963 186 1002 que
231 945 490 987 definitiones
537 945 669 986 valent
717 944 986 997 conglobatae
1030 950 1071 984 et
1116 942 1455 997 consequentium
1501 944 1776 999 frequentatio
1817 952 1858 986 et

107 1008 403 1051 contrariarum
436 1017 475 1050 et
504 1007 762 1049 dissimilium
795 1012 835 1047 et
865 1007 969 1046 inter
999 1019 1042 1047 se
1074 1005 1341 1060 pugnantium
1387 1019 1525 1046 rerum
1568 1006 1773 1047 conflictio
1816 1014 1858 1049 et

106 1085 251 1114 causae
290 1076 331 1112 et
372 1085 445 1119 ea,
497 1084 601 1126 quae
640 1076 734 1110 sunt
773 1068 822 1110 de
854 1069 987 1109 causis
1027 1074 1143 1117 orta,
1197 1069 1459 1122 maximeque
1497 1068 1787 1111 similitudines
1818 1076 1859 1112 et

104 1135 313 1189 exempla;
344 1132 462 1174 lictae
494 1135 617 1174 etiam
648 1145 873 1187 personae,
907 1136 1018 1172 muta
1050 1133 1228 1185 denique
1261 1130 1501 1184 loquantur;
1534 1132 1786 1187 omninoque
1808 1147 1855 1175 ea

105 1203 199 1238 sunt
236 1195 492 1242 adhibenda,
540 1195 573 1235 si
603 1207 726 1234 eausa
763 1195 939 1248 patitur,
986 1207 1090 1249 quae
1129 1195 1337 1234 habentur
1366 1208 1536 1248 magna,
1588 1209 1764 1250 quorum
1797 1202 1905 1238 est15

105 1259 256 1315 duplex
289 1273 432 1312 genus.
493 1259 559 1299 56.
594 1256 680 1297 Alia
712 1257 820 1297 enim
851 1270 998 1309 magna
1031 1261 1174 1298 natura
1206 1256 1420 1304 videntur,
1453 1257 1530 1298 alia
1560 1272 1658 1299 usu:
1695 1263 1854 1307 natura,

104 1328 148 1364 ut
178 1321 393 1369 caelestia,
440 1326 485 1360 ut
515 1319 676 1368 divina,
722 1325 766 1360 ut
797 1334 866 1366 ca,
907 1333 1084 1374 quorum
1116 1321 1317 1360 obscurae
1348 1333 1516 1368 causae,
1558 1325 1624 1367 ut,
1664 1321 1704 1360 in
1736 1322 1857 1363 terris

105 1386 343 1439 mundoque
374 1382 632 1423 admirabilia
664 1395 768 1436 quae
799 1388 912 1430 sunt,
961 1397 1014 1423 ex
1045 1381 1196 1437 quibus
1228 1381 1538 1437 similibusque,
1581 1384 1614 1424 si
1648 1383 1857 1432 attendas,

104 1449 155 1488 ad
194 1447 425 1500 augendum
470 1444 670 1499 permulta
712 1450 951 1499 suppetunt;
1003 1459 1104 1494 usu,
1153 1459 1257 1499 quae
1294 1446 1483 1486 videntur
1521 1447 1760 1487 hominibus
1790 1453 1859 1488 aut

104 1512 302 1566 prodesse
334 1514 404 1549 aut
435 1506 582 1548 obesse
614 1508 921 1556 vehementius,
955 1522 1134 1562 quorum
1154 1513 1249 1549 sunt
1269 1521 1421 1561 genera
1447 1509 1497 1548 ad
1527 1508 1856 1563 amplificandum
1871 1525 1907 1550 20

104 1572 196 1614 tria.
258 1573 358 1611 Nam
392 1576 462 1611 aut
492 1571 660 1610 caritate
692 1577 913 1611 moventur
942 1572 1152 1617 homines,
1198 1575 1242 1610 ut
1272 1573 1470 1624 deorum,
1515 1576 1559 1611 ut
1589 1573 1766 1626 patriae,
1813 1577 1858 1612 ut

104 1640 341 1690 parentum;
373 1638 442 1674 aut
472 1646 635 1680 amore,
667 1638 714 1673 ut
742 1632 942 1681 fratrum,
974 1638 1020 1673 ut
1050 1633 1297 1687 coniugum,
1333 1639 1376 1673 ut
1397 1632 1644 1681 liberorum,
1676 1640 1721 1674 ut
1738 1634 1859 1675 sami-

104 1696 289 1746 liarium;
323 1701 394 1736 aut
412 1697 646 1743 honestate,
679 1702 723 1737 ut
747 1698 943 1737 virtutum
974 1697 1231 1749 maximeque
1262 1710 1425 1743 earum,
1457 1710 1563 1751 quae
1594 1697 1645 1738 ad
1675 1711 1858 1738 commu-

104 1759 269 1800 nionem
292 1758 507 1799 hominum
531 1764 570 1799 et
590 1757 873 1800 liberalitatem
895 1758 1043 1800 valent.
1092 1761 1154 1800 Ex
1180 1759 1231 1799 iis
1253 1765 1293 1800 et
1314 1762 1620 1800 cohortationes
1643 1766 1858 1801 sumuntur

104 1823 154 1863 ad
187 1835 236 1862 ea
265 1820 506 1869 retinenda,
557 1827 597 1861 et
628 1821 667 1862 in
699 1835 789 1869 eos,
837 1835 858 1862 a
889 1821 1038 1875 quibus
1069 1836 1117 1863 ea
1148 1821 1297 1863 violata
1328 1827 1444 1870 sunt,
1492 1822 1585 1863 odia
1616 1822 1906 1869 incitantur,2⁵

105 1890 144 1925 et
174 1883 384 1924 miseratio
416 1885 611 1925 nascitur.
672 1886 800 1926 xvii.
832 1887 899 1925 57.
930 1886 1126 1939 Proprius
1157 1884 1271 1926 loeus
1302 1891 1361 1925 est
1391 1887 1570 1939 augendi
1597 1885 1710 1926 iniis
1732 1884 1856 1926 rebus

104 1952 172 1988 aut
201 1945 360 1986 amissis
391 1952 462 1987 aut
491 1947 705 1987 amittendi
736 1947 935 2000 periculo.
996 1949 1102 1988 Nihil
1134 1952 1196 1987 est
1225 1947 1334 1988 enim
1366 1953 1448 1988 tam
1479 1948 1711 1989 miserabile
1734 1963 1858 2004 quam

104 2024 157 2050 ex
200 2007 321 2050 beato
369 2010 505 2051 miser.
576 2012 625 2050 Et
663 2012 742 2050 hoc
778 2015 906 2050 totum
949 2009 1115 2064 quidem
1146 2016 1333 2056 moveat,
1378 2011 1434 2059 si,
1483 2024 1562 2065 qua
1593 2025 1644 2052 ex
1688 2010 1853 2052 fortuna

105 2071 195 2126 quis
226 2074 366 2120 cadat,
401 2078 463 2119 et,
497 2086 519 2112 a
555 2086 730 2127 quorum
766 2074 935 2113 caritate
966 2072 1202 2120 divellatur,
1235 2086 1340 2128 quae
1370 2073 1527 2114 amittat
1556 2079 1625 2114 aut
1655 2073 1853 2121 amiserit,

104 2135 145 2174 in
177 2133 325 2189 quibus
356 2135 473 2174 malis
504 2133 556 2174 sit
585 2133 798 2175 futurusve
829 2137 904 2183 sit,
936 2134 1192 2188 exprimatur
1212 2135 1408 2178 breviter.
1469 2136 1558 2176 Cito
1581 2135 1688 2176 enim
1710 2137 1908 2178 areseitso

104 2195 295 2244 lacrima,
344 2196 585 2251 praesertim
625 2196 664 2237 in
703 2197 848 2238 alienis
888 2197 1018 2238 malis.
1080 2199 1165 2237 Nec
1207 2197 1428 2253 quidquam
1465 2199 1505 2238 in
1537 2197 1854 2253 amplificatione

105 2259 225 2299 nimis
266 2258 560 2299 enucleandum
603 2264 684 2309 est;
731 2261 885 2300 minuta
923 2267 983 2300 est
1023 2261 1132 2301 enim
1171 2262 1304 2301 omnis
1340 2260 1572 2314 diligentia3
1621 2261 1689 2302 hic
1720 2267 1854 2302 autom

104 2320 219 2362 locus
250 2320 418 2375 grandia
448 2322 633 2375 requirit.
696 2321 760 2362 58.
808 2321 910 2362 Illud
942 2321 1021 2363 iam
1053 2327 1114 2363 est
1142 2321 1305 2371 iudicii,
1354 2337 1436 2378 quo
1467 2337 1629 2378 quaque
1660 2323 1701 2363 in
1733 2338 1856 2364 causa

105 2397 256 2437 genere
300 2389 464 2424 utamur
508 2382 700 2435 augendi.
763 2385 806 2424 In
839 2383 916 2424 illis
956 2386 1064 2424 enim
1105 2385 1255 2431 causis,
1306 2400 1411 2440 quae
1450 2385 1500 2427 ad
1541 2386 1854 2427 delectationem

105 2452 384 2494 exornantur,
433 2445 461 2486 ii
492 2445 570 2486 loci
604 2445 799 2486 tractandi
830 2452 943 2495 sunt,
978 2446 1046 2502 qui
1079 2460 1246 2488 movere
1277 2454 1450 2501 possunt
1478 2448 1902 2502 exspectationem‚35

105 2507 439 2553 admirationem,
473 2508 745 2562 voluptatem;
786 2508 826 2549 in
857 2509 1213 2550 cohortationibus
1244 2516 1381 2551 autem
1412 2513 1619 2552 bonorum
1649 2524 1696 2550 ac
1727 2512 1854 2551 malo-

106 2583 193 2610 rum
225 2571 556 2611 enumerationes
589 2576 627 2611 et
657 2573 846 2623 exempla
876 2571 1012 2612 valent
1041 2572 1280 2627 plurimum.
1342 2575 1388 2614 In
1425 2574 1587 2614 iudiciis
1626 2575 1852 2614 accusatori

105 2631 212 2679 sere,
245 2646 349 2687 quae
381 2635 429 2673 ad
464 2633 735 2681 iracundiam,
779 2648 849 2674 reo
881 2634 1144 2689 plerumque,
1187 2649 1291 2690 quae
1323 2638 1374 2676 ad
1405 2636 1725 2677 misericordiam
1760 2649 1854 2688 per-

108 2695 258 2744 tinent3
311 2709 605 2750 nonnunquam
652 2701 787 2737 tamen
827 2703 1042 2738 aecusator
1080 2697 1405 2740 misericordiam
1445 2712 1613 2740 movere
1652 2697 1774 2739 debet
1812 2703 1852 2739 et

199 2877 232 2908 3.
261 2878 484 2916 explananda
502 2879 539 2909 Υ.
564 2896 599 2901 -
628 2879 661 2910 lt.
690 2880 880 2918 (frondibus
900 2881 1019 2912 Lamb.
1043 2898 1078 2904 —
1108 2882 1140 2912 5.
1171 2882 1262 2912 actio
1287 2890 1385 2919 voce,
1412 2881 1508 2911 vultu
1533 2885 1563 2912 et
1588 2884 1683 2921 qesta
1702 2889 1719 2912 e
1740 2881 1849 2913 Codd.

108 2923 227 2954 Lamb.
259 2940 295 2946 —
323 2924 356 2955 6.
385 2926 644 2956 accommodata
671 2927 742 2957 RV.
776 2944 811 2949 —
848 2927 882 2958 7.
908 2928 1140 2966 ponderanda
1166 2928 1245 2963 ΥΒ.
1285 2928 1394 2959 Oxon.
1425 2936 1537 2958 unus:
1578 2928 1740 2966 ponenda
1768 2928 1850 2967 Gu.‚

108 2972 217 3001 oxon.
246 2970 351 3007 alter,
379 2972 526 3002 tenenda
552 2972 652 3004 RVE.
683 2990 718 2995 —
749 2975 922 3013 ayendum
949 2975 999 3005 B:
1027 2974 1165 3014 offenda
1192 2975 1296 3006 RVE.
1326 2990 1366 2997 —
1404 2973 1436 3004 8.
1464 2983 1634 3014 quamque
1662 2975 1782 3006 Lamb.
1809 2993 1851 2998 -

107 3017 140 3049 9.
171 3017 294 3047 eisdem
320 3016 402 3047 Iocis
428 3016 510 3053 (om.
539 3018 593 3057 ex)
623 3019 695 3050 RV.
724 3037 766 3041 —
795 3021 848 3051 10.
877 3030 919 3052 em
946 3021 1065 3060 quibus
1090 3021 1210 3053 Lamb.
1243 3038 1278 3043 —
1317 3021 1534 3061 maximeque
1559 3025 1589 3052 et
1616 3017 1780 3061 def.'BV.
1808 3037 1852 3045 —

109 3064 163 3095 12.
193 3063 408 3104 conflictatio
435 3063 473 3093 Υ.
504 3081 542 3086 -
584 3066 639 3097 15.
667 3066 836 3098 habentur
859 3077 988 3109 ‘mayna
1017 3068 1100 3099 RV:
1139 3077 1266 3108 maana
1292 3067 1462 3097 habentur
1487 3068 1525 3098 E.
1553 3083 1597 3088 ——
1637 3067 1693 3099 16.
1720 3072 1852 3100 natura

106 3119 237 3149 maana
264 3118 340 3140 cum
369 3109 394 3139 B
422 3109 616 3142 Schutzius.
647 3111 705 3150 (Ut
732 3121 816 3148 nos,
846 3114 936 3152 RV.)
967 3131 1005 3136 —
1032 3114 1088 3145 23.
1117 3114 1164 3144 ad
1188 3114 1461 3145 coniunctionem
1485 3114 1538 3152 R,
1567 3114 1614 3145 ad
1639 3123 1852 3146 commanem

108 3157 385 3188 commoditatem
413 3156 451 3187 V.
483 3172 521 3178 —
565 3158 620 3188 25.
652 3160 871 3190 concitantur
900 3159 1018 3191 Lamb.
1038 3177 1081 3181 ——
1106 3160 1163 3191 26.
1193 3165 1240 3191 est
1268 3169 1334 3190 om.
1364 3160 1434 3190 YR.
1458 3177 1495 3183 —
1523 3162 1567 3192 iis
1593 3161 1644 3192 Y:
1673 3162 1722 3193 his
1747 3162 1848 3193 Rviss.

109 3203 282 3243 (Ceterum
311 3202 337 3232 Y
362 3206 431 3233 sic:
470 3212 511 3233 ez
536 3203 771 3235 admiratione
796 3209 951 3237 nascitur
974 3207 1137 3246 proprius
1162 3207 1258 3238 locas
1282 3207 1433 3245 augendi
1465 3207 1503 3237 in
1535 3206 1606 3248 iis.)
1650 3223 1683 3229 -—
1729 3209 1782 3239 28.
1821 3209 1851 3239 si

108 3259 176 3290 qua
201 3258 242 3282 ea:
267 3251 405 3280 lirinens
433 3249 585 3281 Schutzit
613 3252 704 3281 coni.
733 3251 785 3281 Y:
823 3254 853 3284 st·
879 3253 969 3285 bona
991 3262 1032 3285 ex
1057 3253 1159 3284 RVE.
1201 3271 1236 3278 -
1277 3253 1331 3284 30.
1360 3255 1530 3285 exarescit
1556 3254 1597 3286 Y.
1626 3254 1693 3287 Sed
1718 3255 1778 3287 cfr.
1807 3254 1848 3285 ad

110 3296 191 3328 ner.
220 3296 263 3334 2,
290 3294 328 3337 ὃ.
356 3296 411 3328 50.
443 3312 482 3319 -
509 3295 564 3328 36.
593 3296 647 3335 ac]
676 3301 707 3327 et
732 3298 774 3329 lt.
