2117 3762
243 321 322 363 166
900 315 970 356 DE
1001 313 1323 357 INVENTIONE

241 432 381 485 ptum,
430 424 560 482 quod,
606 437 699 466 cum
743 420 794 463 de
834 420 904 462 illa
944 424 1052 462 esset
1090 421 1313 476 scriptum,
1362 420 1413 463 de
1447 424 1522 463 hac
1553 422 1608 470 is,
1653 422 1724 476 qui
1766 422 1990 474 scribebat,

243 492 525 533 dubitaturum
555 488 763 528 neminem
795 482 1012 525 arbitratus
1034 483 1106 532 sit;
1155 486 1247 526 151.
1279 491 1423 540 postea
1455 484 1592 525 multis
1618 485 1661 524 in
1683 483 1845 537 legibus
1867 487 1995 529 multa

241 552 469 609 praeterita
489 564 599 599 esse,
633 562 737 603 quae
764 547 919 588 idcirco
946 545 1168 601 praeterita
1191 560 1313 588 nemo
1340 549 1584 595 arbitretur,
1619 549 1731 602 quod
1759 562 1812 588 ex
1832 549 1992 598 ceteris,

244 617 295 657 de
320 617 467 670 quibus
494 613 691 666 scriptum
707 611 773 658 sit,
807 608 977 662 intelligi
997 609 1181 665 possint3
1214 610 1362 651 deinde
1387 611 1572 665 aequitas
1595 611 1657 650 rei
1678 608 1997 653 demonstranda

214 683 330 726 sest,
376 681 422 717 ut
451 675 493 716 in
524 672 745 715 iuridiciali
775 671 977 712 absoluta.
1040 673 1192 713 Contra
1221 675 1358 712 autem
1395 672 1466 727 qui
1502 672 1634 721 dicet,
1682 671 1994 716 similitudinem

244 739 452 781 infirmare
483 735 673 778 debebit:
723 733 834 791 quod
863 733 1006 782 faciet,
1046 734 1079 774 si
1107 733 1405 775 demonstrabit
1432 734 1555 784 illud,
1589 736 1700 790 quod
1731 735 1994 786 conseratur,

243 805 295 844 ab
324 816 393 849 eo,
437 799 503 841 cui
534 797 789 845 conferatur,
827 798 1038 838 diversum
1065 808 1155 836 esse
1186 808 1363 848 genere,
1395 802 1561 846 natura,
1592 799 1657 845 vi,
1692 799 1994 856 magnitudine,

243 871 451 918 tempore,
484 863 602 910 loco,
634 873 836 915 persona,
870 859 1088 914 opinione3
1137 858 1193 906 si,
1228 871 1309 912 quo
1342 858 1386 899 in
1415 872 1588 900 numero
1620 861 1745 907 illud,
1778 859 1890 914 quod
1921 874 1998 916 per

244 926 555 968 similitudinem
585 923 781 972 affertur,
814 927 856 964 et
884 936 966 977 quo
997 922 1040 961 in
1069 921 1162 961 loco
1190 921 1316 967 illud,
1348 919 1462 962 cuius
1484 935 1605 963 causa
1626 921 1821 971 affertur,
1853 922 1999 965 haberi

193 1008 230 1033 ιο
245 987 484 1034 conveniat,
516 977 987 1041 ostendetur31deinde,
1018 984 1117 1038 quid
1146 996 1214 1023 res
1235 996 1329 1023 cum
1350 997 1394 1022 re
1417 982 1599 1031 differat,
1630 986 1999 1034 demonstrabitur,

242 1058 287 1094 ut
316 1064 399 1093 non
427 1051 538 1091 idem
568 1048 757 1091 videatur
787 1050 838 1089 de
868 1052 1042 1101 utraque
1074 1046 1301 1087 existimari
1332 1050 1543 1099 oportere.
1605 1049 1698 1088 152.
1731 1050 1811 1095 Ac,
1845 1048 1878 1089 si
1909 1049 1998 1102 ipse

244 1128 410 1170 quoque
439 1112 595 1166 poterit
624 1108 1007 1151 ratiocinationibus
1039 1110 1115 1156 uti,
1146 1106 1292 1148 iisdem
1315 1108 1564 1155 rationibus,
1596 1110 1744 1163 quibus
1765 1115 1858 1151 ante
1879 1123 2000 1165 prae-

244 1179 399 1220 dictum
431 1181 512 1223 est,
557 1179 716 1223 utetur;
766 1171 801 1212 si
840 1185 926 1212 non
966 1172 1144 1225 poterit,
1190 1171 1358 1224 negabit
1397 1175 1594 1224 oportere
1633 1174 1874 1227 quidquam,
1920 1173 2001 1214 nisi

244 1238 355 1296 quod
388 1238 584 1293 scriptum
615 1237 690 1284 sit,
724 1235 1008 1283 considerare;
1060 1231 1299 1286 [periclitari
1331 1233 1472 1273 omnia
1499 1233 1612 1281 iura,
1646 1235 1679 1274 si
1712 1233 2000 1276 similitudines

194 1303 518 1357 15accipiantur3
564 1298 667 1340 nihil
704 1311 795 1339 esse
835 1310 992 1350 paene,
1041 1297 1154 1351 quod
1193 1309 1278 1336 non
1318 1295 1437 1336 alteri
1468 1296 1604 1336 simile
1636 1309 1726 1337 esse
1755 1296 1997 1352 videatur3]

245 1367 394 1408 multas
424 1366 474 1405 de
505 1361 708 1404 similibus
737 1359 884 1408 rebus,
923 1361 966 1401 in
995 1371 1120 1400 unam
1151 1372 1355 1414 quamque
1388 1371 1477 1398 rem
1508 1363 1665 1399 tantum
1695 1358 1877 1412 singulas
1910 1374 2000 1400 esse

243 1430 383 1483 leges3
417 1427 556 1467 omnia
584 1437 707 1480 posse
736 1423 846 1464 inter
875 1437 919 1464 se
948 1422 1016 1464 vel
1045 1422 1193 1463 similia
1223 1422 1290 1462 vel
1317 1420 1531 1462 dissimilia
1551 1423 1842 1462 demonstrari.
1899 1423 2001 1463 Loci

246 1503 510 1532 communes:
559 1502 582 1529 a
610 1487 945 1536 ratiocinatione,
975 1490 1171 1540 oportere
1202 1485 1441 1525 coniectura
1472 1498 1524 1524 ex
1555 1497 1627 1531 eo,
1660 1486 1772 1540 quod
1803 1486 2001 1540 scriptum
2028 1534 2032 1538 ²

247 1554 322 1602 sit,
355 1554 406 1593 ad
436 1553 505 1600 id,
539 1551 650 1606 quod
680 1563 765 1589 non
795 1549 847 1588 sit
875 1549 1099 1603 scriptum,
1131 1547 1376 1601 pervenire;
1409 1551 1448 1587 et
1477 1547 1686 1586 neminem
1711 1559 1833 1601 posse
1855 1560 1999 1588 omnes

195 1639 232 1665 20
247 1630 313 1657 res
343 1628 420 1668 per
449 1614 695 1668 scripturam
726 1611 940 1665 amplecti,
972 1611 1045 1650 sed
1068 1623 1162 1650 eum
1185 1607 1520 1649 commodissime
1542 1610 1748 1657 scribere,
1782 1610 1852 1664 qui
1874 1615 2000 1658 curet,

245 1684 292 1720 ut
330 1678 531 1733 quaedam
574 1689 627 1716 ex
668 1674 912 1729 quibusdam
952 1671 1256 1726 intelligantur;
1310 1673 1403 1712 153.
1446 1675 1588 1711 contra
1616 1672 2000 1721 ratiocinationem,

245 1737 550 1783 huiuscemodi:
583 1737 863 1777 coniecturam
892 1734 1189 1776 divinationem
1221 1747 1312 1774 esse
1342 1738 1383 1774 et
1412 1733 1524 1774 stulti
1553 1735 1766 1789 scriptoris
1799 1748 1890 1776 esse
1919 1748 2004 1776 non

245 1817 369 1859 posse
401 1802 594 1844 omnibus
626 1802 677 1840 de
706 1796 832 1840 rebus
863 1810 1032 1845 cavere,
1064 1795 1213 1851 quibus
1243 1797 1356 1837 velit.

358 1868 425 1907 LI.
475 1862 670 1905 Definitio
709 1865 795 1909 est,
848 1872 940 1900 cum
977 1860 1020 1899 in
1065 1860 1218 1913 scripto
1259 1860 1436 1900 verbum
1481 1859 1650 1913 aliquod
1695 1863 1756 1899 est
1794 1860 2000 1914 positum,

197 1950 233 1976 25
249 1930 365 1973 cuius
397 1931 447 1971 de
477 1927 519 1969 vi
549 1923 784 1980 quaeritur,
826 1923 908 1962 hoc
938 1922 1089 1962 modo:
1137 1922 1248 1961 Lex:
1301 1922 1387 1970 Qvi
1419 1933 1463 1961 ΙΝ
1491 1933 1688 1962 ADVERSA
1719 1933 2002 1963 TEMPESTATE

247 2005 396 2035 NAVEM
425 1999 738 2037 REMQVERINT,
773 1997 910 2026 OMNIA
939 1996 1214 2032 AM1TTvNT03
1245 1994 1401 2024 EORVM
1431 1996 1559 2024 NAvls
1590 1997 1643 2023 ET
1675 1995 1816 2024 ONERA
1847 1995 2002 2029 SVNTO,

249 2068 326 2104 QVI
358 2067 401 2095 lx
430 2065 543 2094 NAVE
574 2060 888 2091 REMANSERINT.
948 2049 1040 2087 Duo
1072 2047 1261 2101 quidam,
1310 2059 1403 2086 cum
1439 2046 1520 2085 iam
1551 2045 1593 2085 iu
1624 2045 1705 2086 alto
1736 2047 2000 2099 navigarent,

249 2123 290 2160 et
319 2130 412 2158 cum
443 2128 588 2156 eorum
619 2113 789 2153 alterius
819 2109 960 2157 navis,
1008 2109 1177 2149 alterius
1209 2121 1312 2149 onus
1344 2113 1472 2156 esset,
1519 2106 1762 2161 naufragum
1796 2107 2003 2161 quendam

248 2184 457 2221 natantem
495 2183 537 2218 et
565 2190 710 2217 manus
742 2177 792 2215 ad
828 2188 871 2215 se
902 2172 1139 2214 tendentem
1170 2173 1353 2212 animum
1384 2169 1681 2219 adverterunt3
1715 2169 2004 2211 misericordia

199 2268 235 2294 30
250 2240 444 2283 commoti
473 2253 621 2280 navem
652 2237 702 2279 ad
735 2251 828 2278 eum
859 2235 1143 2289 applicarunt3
1177 2235 1387 2275 hominem
1418 2234 1470 2273 ad
1501 2246 1544 2273 se
1576 2234 1842 2274 sustulerunt.
1906 2234 2000 2274 154.

248 2307 397 2346 Postea
440 2301 651 2355 aliquanto
692 2303 805 2353 ipsos
847 2312 1013 2353 quoque
1054 2302 1276 2352 tempestas
1316 2295 1602 2337 vehementius
1643 2297 1796 2337 iactare
1839 2295 2001 2350 coepit,

247 2381 379 2421 usque
410 2366 536 2412 adeo,
568 2368 614 2404 ut
645 2362 837 2403 dominus
867 2362 1005 2409 navis,
1039 2373 1132 2401 cum
1162 2359 1273 2400 idem
1305 2360 1560 2412 gubernator
1582 2363 1713 2406 esset,
1745 2358 1788 2399 in
1811 2359 2003 2412 scapham

249 2428 492 2483 confugeret
531 2431 572 2467 et
608 2426 705 2467 inde
746 2425 956 2471 funiculo,
1008 2422 1079 2477 qui
1120 2435 1142 2462 a
1180 2422 1307 2476 puppi
1343 2420 1539 2474 religatus
1570 2422 1764 2475 scapham
1795 2434 2002 2461 annexam

248 2493 461 2539 trahebat,
502 2488 620 2536 navi,
661 2488 798 2541 quoad
828 2490 987 2540 posset,
1032 2486 1343 2532 modera1·etur;
1392 2484 1462 2523 ille
1492 2487 1650 2531 autem,
1698 2485 1813 2523 cuius
1843 2495 2003 2522 merces

200 2581 234 2606 ³5
250 2560 384 2601 erant,
414 2552 457 2594 in
489 2551 666 2606 gladium
696 2549 850 2590 ibidem
881 2545 1154 2589 incumberet.
1212 2545 1290 2587 Hic
1321 2545 1389 2586 ille
1419 2545 1643 2598 naufragus
1675 2546 1725 2585 ad
1748 2543 2004 2598 gubernacu-

247 2619 333 2660 lum
365 2616 534 2657 accessit
564 2618 604 2654 et
631 2612 748 2661 navi,
781 2613 917 2665 quoad
946 2609 1100 2666 potuit,
1133 2614 1194 2650 est
1223 2610 1461 2663 opitulatus.
1524 2606 1684 2649 Sedatis
1714 2612 1851 2647 autem
1872 2605 2004 2648 flucti-

248 2679 326 2722 bus
371 2684 411 2720 et
449 2680 692 2731 tempestate
734 2676 814 2715 iam
852 2677 1122 2722 commutata,
1173 2671 1287 2712 navis
1326 2671 1367 2712 in
1404 2675 1569 2726 portum
1611 2671 1868 2725 pervehitur.
1930 2668 2002 2710 Ille

251 2751 1998 2769 —-———-————-——-——--—-—-——-———

342 2807 376 2837 1.
402 2805 442 2836 de
466 2804 530 2835 hac
556 2802 700 2835 PART:
740 2803 778 2833 de
804 2802 866 2832 hac
892 2810 928 2833 re
955 2801 994 2832 E.
1033 2815 1069 2822 -—
1110 2800 1143 2830 2.
1182 2799 1426 2830 dubitaturum
1462 2798 1628 2829 neminem
1651 2796 1794 2828 PART:
1835 2796 2004 2827 neminem

250 2853 491 2885 dubitaturum
517 2851 557 2882 Ε.
588 2866 624 2872 -
658 2848 769 2880 multa
790 2849 984 2888 praeterita
1009 2855 1079 2877 esse
1103 2846 1217 2877 PAT:
1255 2845 1454 2884 praeterita
1476 2844 1586 2874 mulla
1612 2852 1681 2874 esse
1706 2844 1736 2874 R
1752 2867 1760 2882 ,
1799 2843 1910 2874 multa
1935 2851 2004 2873 esse

247 2900 441 2939 praeterita
467 2898 507 2929 E.
537 2914 573 2920 —-
613 2895 645 2927 3.
673 2904 770 2927 nemo
796 2904 867 2926 ‘non
893 2895 1084 2925 arbitretur
1108 2892 1230 2924 Lamb.
1259 2898 1377 2923 contra
1405 2891 1508 2922 libros
1533 2894 1644 2922 notos.
1676 2907 1720 2912 —-
1761 2891 1794 2921 5.
1833 2889 2004 2929 neqotiali

250 2946 337 2978 ΡΑΤ
364 2951 397 2978 et
422 2953 474 2984 pr.
504 2943 619 2975 Schol.
649 2942 742 2974 Oud.
774 2955 809 2962 ->
854 2941 910 2972 12.
938 2940 1134 2972 rationibus
1157 2939 1238 2976 AT,
1274 2947 1361 2970 corr.
1390 2938 1438 2972 P,
1478 2937 1633 2977 aliique:
1672 2936 2003 2968 ratiocinationibus

249 2993 330 3028 RE.
359 3002 428 3025 om.
456 2991 573 3023 Schol.
603 2989 695 3021 Oud.
722 2988 822 3020 Leid.
849 2987 876 3018 Ι.
907 2986 990 3027 (Alii
1016 2987 1116 3018 aliter
1142 2986 1302 3023 turbant,
1341 2985 1435 3016 unde
1462 2985 1496 3014 in
1524 2984 1587 3014 Ed.
1619 2992 1669 3023 pr.
1698 2993 1729 3016 v.
1761 2983 2003 3014 ratiocinatio-

249 3039 350 3071 nibus
375 3043 451 3078 post
476 3047 507 3071 v.
534 3037 654 3069 iisdem
688 3033 966 3072 secluseramus.)
1005 3050 1048 3054 —
1083 3034 1304 3072 praedictum
1343 3030 1484 3062 PART:
1527 3031 1656 3062 dictum
1690 3030 1730 3062 E.
1762 3047 1799 3052 —
1841 3028 1897 3060 14.
1936 3029 1999 3060 Vv.

252 3086 446 3126 periclitari
471 3101 485 3107 -
510 3101 522 3107 -
546 3084 707 3115 videatur
732 3091 801 3114 om.
830 3081 963 3119 PART,
993 3080 1107 3112 Schol.
1136 3079 1230 3111 Oud.
1260 3078 1360 3110 Voss.
1388 3078 1463 3113 11.;
1500 3082 1680 3116 ponuntur
1706 3081 1783 3116 post
1808 3085 1839 3107 v.
1866 3075 2002 3106 demon-

251 3132 364 3163 strari
390 3134 423 3162 in
448 3131 547 3163 Leid.
574 3131 619 3161 11.
672 3129 848 3161 Inculcata
874 3128 1034 3161 videntur
1060 3135 1098 3159 ex
1126 3127 1325 3162 Victorino,
1367 3125 1528 3164 quocirca
1554 3133 1616 3157 nos
1646 3133 1723 3156 cum
1751 3124 1833 3155 Ern.
1861 3123 2002 3153 seclusi-

251 3187 340 3210 mus.
370 3193 408 3200 —
449 3178 503 3208 16.
531 3178 570 3209 de
593 3177 765 3208 similibus
790 3175 870 3206 PR:
899 3173 1123 3205 dissimilibus
1147 3172 1251 3205 ΑΤΕ.
1279 3188 1321 3194 -—
1364 3168 1512 3209 tantum]
1540 3174 1609 3202 tam
1636 3180 1688 3210 pr.
1718 3170 1763 3208 P,
1803 3173 1918 3200 tamen
1941 3168 2001 3199 ΑΤ

253 3229 287 3257 et
312 3233 399 3256 corr.
427 3223 465 3254 P.
509 3223 563 3261 (Ut
589 3233 669 3263 nos,
696 3224 750 3262 R,
786 3221 885 3254 Leid.
913 3221 974 3258 11.)
1005 3236 1050 3242 ——
1093 3218 1150 3251 19.
1184 3220 1228 3250 sit
1253 3218 1419 3257 scriptum
1444 3216 1589 3249 PART:
1631 3217 1800 3255 scriptum
1823 3215 1867 3245 sit
1893 3214 1931 3246 E.
1961 3231 1998 3237 —

251 3272 307 3304 22.
334 3271 526 3301 huiusmodi
549 3270 649 3301 PAT.
678 3287 716 3293 —-
744 3268 801 3300 26.
828 3277 950 3300 NAVEM
975 3266 1085 3298 PAT:
1112 3274 1226 3298 ΝΑνιΜ
1251 3265 1324 3295 ΒΕ.
1348 3280 1386 3286 --
1413 3263 1470 3295 27.
1490 3273 1585 3296 NAVE
1609 3263 1690 3295 AT:
1719 3271 1804 3295 ΝΑνι
1826 3260 1931 3292 PRE.
1959 3277 2001 3284 —
2055 3284 2058 3288 .

252 3318 310 3350 29.
338 3318 493 3348 animum
517 3317 740 3348 adverterunt
764 3314 873 3346 PAT:
901 3315 1222 3346 animadverterunt
1247 3311 1324 3342 RE.
1355 3327 1392 3333 —
1421 3311 1478 3341 30.
1506 3319 1629 3342 navem
1655 3309 1765 3341 PAT:
1791 3308 1911 3339 navim
1926 3307 1999 3338 RE.

256 3382 294 3388 —-
326 3363 549 3403 applicarunt
573 3362 718 3394 PART:
752 3363 1016 3401 applicaverunt
1052 3361 1093 3392 E.
1134 3377 1170 3384 —
1211 3359 1267 3391 35.
1307 3358 1345 3390 in
1377 3357 1535 3399 yladium
1558 3359 1596 3390 in
1620 3357 1704 3388 navi
1728 3355 1857 3388 ibidem
1879 3353 2001 3386 PART

252 3412 395 3452 aliique.
423 3409 479 3451 (Ut
504 3416 592 3448 nos,
620 3408 736 3441 Schol.
764 3409 872 3446 Oud.)
