2117 3762
287 280 366 320 110
943 282 1012 321 DE
1044 282 1371 324 INVENTIONE

283 390 400 426 tuum
430 385 564 425 virum
595 384 735 432 malis,
783 397 833 424 an
863 383 1003 425 illius?
1052 387 1129 426 Hic
1161 389 1310 429 mulier
1339 387 1519 429 erubuit.
1581 389 1648 429 52.
1693 387 1863 441 Aspasia
1905 394 2043 430 autem

285 461 520 488 sermonem
552 461 644 486 cum
674 448 764 499 ipso
797 446 1077 501 Xenophonte
1107 449 1295 490 instituit.
1357 451 1521 499 Quaeso
1544 482 1554 499 ,
1587 449 1745 504 inquit,
1787 452 2038 504 Xenophon,

285 510 318 550 si
349 510 508 550 vicinus
540 515 632 549 tuus
663 522 814 562 equum
845 511 1062 549 meliorem
1093 511 1270 559 habeat,
1305 526 1426 565 quam
1454 518 1546 552 tuus
1570 517 1655 560 est,
1690 518 1860 553 tuumne
1886 527 2038 568 equum

284 571 402 612 malis
422 586 471 612 an
495 571 631 612 illius?
664 572 804 618 Illius,
837 571 984 625 inquit.
1048 571 1182 621 Quid,
1217 574 1249 612 si
1271 572 1443 613 fundum
1470 573 1687 614 meliorem
1708 575 1882 622 habeat,
1916 588 2039 629 quam

253 640 326 674 ⁵tu
356 634 506 682 habes,
527 639 675 673 *utrum
707 634 873 674 tandem
902 633 1075 674 fundum
1106 636 1261 674 habere
1283 637 1427 676 malis?
1459 635 1603 684 Illum,
1636 635 1791 689 inquit,
1823 635 2040 678 meliorem

286 697 454 737 scilicet.
517 696 649 744 Quid,
697 697 729 736 si
761 710 936 738 uxorem
978 698 1194 737 meliorem
1235 697 1409 745 habeat,
1459 712 1580 752 quam
1623 704 1665 738 tu
1702 699 1854 746 habes,
1901 703 2037 738 utram

281 759 425 799 malis?
455 759 586 811 Atque
618 759 685 798 hic
716 758 950 813 Xenophon
982 772 1150 814 quoque
1171 760 1259 811 ipse
1284 759 1422 799 tacuit.
1482 761 1580 800 Post
1601 761 1794 813 Aspasia:
1830 761 2038 809 Quoniam

281 828 453 874 uterque
484 822 688 869 vestrum,
721 822 878 876 inquit,
911 821 952 862 id
985 821 1083 861 mihi
1115 821 1248 861 solum
1280 834 1363 860 non
1393 824 1632 874 respondit,
1668 824 1780 877 quod
1804 836 1881 875 ego
1903 821 2038 863 solum

281 883 424 924 audire
455 883 694 931 volueram,
728 890 895 937 egomet
925 884 1075 931 dicam,
1107 883 1205 938 quid
1236 889 1411 937 uterque
1434 884 1600 937 cogitet.
1662 887 1763 925 Nam
1788 891 1827 925 et
1849 890 1914 933 tn,
1947 898 2038 927 mu-

228 947 377 992 1olier‚
410 944 611 997 optimum
642 946 775 986 virum
806 947 867 987 vis
898 948 1054 987 habere
1082 952 1123 986 et
1144 953 1208 994 tu,
1240 947 1496 998 Xenophon,
1527 960 1701 988 uxorem
1724 949 1878 988 habere
1901 948 2039 988 lectis-

279 1008 422 1048 simam
454 1008 634 1048 maxime
665 1007 742 1048 vis.
806 1010 969 1058 Quare,
1009 1010 1088 1049 nisi
1120 1010 1201 1049 hoc
1231 1007 1514 1061 perfeceritis,
1555 1015 1601 1048 ut
1629 1023 1764 1064 neque
1793 1011 1859 1051 vir
1888 1011 2039 1051 melior

277 1083 411 1125 neque
441 1068 595 1110 semina
624 1071 771 1111 lectior
799 1072 840 1112 in
872 1073 992 1112 terris
1024 1073 1096 1120 sit,
1150 1073 1339 1126 profecto
1373 1083 1538 1124 semper
1566 1071 1633 1119 id,
1681 1072 1794 1127 quod
1833 1073 2036 1126 optimum

276 1133 472 1185 putabitis
515 1145 626 1178 esse,
676 1133 807 1174 multo
852 1136 1032 1175 maxime
1078 1135 1320 1189 requiretis,
1372 1138 1417 1173 ut
1454 1138 1494 1173 et
1536 1139 1579 1173 tu
1615 1135 1785 1175 maritus
1826 1135 1881 1176 sis
1912 1148 2036 1190 quam

277 1194 457 1249 optimae
488 1200 528 1235 et
556 1196 662 1235 haec
693 1209 815 1250 quam
848 1197 1007 1249 optimo
1038 1199 1128 1238 viro
1159 1202 1287 1252 nupta
1316 1195 1381 1236 sit.
1444 1194 1522 1235 Hic
1562 1209 1655 1236 cum
1691 1198 1818 1237 rebus
1848 1212 1932 1238 non
1963 1200 2038 1239 du-

224 1258 355 1299 15biis
387 1263 499 1299 esset
528 1271 765 1307 assensum,
814 1257 966 1299 factum
1003 1265 1065 1299 est
1094 1265 1266 1314 propter
1295 1258 1632 1306 similitudinem,
1679 1264 1725 1298 ut
1753 1259 1876 1300 etiam
1908 1260 2034 1309 illud,

275 1321 386 1375 quod
416 1319 588 1360 dubium
618 1321 859 1369 videbatur,
894 1322 928 1361 si
960 1322 1052 1375 quis
1083 1322 1303 1376 separatim
1337 1325 1580 1374 quaereret,
1613 1321 1656 1360 id
1689 1334 1764 1373 pro
1795 1327 1908 1362 certo
1938 1336 2038 1375 pro-

272 1390 364 1438 pter
392 1383 594 1424 rationem
625 1383 801 1437 rogandi
832 1386 1146 1425 concederetur.
1206 1387 1272 1425 53.
1307 1385 1398 1423 Hoc
1428 1381 1553 1423 modo
1585 1383 1788 1423 sermonis
1809 1384 2036 1436 plurimum

273 1449 466 1487 Socrates
496 1460 595 1486 usus
626 1453 712 1493 est,
758 1453 980 1500 propterea
1020 1448 1133 1501 quod
1171 1446 1274 1486 nihil
1312 1446 1401 1499 ipse
1431 1444 1581 1486 afferre
1612 1448 1662 1485 ad
1694 1447 2036 1498 persuadendum

270 1510 459 1555 volebat,
504 1510 576 1548 sed
608 1522 660 1548 ex
691 1521 765 1556 eo,
808 1510 918 1563 quod
951 1509 1030 1549 sihi
1060 1509 1129 1549 ille
1161 1510 1352 1556 dederat,
1387 1507 1554 1562 quicum
1585 1508 1843 1562 disputabat,
1879 1508 2035 1563 aliquid

222 1583 256 1608 20
273 1570 476 1612 conficere
507 1570 711 1620 malebat,
755 1574 866 1626 quod
898 1571 965 1612 ille
998 1585 1050 1612 exi
1081 1585 1156 1620 eo,
1205 1573 1317 1627 quod
1347 1569 1429 1610 iarn
1460 1570 1753 1619 concessisset,
1798 1572 2034 1612 necessario

270 1636 505 1688 approbare
537 1636 723 1675 deberet.
785 1636 960 1674 XXXII.
1006 1636 1096 1674 Hoc
1135 1634 1177 1674 in
1218 1647 1370 1688 genere
1400 1634 1740 1687 praecipiendum
1769 1635 1891 1674 nobis
1922 1632 2036 1675 vide-

269 1703 338 1738 tur
366 1698 570 1750 primum,
605 1701 650 1736 ut
679 1696 800 1744 illud,
836 1696 948 1750 quod
978 1696 1221 1738 inducemus
1252 1710 1327 1751 per
1358 1694 1692 1743 similitudinem,
1727 1694 1931 1737 eiusmodi
1961 1695 2032 1743 sit,

270 1765 316 1800 ut
346 1761 399 1800 sit
428 1773 599 1800 necesse
641 1758 829 1799 concedi.
892 1761 995 1799 Nam
1035 1773 1086 1799 ex
1124 1774 1206 1814 quo
1247 1758 1550 1814 postulabimus
1586 1758 1708 1798 nobis
1747 1757 1870 1806 illud,
1922 1759 2034 1812 quod

271 1823 445 1863 dubium
485 1823 560 1870 sit,
609 1823 805 1869 concedi,
851 1821 1023 1862 dubium
1062 1836 1152 1863 esse
1193 1821 1235 1862 id
1278 1821 1412 1875 ipsum
1458 1834 1543 1862 non
1589 1823 1814 1874 oportebit.
1875 1823 2033 1863 Deinde

220 1902 254 1926 25
269 1886 397 1933 illud,
431 1885 547 1926 cuius
578 1884 849 1926 confirmandi
880 1899 1000 1926 causa
1031 1883 1101 1925 fiet
1131 1883 1339 1932 inductio,
1372 1883 1598 1924 videndum
1630 1890 1710 1931 est,
1746 1890 1792 1924 ut
1821 1883 1954 1925 simile
1983 1885 2033 1925 iis

269 1950 396 1989 rebus
437 1949 510 1996 sit,
557 1962 659 2002 quas
697 1961 763 1988 res
807 1947 923 2003 quasi
954 1961 1037 1988 non
1068 1948 1214 1987 dubias
1249 1951 1343 1986 ante
1382 1945 1687 1986 induxerimus:
1737 1944 1845 1999 (nam
1875 1946 2032 2001 aliquid

269 2017 361 2051 ante
393 2024 634 2051 concessum
666 2011 788 2051 nobis
819 2024 909 2050 esse
940 2010 1038 2050 nihil
1070 2009 1279 2062 proderit,
1324 2007 1358 2048 si
1389 2008 1427 2048 ei
1459 2009 1659 2049 dissimile
1691 2009 1770 2048 erit
1800 2009 1866 2057 id,
1914 2009 2031 2049 cuius

269 2089 392 2117 causa
430 2072 534 2114 illud
574 2072 748 2113 concedi
793 2073 972 2125 primum
1013 2068 1307 2122 voluerimus3)
1355 2068 1503 2110 deinde
1548 2084 1631 2110 non
1676 2070 1898 2125 intelligat,
1947 2084 2029 2125 quo

268 2144 454 2194 spectent
489 2135 583 2176 illae
622 2137 783 2190 primae
820 2135 1084 2176 inductiones
1124 2140 1164 2175 et
1201 2132 1253 2174 ad
1285 2146 1408 2187 quem
1439 2133 1521 2172 sint
1550 2134 1706 2173 exitum
1737 2138 2027 2186 perventurae.

219 2215 255 2241 so
270 2205 335 2243 54.
366 2202 468 2240 Nam
500 2199 571 2253 qui
600 2199 732 2246 videt,
785 2199 818 2238 si
849 2198 887 2238 ei
917 2199 1000 2245 rei,
1049 2210 1172 2252 quam
1210 2196 1346 2249 primo
1383 2200 1579 2248 rogetur,
1627 2200 1741 2236 recte
1781 2197 2027 2245 assenserit,

267 2263 380 2305 illam
412 2275 577 2317 quoque
607 2274 717 2308 rem,
766 2274 871 2315 quae
903 2261 983 2300 sibi
1013 2259 1254 2314 displiceat,
1303 2272 1392 2299 esse
1423 2259 1658 2299 necessario
1692 2257 2027 2307 concedendam,

267 2326 516 2381 plerumque
547 2328 617 2364 aut
645 2337 729 2364 non
759 2324 1052 2375 respondendo
1084 2328 1154 2362 aut
1182 2323 1290 2362 male
1321 2320 1611 2375 respondendo
1642 2323 2030 2375 longius'rogatio-

267 2404 363 2432 nem
405 2388 634 2444 procedere
673 2398 760 2426 non
803 2385 912 2426 sinit.
949 2385 1113 2433 *Quare
1148 2385 1309 2425 ratione
1340 2383 1569 2437 rogationis
1598 2384 1840 2438 imprudens
1871 2382 1923 2424 ab
1954 2397 2027 2432 eo,

268 2453 381 2508 quod
426 2449 654 2497 concessit,
704 2449 755 2488 ad
799 2449 866 2495 id,
914 2448 1026 2502 quod
1068 2461 1154 2487 non
1198 2446 1285 2487 vult
1328 2447 1580 2494 concedere,
1632 2445 1900 2487 deducendus
1948 2452 2023 2486 est.

217 2528 252 2554 as
267 2517 508 2557 Extremum
546 2517 684 2553 autem
725 2515 796 2551 aut
830 2515 1013 2550 taceatur
1051 2514 1217 2562 oportet
1251 2514 1322 2549 aut
1351 2510 1602 2550 concedatur
1631 2514 1702 2549 aut
1729 2513 1921 2562 negetur.
1984 2509 2027 2549 Si

266 2576 508 2632 negabitur,
552 2580 623 2616 aut
652 2574 907 2615 ostendenda
937 2571 1162 2613 similitudo
1195 2577 1256 2612 est
1285 2584 1427 2611 earum
1457 2584 1624 2620 rerum,
1667 2585 1772 2626 quae
1803 2578 1897 2612 ante
1929 2585 2028 2611 con-

267 2654 406 2683 cessae
437 2643 556 2687 sunt,
597 2642 666 2678 aut
695 2636 775 2677 alia
804 2637 1003 2677 utendum
1034 2634 1289 2675 inductione.
1352 2635 1394 2675 Si
1425 2636 1699 2682 concedetur,
1741 2633 2027 2674 concludenda

268 2711 328 2746 est
357 2701 678 2757 argumentatio.
741 2698 784 2740 Si
823 2699 1050 2746 tacebitur,
1098 2702 1167 2737 aut
1206 2695 1405 2738 elicienda
1442 2698 1656 2752 responsio
1689 2701 1751 2737 est
1779 2702 1873 2745 aut,
1922 2709 2026 2752 quo-

265 2768 376 2807 niam
406 2764 664 2806 taciturnitas
693 2763 876 2803 imitatur
906 2761 1233 2808 confessionem,
1285 2773 1361 2812 pro
1398 2772 1473 2807 eo,
1521 2772 1568 2800 ac
1604 2759 1637 2799 si
1675 2772 1920 2798 concessum
1949 2757 2023 2804 sit,

217 2847 253 2873 40
267 2828 516 2870 concludere
557 2826 768 2880 oportebit
798 2823 1213 2878 argumentationem.
1275 2823 1333 2862 Ita
1363 2820 1408 2862 fit
1437 2821 1516 2868 hoc
1547 2835 1676 2875 genus
1707 2821 2022 2875 argumentandi

359 2961 392 2992 2.
433 2967 624 2992 sermonem
658 2965 734 2988 cum
764 2957 841 2997 ipso
867 2954 1089 2994 Xenophonte
1115 2953 1255 2991 PART,
1283 2953 1330 2984 L:
1377 2962 1452 2984 cum
1485 2952 1560 2992 ipso
1586 2952 1811 2992 Xenophonte
1835 2961 2023 2985 sermonem

268 3007 309 3040 E.
340 3025 377 3030 —
404 3007 439 3038 [ι.
467 3017 514 3038 an
538 3006 632 3037 illius
655 3004 758 3035 malis
782 3003 854 3034 AT.
885 3020 925 3025 —
952 3002 985 3033 6.
1012 2999 1145 3040 utram]
1172 3005 1290 3031 utrum
1315 2999 1408 3030 illius
1434 2999 1597 3031 VPART.
1639 3000 1697 3039 (Ut
1721 3009 1783 3032 nos
1800 3023 1809 3038 ‚
1837 3006 1908 3040 opt.
1937 3000 2022 3031 Gro-

267 3057 380 3091 mvii,
406 3054 505 3086 Leid.
535 3053 562 3083 1.
590 3050 653 3091 ll.)
682 3068 722 3073 —-
762 3051 817 3081 10.
847 3050 899 3080 vis
926 3049 1012 3080 VPA
1039 3053 1072 3080 et
1098 3056 1151 3086 pr.
1180 3048 1233 3078 T:
1276 3047 1386 3077 mavis
1412 3046 1438 3077 E
1474 3054 1553 3077 cum
1579 3046 1609 3078 R
1636 3052 1669 3079 et
1694 3055 1781 3079 corr.
1810 3046 1851 3078 T.
1889 3063 1927 3070 -
1961 3046 2018 3077 12.

266 3109 396 3140 semper
421 3101 456 3131 id
481 3099 623 3131 PART:
659 3099 695 3129 id
719 3105 849 3137 semper
874 3096 914 3127 E.
940 3112 984 3117 —-
1027 3095 1082 3126 16.
1110 3094 1284 3125 videretur
1309 3093 1335 3123 P
1364 3098 1398 3123 et
1424 3101 1475 3132 pr.
1504 3093 1544 3124 T.
1574 3109 1614 3115 -
1642 3094 1698 3125 17.
1727 3094 1887 3125 Socrates
1908 3092 2020 3133 pluri-

266 3157 360 3179 mum
386 3147 457 3178 AT.
507 3146 551 3177 Ut
576 3155 658 3182 nos,
688 3145 790 3176 VPR.
820 3161 858 3167 —
886 3142 942 3174 19.
969 3142 1027 3173 ille
1051 3141 1116 3172 sibi
1139 3140 1247 3171 ΛΒΤ.
1279 3156 1320 3161 -
1358 3139 1415 3171 26.
1443 3139 1578 3180 ahquid
1601 3144 1680 3172 ante
1704 3149 1900 3172 concessum
1922 3139 2022 3171 nobis

266 3194 409 3226 PART:
436 3196 518 3224 ante
544 3191 678 3233 aliquid
702 3192 800 3223 nobis
825 3198 1018 3222 concessum
1037 3188 1076 3219 E.
1100 3204 1135 3210 —
1165 3187 1222 3218 28.
1252 3186 1400 3226 intelliyz·
1426 3195 1493 3226 quo
1523 3187 1602 3224 AT,
1630 3188 1806 3228 intelliyat
1827 3188 1857 3217 is
1880 3187 2020 3227 quicum

268 3242 421 3282 aqimuS,
458 3248 523 3279 quo
545 3248 620 3270 cum
650 3243 818 3278 quattuor
846 3237 955 3269 Codd.
988 3235 1096 3270 Sch.;
1124 3235 1205 3265 item
1232 3241 1321 3264 corr.
1351 3233 1398 3270 P,
1424 3234 1484 3265 sed
1510 3239 1670 3272 corrupte
1694 3233 1856 3274 intelliyis
1882 3242 1942 3273 pro
1967 3234 2019 3264 in-

266 3288 399 3329 telligat
416 3287 468 3324 is;
495 3286 709 3326 intelliyatur
734 3294 801 3326 quo
818 3284 938 3316 Lamb.
951 3308 959 3319 ,
990 3282 1081 3321 quod
1102 3281 1222 3319 probat
1242 3280 1324 3311 ΕΠ).
1352 3279 1395 3310 Ut
1413 3288 1474 3311 nos
1488 3304 1496 3318 ,
1524 3281 1554 3312 R
1573 3285 1606 3312 et
1624 3289 1675 3320 pr.
1694 3280 1734 3311 P.
1753 3296 1797 3301 —-
1822 3278 1883 3310 30.
1899 3279 2017 3319 quam]

266 3342 357 3376 quae
373 3334 415 3364 R.
438 3348 477 3354 -
505 3332 561 3363 32.
587 3334 806 3372 rogationem
826 3331 1010 3370 procedere
1036 3328 1175 3360 PART:
1200 3328 1382 3366 procedere
1404 3329 1623 3368 royationem
1648 3327 1688 3358 E.
1710 3342 1750 3349 —
1775 3325 1830 3357 36.
1858 3327 2019 3358 similitu-

267 3382 311 3413 do
338 3385 386 3413 est
411 3379 556 3411 PART:
583 3384 631 3411 est
656 3379 843 3411 similitudo
860 3379 900 3410 E.
920 3393 962 3400 —-
989 3376 1045 3409 38.
1072 3376 1248 3414 responsio
1275 3378 1325 3407 esc
1348 3373 1425 3412 PT,
1452 3374 1500 3407 Le
1527 3378 1576 3409 est
1599 3373 1777 3414 responsio
1799 3373 1902 3406 ΑΒΕ.
