2117 3762
680 266 778 305 LlB.
813 264 880 305 lv,
943 265 984 307 C.
1016 266 1083 307 52.
1115 265 1179 307 53.
1211 267 1276 308 54.
1795 272 1847 312 85

98 372 271 415 formata
318 376 357 413 et
397 371 434 413 ei
474 370 606 413 oratio
642 371 880 412 attribuitur
915 371 963 412 ad
1005 372 1244 423 dignitatem
1282 375 1591 415 accommodata
1632 380 1701 416 aut
1740 376 1846 418 actio

98 436 319 491 quaedam,
354 436 429 475 hoc
458 440 605 489 pacto:
642 434 797 482 Quodsi
830 448 936 475 nunc
967 436 1068 475 hacc
1098 435 1196 478 urbs
1226 437 1493 478 invictissima
1523 450 1666 479 vocem
1699 439 1845 486 mittat,

97 511 180 539 non
219 499 296 538 hoc
334 503 453 552 pacto
492 498 718 550 loquatur?
768 499 855 550 Ego
886 497 951 537 illa
985 498 1171 551 plurimis
1203 499 1382 554 tropaeis
1413 505 1580 547 ornata,
1630 499 1846 553 triumphis

97 562 220 602 ditata
251 559 513 607 certissimis,
560 557 796 599 clarissimis
827 559 1072 612 locupletata
1103 561 1286 602 victoriis
1318 576 1425 602 nunc.
1456 561 1603 602 vestris
1634 562 1847 603 seditioni-

95 625 194 671 hus,
241 636 266 664 o
298 622 431 669 cives,
479 634 639 670 vexor;
688 635 808 676 quam
841 622 945 663 ‹lolis
977 624 1177 664 malitiosa
1211 626 1416 675 Karthago
1438 656 1448 671 ,
1487 623 1644 665 viribus
1673 626 1876 679 probatas

95 685 341 732 Numantia,
388 682 611 738 disciplinis
656 683 815 724 erudita
858 684 1078 726 Corinthus
1123 685 1368 727 labefactare
1415 700 1496 728 non
1540 686 1697 742 potuit,
1756 700 1846 729 eam

94 749 279 805 patimini
310 761 416 789 nunc
446 745 496 787 ab
528 745 787 787 homunculis
818 747 1052 789 deterrimis
1082 748 1241 800 proteri
1271 755 1393 804 atque
1424 749 1685 790 conculcari?
1717 751 1842 790 Item:

95 813 253 862 Quodsi
295 824 402 851 nunc
441 812 486 850 L.
521 808 588 849 ille
619 811 768 850 Brutus
805 811 1023 851 reviviscat
1062 816 1102 850 et
1139 812 1206 850 hic
1244 818 1336 851 ante
1375 813 1500 864 pedes
1540 817 1699 853 vestros
1728 813 1846 860 adsit,

93 888 177 915 non
215 876 290 915 hac
334 878 469 913 utatur
511 872 734 912 oratione?
783 874 870 927 Ego
913 887 1030 926 reges
1061 872 1193 921 eieci,
1227 886 1300 914 vos
1333 880 1527 927 tyrannos
1559 874 1842 924 introduciti53

93 949 170 990 ego
200 938 435 977 libertatem
455 967 464 982 ,
500 948 605 990 quae
637 948 717 975 nou
752 941 867 981 erat,
898 936 1064 990 peperi,
1098 948 1171 976 vos
1207 943 1365 988 partam
1396 951 1563 977 servare
1595 950 1676 978 non
1698 937 1894 988 vultis31o

91 1013 168 1053 ego
200 998 343 1052 capitis
375 999 456 1039 mei
487 999 673 1050 periculo
705 998 878 1052 patriam
910 996 1107 1045 liberavi,
1156 1011 1229 1037 vos
1262 996 1380 1038 liberi
1411 1000 1498 1039 sine
1530 1000 1715 1054 periculo
1754 1013 1844 1040 esse

92 1074 175 1101 non
197 1060 382 1102 curatis?
423 1062 534 1101 Haec
557 1058 851 1105 conformatio,
882 1059 980 1100 licet
1010 1061 1051 1100 in
1083 1059 1222 1112 plures
1254 1074 1319 1101 res
1341 1067 1472 1102 mutas
1493 1068 1615 1116 atque
1646 1061 1844 1103 inanimas

91 1122 387 1171 transferatur,
437 1122 597 1178 prolicit
644 1122 867 1178 plurimum
913 1121 956 1162 in
1001 1122 1327 1177 amplificationis
1367 1122 1550 1179 partibus
1594 1130 1633 1166 et
1675 1124 1845 1167 commi-

90 1187 310 1227 seratione.

202 1251 268 1289 67.
319 1246 571 1301 Significatio
611 1252 672 1287 est
710 1260 801 1295 res,
849 1260 954 1302 quae
994 1248 1085 1302 plus
1122 1248 1165 1288 in
1203 1247 1437 1303 suspicione
1469 1248 1681 1303 relinquit,
1720 1263 1892 1304 quam15

88 1311 269 1366 positum
299 1317 360 1352 est
390 1311 431 1350 in
462 1312 662 1351 oratione.
723 1311 781 1349 Ea
811 1307 854 1350 fit
884 1322 959 1364 per
990 1310 1373 1364 exsuperationem‚
1407 1311 1667 1364 ambiguum,
1699 1325 1845 1353 conse-

88 1374 319 1430 quentiam,
352 1372 649 1420 abscisionem,
698 1370 1018 1413 similitudinem.
1080 1373 1159 1413 Per
1199 1373 1581 1428 exsuperationem,
1628 1388 1721 1414 cum
1750 1376 1842 1428 plus

88 1444 150 1479 est
180 1436 334 1478 dictum
354 1468 364 1484 ,
399 1449 520 1491 quam
550 1434 704 1490 patitur
734 1436 884 1477 veritas
904 1467 914 1483 ,
947 1436 1159 1489 augendae
1191 1435 1437 1489 suspicionis
1468 1449 1610 1484 causa,
1645 1436 1731 1477 sic:
1765 1437 1843 1479 Hic

88 1502 138 1541 de
168 1506 280 1541 tanto
304 1498 556 1553 patrimonio
586 1504 668 1539 tam
699 1497 780 1539 cito
810 1503 979 1545 testam,
1013 1511 1093 1553 qua
1123 1496 1202 1539 sibi
1223 1504 1335 1551 petat
1354 1498 1491 1553 ignem
1510 1531 1521 1547 ,
1554 1512 1639 1541 non
1660 1500 1838 1556 reliquit.

87 1565 167 1605 Per
196 1561 458 1616 ambiguum,
504 1575 597 1602 eum
640 1563 816 1602 verbum
854 1566 991 1617 potest
1021 1562 1061 1601 in
1092 1560 1192 1602 duas
1222 1562 1417 1614 pluresve
1446 1563 1668 1603 sententias
1698 1564 1839 1619 accipi,
1856 1582 1891 1607 πο

86 1624 159 1667 sed
199 1625 397 1680 accipitur
437 1625 478 1666 in
521 1638 611 1665 eam
647 1630 829 1679 partem,
882 1637 1005 1678 quam
1045 1623 1131 1664 vult
1169 1623 1227 1671 is,
1280 1623 1351 1678 qui
1391 1622 1514 1674 dixit;
1561 1631 1607 1666 ut
1646 1628 1696 1667 de
1726 1639 1775 1667 eo
1806 1627 1842 1668 si

87 1689 220 1737 dicas,
252 1688 322 1744 qui
351 1687 498 1728 multas
528 1686 776 1728 hereditates
806 1685 978 1727 adierit:
1013 1685 1207 1741 Prospice
1239 1691 1302 1733 tu,
1336 1689 1404 1742 qui
1436 1687 1663 1740 plurimum
1693 1689 1840 1731 cernis.

85 1753 187 1792 LIV.
241 1749 444 1803 Ambigua
485 1748 832 1805 quemadmodum
876 1748 1041 1789 vitanda
1085 1755 1202 1795 sunt,
1256 1763 1361 1803 quae
1401 1752 1621 1792 obscuram
1663 1753 1841 1793 reddunt

85 1813 334 1860 orationem,
365 1813 463 1854 item
492 1815 593 1853 haec
624 1809 937 1866 consequenda,
981 1824 1085 1865 quae
1115 1810 1336 1853 conficiunt
1365 1810 1600 1854 huiusmodi
1637 1813 1840 1867 significa-

83 1876 252 1933 tionem.
309 1877 369 1916 Ea
409 1875 671 1930 reperientur
708 1873 843 1919 facile,
889 1873 923 1914 si
965 1873 1203 1915 noverimus
1241 1873 1500 1916 et'animum
1538 1877 1837 1918 adverterimus
1852 1894 1887 1919 25

83 1937 310 1980 verborum
340 1937 536 1992 ancipites
567 1943 636 1978 aut
664 1935 908 1990 multiplices
938 1941 1174 1991 potestates.
1242 1939 1322 1978 Per
1351 1937 1685 1991 consequentiam
1715 1939 1838 1993 signi-

82 2000 218 2043 ficatio
247 2000 315 2049 fit,
350 2014 441 2041 cum
472 2013 561 2047 res,
605 2012 709 2054 quae
740 2005 965 2053 sequantur
995 1998 1173 2053 aliquam
1203 2012 1313 2047 rem,
1355 1998 1566 2047 dicuntur,
1607 2014 1659 2042 ex
1691 2001 1839 2055 quibus

82 2071 167 2106 tota
195 2078 263 2106 res
292 2063 542 2118 relinquitur
571 2061 614 2103 in
644 2060 905 2116 suspicione3
937 2067 984 2102 ut
1013 2061 1047 2102 si
1069 2061 1369 2103 salsamentarii
1389 2060 1474 2103 filio
1496 2061 1628 2104 dieas:
1664 2064 1839 2113 Quiesce

82 2134 147 2175 tu,
195 2127 310 2168 cuius
353 2131 471 2180 pater
513 2123 663 2166 cubitis
713 2123 878 2177 emungi
928 2122 1098 2165 solebat.
1180 2125 1260 2166 Per
1299 2123 1593 2174 abscisionem,
1639 2129 1698 2176 si,
1745 2141 1838 2170 cum

82 2189 299 2245 incipimus
329 2187 484 2243 aliquid
505 2187 664 2233 dicere,
710 2187 986 2241 praecidimus
1018 2192 1057 2227 et
1087 2199 1141 2228 ex
1171 2199 1241 2235 eo,
1273 2186 1384 2241 quod
1410 2187 1491 2229 iam
1512 2188 1710 2237 diximus,
1743 2190 1837 2232 satis
1851 2207 1886 2232 30

81 2251 332 2306 relinquitur
374 2249 642 2305 suspicionis,
695 2248 775 2290 sic:
839 2248 920 2299 Qui
958 2248 1035 2290 ista
1079 2248 1213 2290 forma
1254 2255 1293 2290 et
1335 2255 1466 2291 aetate
1510 2264 1640 2306 nuper
1681 2251 1837 2294 alienae

83 2315 225 2357 domui
257 2346 266 2355 .
303 2346 313 2355 .
351 2345 360 2355 .
394 2314 490 2355 nolo
520 2312 640 2366 plura
672 2312 822 2353 dicere.
880 2314 960 2353 Per
988 2311 1322 2361 similitudinem,
1356 2326 1449 2355 cum
1479 2312 1615 2368 aliqua
1644 2327 1690 2355 re
1715 2314 1837 2357 simili

82 2378 200 2419 allata
245 2376 346 2418 nihil
391 2375 565 2432 amplius
605 2374 801 2423 dicimus,
842 2377 914 2416 sed
945 2388 998 2416 ex
1029 2388 1077 2416 ea
1117 2373 1413 2428 significamus,
1458 2375 1557 2430 quid
1595 2377 1832 2426 sentiamus,

81 2443 162 2482 hoc
181 2439 331 2482 modo:
365 2439 480 2487 Noli,
513 2438 755 2486 Saturnine,
789 2436 961 2478 nimium
992 2436 1133 2492 populi
1155 2437 1387 2478 reverentia
1416 2438 1546 2479 fretus
1568 2451 1683 2480 esse:
1718 2438 1834 2480 inulti

80 2503 215 2545 iacent
254 2503 441 2545 Gracchi.
519 2503 632 2542 Ilaec
663 2499 881 2541 exornatio
911 2499 1132 2555 plurimum
1163 2498 1393 2542 festivitatis
1431 2499 1579 2547 habet,
1629 2500 1832 2543 interdum
1847 2519 1881 2545 ³5

82 2571 122 2607 et
151 2564 356 2619 dignitatis
374 2581 384 2615 ;
417 2564 513 2606 sinit
533 2563 642 2605 enim
666 2561 860 2617 quiddam
881 2561 1002 2603 tacito
1024 2567 1191 2604 oratore
1212 2561 1346 2617 ipsum
1367 2562 1599 2605 auditorem
1621 2563 1831 2618 suspicari.

195 2629 261 2670 68.
307 2630 492 2670 Brevitas
534 2633 595 2668 est
632 2639 699 2667 res
735 2624 837 2679 ipsis
874 2627 1160 2666 tantummodo
1191 2623 1328 2666 verbis
1359 2625 1600 2668 necessariis
1630 2625 1830 2681 expedita,

172 2760 206 2793 2.
234 2763 368 2793 emittat
403 2761 535 2793 AFRT.
586 2760 630 2791 Ut
662 2768 743 2796 nos,
781 2758 850 2790 PB.
881 2773 920 2780 —-
961 2758 994 2789 5.
1021 2759 1166 2798 prolata
1191 2759 1230 2790 B.
1282 2757 1392 2797 (Unde
1431 2759 1574 2791 robusta
1606 2761 1830 2797 assumpserit

81 2807 226 2844 Lamb..
255 2817 322 2840 non
349 2809 470 2848 liquet.
522 2807 712 2838 Arbitraria
740 2805 877 2837 videtur
903 2803 1013 2845 coni.)
1040 2821 1079 2827 —
1105 2806 1139 2836 7.
1161 2807 1327 2846 patimini
1346 2806 1489 2837 PABFR
1509 2811 1541 2838 et
1567 2814 1685 2836 omnes
1711 2807 1827 2837 oud:

77 2856 261 2896 patiemini
280 2855 317 2886 E.
345 2855 513 2895 (patinam
531 2858 691 2893 corrupte
711 2852 768 2888 T.)
790 2868 828 2874 —
857 2851 911 2882 12.
930 2852 1146 2883 inanimatas
1166 2854 1269 2884 ABR.
1297 2853 1338 2884 Ut
1354 2862 1433 2890 nos,
1463 2852 1587 2883 PFTE.
1617 2851 1685 2883 Cfr.
1715 2851 1754 2884 C.
1771 2853 1829 2884 48.

85 2918 122 2924 -
152 2902 206 2933 13.
231 2901 371 2943 proficit
397 2902 422 2932 B
449 2907 483 2933 et
510 2906 646 2940 praeter
673 2908 782 2931 uuum
810 2898 920 2929 Codd.
950 2898 1065 2929 Oud.:
1093 2899 1151 2930 sed
1171 2900 1310 2941 proficit
1336 2900 1361 2930 P
1387 2900 1535 2938 aliique,
1564 2902 1677 2930 tamen
1692 2899 1834 2940 proficit

80 2947 191 2987 FRT,
208 2948 346 2989 proficit
365 2951 478 2979 tamen
494 2949 564 2980 ΑΕ.
587 2964 625 2971 -
646 2948 700 2981 15.
723 2950 770 2977 est
786 2954 837 2976 res
853 2953 938 2986 quae
957 2945 1144 2981 PABFRT,
1165 2946 1292 2985 aliique
1310 2947 1465 2984 plurimi,
1486 2949 1521 2976 ut
1539 2942 1574 2984 §-
1591 2944 1655 2976 68:
1684 2945 1832 2978 brevitas

81 2999 129 3027 est
147 3003 201 3026 res
216 3004 324 3035 quae:
345 2999 392 3026 est
405 3004 490 3035 quae
511 2996 550 3025 E.
565 3013 604 3017 —
623 2994 678 3026 16.
699 2993 997 3032 exsuperationem
1010 2991 1208 3024 PABFRT:
1229 2993 1507 3025 exuberationem
1525 2999 1600 3022 cum
1615 2991 1763 3025 Grutero
1779 2993 1830 3025 bis

81 3041 120 3073 E.
135 3056 176 3064 -
196 3042 252 3072 17.
272 3042 497 3073 abscisionem
514 3041 671 3079 PABFT,
693 3043 772 3072 item
793 3038 877 3070 infra
899 3039 936 3070 C.
952 3038 1008 3070 54.
1033 3038 1166 3074 Placet,
1194 3046 1336 3079 propter
1350 3050 1379 3072 v.
1404 3039 1471 3070 illic
1489 3038 1712 3070 subiunctum
1730 3048 1831 3078 prae-

82 3088 250 3119 cidamus.
273 3088 342 3119 crr.
364 3091 464 3120 etiam
484 3087 582 3121 Parei
605 3090 683 3120 Lex.
703 3089 777 3119 crit.
799 3095 832 3125 p.
852 3087 930 3117 11.:
962 3085 1201 3117 abscissionem
1215 3086 1287 3118 RE.
1306 3103 1343 3109 —
1374 3086 1428 3118 18.
1447 3088 1492 3116 est
1517 3084 1642 3116 dictum
1658 3085 1827 3120 PAFRT:

80 3136 208 3166 dictum
227 3140 273 3166 est
293 3135 361 3166 BE.
384 3151 421 3158 --
451 3134 506 3165 24.
526 3136 607 3166 item
624 3135 677 3166 PF
696 3139 730 3166 et
756 3141 806 3173 pr.
826 3133 876 3163 A:
904 3134 956 3163 ita
974 3131 1093 3163 BRTE
1114 3137 1147 3164 et
1165 3141 1252 3164 corr.
1276 3133 1317 3163 A.
1339 3149 1377 3154 —
1404 3133 1460 3163 25.
1488 3135 1519 3164 et
1535 3133 1692 3163 animum
1709 3134 1830 3166 adver-

81 3184 221 3213 terimus
241 3181 265 3212 P
282 3192 290 3214 :
317 3185 348 3214 et
370 3182 415 3212 ad
433 3182 587 3212 animum
606 3181 855 3212 adverterimus
873 3179 898 3209 A
915 3201 923 3216 ,
943 3182 973 3210 et
992 3179 1039 3208 ad
1054 3180 1400 3211 animadverterimus
1418 3179 1461 3215 F,
1487 3182 1518 3210 et
1542 3180 1829 3212 animadverteri-

79 3237 155 3260 mus
171 3228 302 3260 BRTE.
325 3245 361 3251 —
391 3227 447 3258 27.
467 3225 518 3268 fit]
539 3233 585 3259 cst
602 3228 696 3259 PFT.
714 3244 750 3250 —
771 3229 961 3266 sequantur
976 3225 1108 3262 PBRT,
1128 3225 1222 3256 Em:
1248 3230 1437 3265 sequuntur
1452 3225 1551 3257 ΑΒΕ.
1575 3243 1613 3249 -
1633 3226 1690 3258 29.
1706 3227 1829 3260 cubicis

81 3276 218 3317 emunyi
237 3268 330 3312 Ere,
358 3274 487 3306 Cauch.
510 3279 543 3306 et
561 3283 649 3305 corr.
671 3274 715 3305 P:
743 3272 847 3304 cubiti
863 3272 996 3311 semuyi
1013 3273 1091 3307 (sic)
1108 3279 1157 3309 pr.
1178 3271 1223 3309 P,
1251 3272 1362 3303 cubito
1388 3281 1422 3304 se
1439 3280 1616 3313 emunyere
1634 3273 1824 3307 ABFRTE.

83 3337 122 3344 --
138 3321 193 3353 30.
213 3323 404 3361 incepimus
422 3331 497 3352 cum
514 3322 610 3352 Voss.
631 3321 693 3351 ΙΙΙ.
715 3319 793 3351 Seh.
809 3341 817 3354 ,
843 3319 1042 3357 incipiemus
1061 3318 1086 3349 B
1104 3318 1245 3357 aliique.
1269 3335 1306 3341 —
1323 3320 1563 3357 praecidamus
1580 3319 1766 3351 PABFRT.
1785 3338 1821 3344 —

81 3366 136 3399 32.
165 3367 257 3400 domi
282 3369 360 3409 BR,
390 3369 484 3407 Erss,
511 3368 549 3400 L.
578 3383 620 3388 —
658 3366 714 3400 34.
741 3367 937 3398 reverentia
961 3364 1074 3396 PBFT
1101 3367 1135 3396 et
1160 3373 1211 3404 pr.
1231 3365 1280 3396 A:
1307 3364 1505 3408 frequentia
1529 3366 1588 3398 RE
1615 3370 1649 3399 et
1675 3374 1759 3399 corr.
1779 3367 1822 3399 A.
