2117 3762
222 261 305 302 302
915 260 984 299 DE
1017 259 1265 303 ORATORE

223 381 328 422 quae
358 365 525 422 quidem
555 370 601 407 ut
628 365 738 418 apud
769 364 949 405 Graecos
978 365 1211 406 Atticorum
1241 367 1300 408 sic
1327 366 1369 407 in
1395 363 1540 406 Latino
1560 377 1751 406 sermone
1773 363 1894 407 huius
1916 369 1978 406 est

221 431 335 472 urbis
364 431 542 471 maxime
570 428 756 482 propria.
818 426 886 466 43.
919 427 1091 467 Athenis
1120 427 1202 468 iam
1232 428 1303 469 diu
1333 426 1520 469 doctrina
1546 425 1733 480 ipsorum
1755 427 1982 468 Athenien-

223 493 329 534 sium
359 491 535 541 interiit;
566 488 821 530 domicilium
853 493 1012 528 tantum
1042 490 1084 529 in
1114 489 1186 530 illa
1210 492 1315 531 urbe
1337 494 1522 531 remanet
1542 488 1798 538 studiorum,
1832 489 1982 545 quibus

222 559 366 596 vacant
409 553 540 600 cives,
585 549 795 605 peregrini
842 550 1037 590 fruuntur
1083 552 1191 603 capti
1231 551 1539 606 quodammodo
1578 552 1747 592 nomine
1788 553 1903 592 urbis
1944 557 1985 593 et

193 617 488 659 ⁵auctoritate:
540 619 677 654 tamen
719 612 1021 654 eruditissimos
1067 612 1259 654 homines
1302 614 1503 656 Asiaticos
1549 613 1685 668 quivis
1721 611 1984 655 Atheniensis

221 679 411 721 indoctus
432 691 513 718 non
534 676 673 717 verbis
695 677 767 717 sed
789 689 893 717 sono
913 674 1028 717 vocis
1049 689 1126 716 nec
1152 680 1235 716 tani
1266 677 1372 717 bene
1403 691 1527 730 quam
1558 677 1741 718 suaviter
1770 675 1980 731 loquendo

222 741 340 783 facile
370 737 595 793 superabit.
658 739 798 779 Nostri
838 738 972 778 minus
1003 739 1169 778 student
1197 737 1346 778 litteris
1376 751 1499 793 quam
1529 739 1680 780 Latini.
1743 740 1900 779 Tamen
1931 752 1986 779 ex

222 805 329 852 istis,
362 815 465 858 quos
495 799 646 850 nostis,
679 800 868 849 urbanis,
900 801 943 840 in
973 801 1125 854 quibus
1156 799 1370 841 minimum
1402 806 1464 841 est
1482 801 1733 849 litterarum,
1764 815 1888 842 nemo
1910 806 1984 848 est,

222 867 319 923 quin
349 865 690 907 litteratissimum
720 868 957 917 togatorum
989 863 1202 912 omnium,
1243 863 1292 912 Q.
1319 862 1530 905 Valerium
1562 866 1787 912 Soranum,
1819 864 1986 906 lenitate

171 943 206 966 10
220 930 334 971 vocis
366 933 489 982 atque
520 927 612 980 ipso
642 925 726 968 oris
756 939 903 982 pressu
935 930 976 966 et
1006 939 1108 967 sono
1139 925 1260 967 facile
1291 925 1440 967 vincat.
1498 927 1591 968 XII.
1621 929 1689 969 44.
1722 929 1860 977 Quare
1890 940 1985 968 cum

220 992 272 1032 sit
301 988 502 1044 quaedam
534 993 646 1030 certa
682 1003 767 1030 vox
796 989 969 1030 Romani
1010 988 1175 1041 generis
1209 987 1408 1042 urbisque
1445 989 1636 1043 propria,
1683 990 1724 1031 in
1763 1003 1844 1045 qua
1881 988 1986 1030 nihil

220 1052 394 1099 offendi,
425 1051 531 1092 nihil
561 1052 804 1106 displicere,
836 1052 937 1092 nihil
969 1050 1242 1094 animadverti
1272 1051 1426 1105 possit,
1461 1050 1564 1092 nihil
1593 1065 1742 1093 sonare
1773 1058 1843 1093 aut
1873 1051 1986 1093 olere

218 1115 507 1171 peregrinum,
539 1112 644 1154 hanc
674 1126 898 1168 sequamur
927 1128 1064 1170 neque
1095 1112 1229 1154 solum
1260 1112 1455 1154 rusticam
1484 1113 1749 1168 asperitatem
1771 1114 1843 1156 sed
1862 1116 1985 1156 etiam

220 1178 481 1233 peregrinam
502 1175 765 1217 insolentiam
785 1175 931 1230 sugere
953 1176 1172 1219 discamus.
1232 1178 1302 1217 45.
1335 1176 1541 1230 Equidem
1563 1189 1654 1216 cum
1676 1176 1799 1219 audio
1820 1190 1986 1219 socrum

171 1253 207 1278 15
223 1254 357 1282 meam
374 1239 579 1286 Laeliam,
602 1261 656 1268 -—
685 1237 846 1279 facilius
869 1238 979 1281 enim
999 1240 1194 1281 mulieres
1214 1240 1492 1292 incorruptam
1517 1240 1801 1294 antiquitatem
1821 1254 1989 1282 conser-

221 1308 342 1352 vant,
375 1304 486 1359 quod
516 1303 742 1343 multorum
773 1303 977 1343 sermonis
1010 1307 1201 1358 expertes
1232 1315 1280 1342 63
1311 1306 1455 1342 tenent
1486 1315 1672 1358 semper,
1716 1317 1820 1358 quae
1850 1305 1985 1358 prima

222 1365 455 1408 didicerunt
474 1380 549 1416 —-;
580 1366 654 1406 sed
683 1378 773 1406 eam
807 1365 865 1405 sic
895 1366 1043 1413 audio,
1089 1370 1135 1406 ut
1163 1364 1351 1406 Plautum
1382 1364 1484 1405 mihi
1514 1371 1584 1406 aut
1613 1367 1811 1407 Naevium
1841 1366 1986 1407 videar

221 1428 381 1471 audire.
443 1430 554 1469 Sono
587 1427 679 1481 ipso
710 1427 825 1469 vocis
856 1429 910 1469 ita
942 1433 1054 1469 recto
1087 1433 1128 1469 et
1158 1427 1334 1483 simplici
1366 1432 1446 1476 est,
1493 1432 1538 1469 ut
1566 1427 1669 1469 nihil
1701 1429 1987 1469 ostentationis

221 1498 292 1534 aut
332 1491 573 1533 imitationis
612 1489 763 1532 afferre
800 1491 1013 1540 videatur;
1066 1504 1118 1532 ex
1155 1504 1237 1545 quo
1278 1491 1337 1531 sic
1366 1491 1552 1532 locutum
1584 1504 1675 1532 esse
1707 1492 1796 1532 eius
1826 1496 1987 1546 patrem

172 1557 384 1605 20iudico‚
433 1555 491 1595 sic
521 1553 725 1603 maiores3
771 1567 857 1594 non
887 1567 1034 1608 aspere
1065 1558 1112 1595 ut
1140 1553 1235 1602 ille,
1282 1566 1408 1609 quem
1439 1552 1523 1594 dixi
1540 1574 1554 1602 ,·
1598 1567 1684 1595 non
1713 1559 1852 1604 vaste,
1902 1567 1988 1595 non

220 1617 398 1666 rustice,
446 1630 532 1658 non
572 1615 733 1665 hiulce,
782 1618 855 1657 sed
891 1629 1032 1671 presse
1064 1622 1105 1657 et
1134 1614 1411 1673 aequabiliter
1442 1621 1483 1657 et
1512 1617 1675 1661 leniter.
1734 1618 1802 1659 46.
1849 1618 1988 1667 Quare

222 1683 340 1723 Cotta
368 1685 534 1728 noster,
575 1679 692 1720 cuius
721 1683 765 1719 tu
795 1678 866 1720 illa
895 1678 998 1727 lata,
1041 1679 1218 1733 Sulpici,
1263 1692 1563 1735 nonnunquam
1595 1679 1792 1729 imitaris,
1823 1684 1869 1720 ut
1899 1681 1989 1721 Iota

220 1742 398 1785 litteram
429 1742 550 1783 tollas
581 1746 622 1782 et
650 1744 683 1782 E
713 1741 999 1796 plenissimum
1030 1741 1165 1791 dicas,
1213 1757 1297 1783 non
1338 1743 1441 1783 mihi
1473 1747 1661 1784 oratores
1692 1744 1884 1798 antiquos
1915 1742 1987 1785 sed

221 1819 425 1847 messores
455 1804 619 1847 videtur
649 1804 817 1845 imitari.
880 1805 958 1846 Hic
990 1819 1084 1846 cum
1115 1806 1322 1847 arrisisset
1356 1805 1447 1858 ipse
1489 1805 1719 1859 Sulpicius,
1765 1805 1833 1846 Sic
1869 1818 1989 1859 agam

172 1880 207 1905 2⁵
221 1870 460 1918 vobiscum,
506 1867 641 1924 inquit
672 1869 867 1917 Crassus,
911 1873 980 1917 ut,
1024 1867 1223 1923 quoniam
1254 1882 1319 1909 me
1350 1867 1468 1922 loqui
1496 1868 1710 1918 voluistis,
1751 1867 1908 1923 aliquid
1938 1869 1989 1909 de

222 1931 369 1974 vestris
399 1930 507 1972 vitiis
537 1930 729 1971 audiatis.
792 1930 951 1972 Utinam
982 1932 1175 1986 quideml
1209 1932 1343 1986 inquit
1362 1932 1456 1971 ille:
1491 1932 1532 1971 id
1564 1932 1674 1972 enim
1703 1932 1841 1984 ipsum
1871 1931 1990 1972 volu-

221 2008 335 2042 mus,
384 1993 509 2049 idque
540 1994 574 2034 si
602 1992 778 2042 seceris,
831 1994 980 2042 multa,
1031 1998 1077 2034 ut
1106 1991 1312 2041 arbitror,
1363 1994 1431 2033 hic
1470 1994 1597 2034 hodie
1631 1992 1731 2035 vitia
1759 2007 1982 2048 ponemus.

220 2058 291 2098 47.
332 2057 385 2097 At
414 2057 525 2097 enim
554 2069 639 2097 non
668 2057 756 2098 sine
787 2069 882 2097 meo
913 2055 1124 2109 periculo,
1167 2059 1336 2098 Crassus
1366 2055 1527 2110 inquit,
1567 2069 1765 2111 possum,
1808 2055 1986 2110 Sulpici,

220 2124 262 2160 te
292 2120 625 2174 reprehendere,
658 2118 855 2174 quoniam
884 2118 1087 2159 Antonius
1117 2118 1219 2159 mihi
1239 2124 1278 2159 te
1301 2117 1555 2159 simillimum
1588 2118 1693 2160 dixit
1722 2117 1802 2160 sibi
1833 2118 1983 2160 videri.

172 2184 282 2223 aoTu
312 2195 437 2232 vero;
489 2181 622 2237 inquit
652 2181 744 2230 ille,
791 2181 988 2235 quoniam
1021 2181 1182 2221 monuit
1213 2179 1349 2230 idem,
1400 2185 1445 2220 ut
1475 2194 1545 2229 ea,
1593 2194 1697 2235 quae
1736 2182 1779 2221 in
1818 2195 1986 2236 quoque

221 2243 402 2285 maxima
433 2250 595 2293 essent,
627 2243 905 2294 imitaremur3
957 2257 1010 2285 ex
1040 2257 1123 2299 quo
1154 2256 1334 2292 vereor,
1367 2257 1419 2284 ne
1451 2242 1553 2284 nihil
1583 2244 1660 2284 sim
1690 2243 1750 2284 tui
1780 2243 1862 2285 nisi
1892 2257 1988 2300 sup-

220 2307 455 2363 plosionem
493 2307 613 2361 pedis
649 2306 833 2348 imitatus
872 2311 913 2347 et
950 2320 1083 2360 pauca
1123 2308 1328 2360 quaedam
1367 2303 1498 2347 verba
1535 2310 1576 2346 et
1605 2305 1786 2361 aliquem
1817 2307 1851 2348 si
1880 2305 1989 2348 forte

221 2374 396 2411 motum.
457 2372 565 2425 Ergo
596 2371 696 2418 ista,
726 2371 862 2425 inquit
892 2370 1082 2416 Crassus,
1115 2382 1221 2424 quae
1253 2367 1378 2410 habes
1410 2383 1433 2409 a
1463 2381 1553 2417 me,
1586 2381 1671 2409 non
1700 2368 1986 2423 reprehendo,

220 2446 275 2474 ne
303 2445 371 2473 me
399 2431 537 2486 ipsum
565 2432 786 2482 irrideam3
821 2456 873 2462 ——
918 2439 1012 2473 sunt
1050 2438 1190 2474 autem
1220 2445 1313 2472 mea
1342 2432 1474 2472 multo
1505 2435 1545 2471 et
1574 2430 1695 2484 plura
1725 2437 1766 2473 et
1795 2433 1954 2474 maiora
1972 2463 1984 2482 ,

172 2509 208 2537 35
224 2508 347 2551 quam
377 2496 480 2537 dicis
509 2519 564 2527 —
609 2509 715 2552 quae
753 2500 891 2537 autem
927 2500 1021 2538 sunt
1051 2501 1122 2537 aut
1151 2501 1219 2536 tua
1249 2495 1372 2550 plane
1402 2499 1472 2535 aut
1502 2494 1734 2535 imitatione
1765 2508 1817 2535 ex
1846 2495 1986 2550 aliquo

223 2570 441 2612 expressa,
494 2557 545 2599 de
574 2558 624 2599 iis
665 2564 728 2607 te,
778 2557 811 2599 si
842 2558 912 2613 qui
942 2571 1008 2599 me
1047 2559 1156 2600 forte
1200 2559 1318 2599 locus
1357 2556 1644 2606 admonuerit,
1696 2559 1986 2599 commonebo.

221 2620 338 2661 XIII.
371 2621 440 2661 48.
471 2621 783 2662 Praetereamus
814 2621 941 2675 igitur
970 2626 1191 2676 praecepta
1220 2620 1366 2662 Latine
1400 2618 1620 2674 loquendi,
1668 2633 1775 2673 quae
1815 2619 1987 2674 puerilis

224 2680 412 2723 doctrina
449 2682 576 2724 tradit
619 2688 660 2724 et
697 2682 891 2724 subtilior
921 2685 1103 2738 cognitio
1136 2698 1183 2725 ac
1213 2682 1319 2724 ratio
1351 2684 1579 2725 litterarum
1610 2681 1682 2723 alit
1712 2688 1783 2724 aut
1813 2697 1988 2725 consue—

223 2745 325 2786 tudo
356 2745 560 2786 sermonis
590 2746 820 2800 quotidiani
851 2760 897 2787 ac
928 2748 1167 2795 domestici,
1200 2746 1297 2787 libri
1330 2745 1574 2787 confirmant
1593 2750 1635 2785 et
1654 2745 1777 2788 lectio
1798 2750 1986 2788 veterum

175 2812 438 2848 (moratorum
469 2812 511 2849 et
538 2814 770 2864 poetarum.
829 2811 971 2865 Neque
1002 2824 1101 2851 vero
1134 2811 1177 2850 in
1207 2808 1278 2849 illo
1311 2809 1440 2850 altero
1471 2807 1624 2849 diutius
1656 2821 1983 2857 commoremur,

223 2875 270 2910 ut
298 2871 576 2926 disputemus,
623 2871 774 2926 quibus
805 2873 930 2912 rebus
961 2872 1126 2927 assequi
1154 2873 1384 2928 possimus,
1432 2875 1478 2911 ut
1507 2884 1577 2918 ea,
1624 2885 1730 2926 quae
1772 2871 1982 2920 dicamus,

225 2932 520 2988 intelligantur.
580 2935 650 2975 49.
683 2934 825 2975 Latine
857 2933 1013 2975 scilieet
1043 2934 1245 2984 dicendo,
1279 2933 1415 2976 verbis
1445 2934 1606 2975 usitatis
1637 2948 1684 2974 ac
1714 2932 1883 2989 proprie
1914 2934 1986 2974 de-

226 2994 547 3037 monstrantibus
578 3009 649 3045 ea,
695 3010 800 3052 quae
831 2996 1052 3052 significari
1081 3012 1130 3039 ac
1160 2997 1362 3039 declarari
1392 2996 1605 3048 volemus,
1654 2997 1744 3039 sine
1783 2997 1982 3051 ambiguo

320 3164 354 3196 1.
381 3165 433 3204 ut]
457 3171 556 3199 muta
574 3165 652 3208 (sie)
672 3168 712 3200 Β.
734 3185 771 3191 -
799 3168 836 3201 5.
862 3167 1015 3201 Asiatico
1033 3170 1071 3201 Β.
1094 3186 1135 3192 -
1159 3169 1193 3201 7.
1220 3169 1345 3201 Latine
1362 3169 1406 3201 R.
1426 3185 1469 3192 —-
1495 3170 1553 3202 21.
1581 3169 1776 3211 aequaliter
1792 3170 1836 3202 R.
1855 3185 1899 3191 —-
1924 3168 1981 3201 23.

227 3209 259 3242 Ε
284 3219 352 3242 om.
377 3211 449 3243 BR.
486 3230 522 3236 -
559 3215 796 3254 plenissimam
821 3216 862 3250 B.
898 3232 937 3238 —
976 3216 1033 3248 24.
1060 3216 1187 3248 videris
1212 3216 1252 3247 B.
1290 3233 1335 3238 —-
1369 3217 1426 3249 30.
1456 3217 1507 3249 Ta
1530 3226 1634 3258 vero,
1659 3219 1772 3258 inquit
1794 3217 1874 3252 ille,
1902 3225 1985 3256 quo-

228 3257 325 3288 niam
350 3266 368 3289 e
396 3258 481 3290 C1d.
499 3283 508 3297 ,
537 3266 574 3291 ut
598 3263 666 3300 ait,
704 3262 896 3294 Lambinus
918 3272 927 3294 :
967 3263 1054 3295 Tum
1079 3263 1161 3295 ille:
1204 3267 1277 3294 tum
1303 3264 1394 3304 quod
1420 3271 1498 3295 cum
1526 3267 1649 3296 ceteris
1676 3264 1770 3296 libris
1796 3264 1915 3301 (etiam
1943 3261 1982 3302 Β)

228 3303 456 3384 {ughis—RM-
481 3306 596 3339 multa
620 3308 660 3341 B.
685 3324 730 3335 -
754 3313 786 3342 et
809 3311 949 3342 maiora
972 3319 1041 3343 om.
1069 3310 1112 3343 R.
1141 3325 1179 3333 —
1206 3309 1263 3342 36.
1291 3310 1342 3343 his
1368 3311 1408 3343 Β.
1438 3327 1475 3335 -
1505 3312 1584 3354 quis
1609 3311 1681 3344 BR.
1711 3326 1751 3335 —
1783 3309 1841 3342 41.
1867 3310 1982 3348 rebus]
