2117 3762
507 305 576 343 Al)
609 304 662 343 M.
699 303 906 343 BRUTUM
939 302 983 343 C.
1018 304 1084 344 38.
1119 304 1186 343 39.
1221 302 1287 343 to,
1691 304 1771 344 429

28 409 207 457 dicitur;
257 409 325 464 qui
367 407 498 463 qualis
538 409 686 448 debeat
728 420 841 455 esse,
889 421 941 449 ex
980 408 1029 449 iis
1059 409 1180 463 ipsis,
1230 420 1336 462 quae
1367 419 1490 462 supra
1521 407 1628 447 dicta
1659 416 1767 455 sunt,

28 470 198 525 intelligi
228 478 375 526 potest.
452 472 552 511 Nam
589 474 630 510 et
668 469 923 521 singulorum
960 473 1181 512 verborum
1219 476 1260 510 et
1289 469 1587 511 collocatorum
1618 470 1771 510 lumina

27 535 257 587 attigimus,
308 533 458 589 quibus
497 533 555 572 sic
597 529 844 586 abundabit,
894 539 938 574 ut
980 535 1151 574 verbum
1192 546 1242 574 ex
1284 546 1358 574 ore
1395 532 1550 574 nullum
1591 532 1668 572 nisi
1706 538 1775 572 aut

28 595 194 650 elegans
225 602 295 638 aut
326 609 450 650 grave
482 599 621 640 exeat,
656 609 705 635 ex
737 596 932 649 oninique
965 609 1113 649 genere
1145 595 1503 651 frequentissimae
1533 593 1771 635 tralationes

28 665 170 707 erunt,
221 660 332 715 quod
370 671 444 699 eae
483 662 654 711 propter
692 657 999 699 similitudinem
1039 657 1291 699 transferunt
1321 657 1481 699 animos
1512 663 1552 698 et
1590 655 1805 698 reseruuts

28 738 74 764 ac
105 729 272 764 movent
301 724 382 763 huc
413 726 452 761 et
483 719 602 765 illuc:
647 722 715 774 qui
748 726 882 760 motus
913 720 1173 772 cogitationis
1204 719 1393 760 celeriter
1422 719 1596 773 agitatus
1627 732 1702 774 per
1731 733 1775 759 se

29 785 115 840 ipse
147 784 332 826 delectat.
389 785 442 823 Et
472 781 628 836 reliqua
659 797 709 823 cx
741 782 1013 823 collocatione
1046 780 1270 823 verborum
1294 796 1396 836 quae
1419 787 1636 823 sumuntur
1658 782 1776 837 quasi

27 847 179 889 lumina
210 859 401 901 magnum
432 844 609 886 afferunt
639 852 829 887 ornatum
863 845 1066 893 orationi;
1100 851 1194 886 sunt
1223 843 1331 884 enim
1363 844 1509 886 similia
1541 844 1640 892 illiS,
1672 856 1776 899 quae

29 910 69 951 in
108 909 244 965 amplo
288 913 434 949 ornatu
479 921 624 949 scenae
663 915 731 950 aut
771 907 849 949 sori
881 907 1143 961 appellantur
1185 907 1384 960 insignia,
1436 921 1518 948 non
1550 906 1662 962 quod
1691 906 1778 948 sola

28 976 205 1019 ornent,
238 969 310 1011 sed
341 972 452 1026 quod
484 971 701 1012 excellant.
785 973 876 1012 135.
919 969 1074 1011 Eadem
1103 970 1207 1010 ratio
1240 975 1301 1009 est
1330 970 1506 1018 horum,
1551 983 1655 1023 quae
1685 973 1779 1010 sunt
1794 985 1829 1009 10

28 1032 226 1076 orationis
255 1031 408 1074 lumina
440 1038 480 1074 et
511 1033 818 1087 quodammodo
850 1034 1050 1086 insignia:
1100 1045 1192 1073 cum
1231 1037 1302 1073 aut
1339 1031 1600 1087 duplicantur
1629 1034 1780 1074 iteran-

28 1103 176 1150 turque
219 1094 348 1137 verba
390 1101 459 1136 aut
500 1097 684 1137 breviter
725 1101 974 1137 commutata
1015 1100 1227 1150 ponuntur
1264 1099 1334 1135 aut
1373 1096 1423 1135 ab
1464 1096 1609 1137 eodem
1650 1097 1779 1137 verbo

28 1159 193 1200 ducitur
221 1157 385 1212 saepius
417 1159 552 1200 oratio
583 1164 651 1200 aut
679 1157 720 1198 in
752 1157 859 1199 idem
889 1157 1107 1199 coniicitur
1135 1162 1207 1197 aut
1235 1162 1482 1211 utrumque3
1531 1162 1598 1198 aut
1636 1159 1782 1199 adiun-

28 1220 138 1275 gitur
166 1219 280 1262 idem
311 1220 500 1262 iteratum
532 1227 602 1262 aut
632 1220 741 1262 idem
763 1219 813 1261 ad
835 1226 1065 1262 extremum
1086 1218 1266 1260 refertur
1285 1224 1354 1259 aut
1374 1218 1632 1261 continenter
1653 1235 1778 1262 unum

27 1285 202 1325 verbum
223 1297 307 1324 non
329 1285 473 1324 eadem
496 1284 699 1324 sententia
729 1282 923 1338 ponitur;
957 1288 1026 1323 aut
1055 1295 1146 1323 cum
1179 1280 1366 1322 similiter
1397 1281 1462 1322 vel
1483 1284 1633 1324 cadunt
1655 1281 1779 1324 verba
1793 1297 1828 1321 15

27 1347 94 1387 vel
123 1347 338 1395 desinunt3
371 1352 441 1386 aut
471 1345 608 1386 multis
640 1344 772 1387 modis
802 1344 1018 1387 contrariis
1049 1346 1177 1385 relata
1207 1345 1434 1394 contraria;
1468 1351 1537 1386 aut
1566 1358 1657 1386 cum
1688 1358 1782 1400 gra-

28 1409 152 1450 datim
171 1422 333 1450 sursum
355 1421 520 1449 versum
543 1408 730 1458 reditur3
764 1414 836 1449 aut
865 1422 957 1448 cum
989 1406 1166 1461 demptis
1196 1405 1555 1448 coniunctionibus
1585 1408 1781 1449 dissolute

27 1470 146 1527 plura
178 1471 390 1522 dicuntur;
422 1476 492 1511 aut
521 1483 613 1511 cum
645 1470 802 1525 aliquid
824 1475 1153 1523 praetereuntes,
1187 1482 1262 1510 cur
1291 1470 1332 1510 id
1362 1468 1570 1517 faciamus,
1603 1472 1785 1512 ostendi-

29 1548 142 1584 mus;
173 1541 243 1576 aut
273 1547 366 1575 cum
397 1533 642 1587 corrigimus
673 1537 837 1573 nosmet
866 1531 978 1587 ipsos
1008 1533 1124 1586 quasi
1156 1533 1528 1587 reprehendentes3
1561 1539 1630 1574 aut
1659 1534 1692 1574 si
1722 1540 1784 1575 est

29 1597 166 1651 aliqua
206 1593 452 1638 exclamatio
489 1594 556 1636 vel
594 1593 880 1636 admirationis
909 1595 975 1636 vel
1004 1594 1342 1649 conquestionis3
1375 1599 1445 1636 aut
1474 1608 1567 1636 cum
1597 1596 1782 1638 eiusdem
1797 1608 1832 1632 2⁰

28 1659 208 1700 nominis
239 1671 357 1699 casus
387 1655 551 1712 saepius
583 1662 907 1698 commutantur.

145 1722 237 1762 136.
289 1721 371 1762 Sed
412 1720 706 1761 sententiarum
746 1723 987 1761 ornamenta
1025 1717 1183 1760 maiora
1222 1724 1338 1770 sunt;
1387 1718 1536 1775 quibus
1576 1721 1671 1775 quia
1702 1719 1783 1762 fre-

31 1782 298 1836 quentissime
337 1783 636 1823 Demosthenes
674 1781 824 1830 utitur,
872 1787 965 1822 sunt
1003 1782 1072 1836 qui
1102 1787 1249 1836 putent
1279 1780 1435 1824 idcireo
1467 1783 1555 1824 eius
1586 1783 1784 1839 eloquen-

31 1846 130 1887 tiam
168 1844 345 1886 maxime
387 1857 476 1885 esse
515 1843 776 1886 laudabilem.
835 1846 886 1885 Et
927 1856 1027 1885 vero
1068 1843 1202 1885 nullus
1242 1845 1330 1886 fere
1368 1844 1418 1886 ab
1458 1858 1509 1887 eo
1546 1845 1661 1887 locus
1692 1847 1780 1887 sine

30 1909 208 1964 quadam
237 1905 564 1948 conformatione
594 1908 823 1948 sententiae
854 1905 1026 1955 dicitur;
1057 1919 1133 1947 nec
1158 1906 1378 1961 quidquam
1411 1913 1472 1948 est
1501 1906 1611 1949 aliud
1643 1907 1780 1950 dicere
1796 1924 1832 1952 25

30 1970 111 2012 nisi
140 1982 284 2011 omnes
314 1974 385 2009 aut
415 1975 529 2009 certe
560 1968 776 2025 plerasque
807 1968 944 2022 aliqua
975 1969 1114 2023 specie
1143 1968 1375 2010 illuminare
1405 1969 1651 2020 sententias3
1683 1984 1783 2026 quas

32 2046 126 2075 cum
147 2038 193 2074 tu
213 2032 390 2087 optime,
420 2034 573 2079 Brute,
606 2037 766 2080 teneas,
798 2030 898 2086 quid
929 2032 1075 2071 attinet
1103 2030 1340 2073 nominibus
1370 2030 1429 2073 uti
1459 2036 1528 2073 aut
1557 2032 1783 2087 exemplis?

31 2095 334 2137 Tantummodo
364 2099 532 2135 notetur
560 2095 689 2134 locus.
746 2095 834 2134 XL.
871 2095 964 2134 137.
999 2094 1064 2134 Sic
1093 2095 1220 2148 igitur
1249 2094 1361 2135 dicet
1387 2093 1481 2143 ille,
1515 2107 1639 2149 quem
1660 2107 1787 2148 expe-

32 2157 180 2206 timus,
227 2161 272 2197 ut
311 2162 449 2198 verset
488 2169 613 2210 saepe
651 2155 789 2197 multis
829 2154 964 2197 modis
1001 2154 1145 2197 eadem
1184 2161 1226 2197 et
1261 2170 1342 2197 una
1377 2156 1420 2197 in
1457 2169 1504 2198 re
1542 2158 1714 2198 haereat
1743 2155 1786 2198 in

34 2221 262 2272 eademque
293 2224 576 2260 commoretur
605 2220 828 2269 sententia;
861 2231 983 2273 saepe
1014 2219 1138 2259 etiam
1164 2223 1210 2259 ut
1232 2224 1425 2260 extenuet
1445 2218 1626 2274 aliquid,
1661 2231 1786 2272 saepe
1801 2237 1837 2263 :io

33 2287 81 2324 ut
109 2281 304 2332 irrideat;
337 2286 382 2322 ut
402 2280 580 2322 declinet
600 2295 623 2322 a
645 2282 861 2336 proposito
894 2279 1167 2336 deflectatque
1198 2283 1462 2333 sententiam3
1492 2287 1537 2323 ut
1565 2287 1786 2338 proponat,

128 2409 161 2440 1.
189 2408 307 2441 debeat
332 2415 400 2440 esse
425 2406 497 2438 Ἧι.
525 2407 623 2439 Eins.
650 2406 712 2438 Dr.
740 2407 790 2439 R:
819 2415 886 2439 esse
910 2407 1030 2440 debeat
1053 2407 1094 2439 Ε.
1137 2424 1173 2431 -
1219 2415 1260 2440 ecc
1285 2409 1328 2439 iis
1351 2408 1435 2448 ipsis
1459 2407 1580 2441 Lamb.
1601 2417 1609 2440 ι
1638 2416 1681 2439 ex
1703 2408 1787 2447 ipsis

35 2454 105 2489 Ἧι.
134 2455 228 2488 Elns.
254 2456 312 2487 Dr.
343 2454 409 2486 Gu.
437 2455 470 2486 1.
498 2454 532 2484 2.
560 2454 639 2489 RE,
668 2463 710 2486 ex
734 2455 786 2485 his
811 2454 840 2485 A
866 2458 901 2486 et
925 2455 1086 2493 interpol.
1109 2469 1148 2477 -
1173 2453 1209 2486 4.
1235 2455 1420 2487 relationes
1448 2455 1477 2487 A
1505 2459 1538 2489 et
1563 2454 1722 2493 interpol.
1743 2469 1787 2475 —-

35 2504 70 2536 5.
98 2512 139 2535 ac
164 2503 321 2544 referunt
345 2505 376 2532 et
399 2501 441 2532 R.
471 2517 508 2523 —
536 2500 571 2531 7.
603 2500 789 2532 collatione
814 2500 899 2532 cod.
927 2500 1047 2533 Tui-ic.
1074 2498 1131 2541 (T)
1158 2500 1306 2540 Quintil.
1325 2501 1359 2540 9,
1387 2503 1420 2540 1,
1446 2502 1503 2534 37.
1533 2502 1601 2534 Ἧι.
1630 2502 1723 2534 Eius.
1742 2515 1786 2521 -

35 2551 69 2582 8.
98 2552 342 2582 ornamentum
369 2548 397 2579 A
423 2551 456 2579 et
482 2547 643 2586 interpol.
674 2564 709 2570 —
741 2548 794 2579 10.
822 2551 870 2579 est
894 2548 987 2578 ratio
1012 2548 1053 2578 R.
1084 2563 1124 2570 —-
1159 2549 1214 2580 13.
1242 2551 1380 2588 saepius
1406 2548 1545 2580 ducitur
1567 2549 1609 2580 R.
1648 2562 1690 2570 —
1726 2550 1788 2578 aut

35 2600 222 2637 utrumque
247 2595 275 2627 T
292 2620 301 2632 ,
328 2595 398 2627 Ἧι.
427 2594 520 2626 Eins.
548 2593 608 2624 Dr.
630 2593 657 2624 A
675 2617 683 2631 ,
712 2593 779 2626 Gu.
800 2594 833 2625 1.
861 2594 915 2625 R:
944 2596 1006 2625 aut
1031 2595 1069 2625 in
1093 2596 1276 2634 utrumque
1295 2595 1343 2632 L,
1372 2595 1411 2628 E.
1434 2612 1473 2618 —
1502 2596 1557 2627 15.
1584 2603 1654 2626 non
1671 2593 1788 2626 eadem

36 2643 91 2675 T:
117 2652 188 2675 non
211 2644 249 2674 in
273 2643 391 2675 eadem
414 2648 492 2672 cum
519 2640 589 2671 Cic.
619 2640 713 2671 libris
740 2641 780 2672 E.
810 2657 846 2662 —
877 2640 932 2671 16.
963 2643 1026 2671 aut
1052 2649 1128 2671 cum
1152 2645 1232 2672 sunt
1258 2643 1446 2674 contrariis
1470 2642 1547 2675 Vet.
1566 2641 1688 2681 steph.
1718 2639 1783 2671 Gu.

37 2691 71 2723 3.
101 2689 172 2721 Erl.
201 2706 239 2712 —
285 2690 341 2722 17.
368 2697 501 2720 sursum
527 2696 663 2718 versum
688 2687 753 2723 T.‚
789 2690 827 2719 ut
851 2687 959 2719 Varro
986 2687 1026 2718 R.
1057 2687 1095 2718 R.
1125 2687 1141 2718 1
1161 2711 1170 2726 ,
1197 2688 1236 2719 31
1256 2711 1263 2722 ,
1293 2688 1354 2720 6.:
1393 2697 1529 2720 sursum
1560 2697 1674 2720 versus
1706 2694 1786 2718 cum

38 2738 110 2769 Cic.
139 2736 233 2768 libris
262 2736 302 2768 E.
330 2753 371 2759 —
400 2735 454 2766 19.
484 2736 574 2773 ipsos
601 2736 628 2765 A
655 2742 732 2765 cum
760 2737 884 2766 ceteris
911 2734 1007 2765 libris
1033 2735 1149 2765 notis:
1177 2735 1245 2775 ipsi
1272 2735 1296 2766 E
1324 2736 1414 2767 coni.
1460 2752 1489 2759 -
1534 2735 1590 2765 20.
1618 2733 1786 2773 esplana-

38 2785 88 2814 tio
112 2783 181 2815 Ἧι.
210 2783 254 2814 R.
294 2797 337 2806 -
377 2782 567 2823 questionis
592 2780 642 2816 T,
682 2780 749 2811 Ἧι.
780 2780 848 2811 Gu.
878 2785 943 2812 tres
962 2804 970 2815 .
997 2781 1094 2813 Mon.
1122 2780 1176 2819 R,
1214 2783 1428 2822 quaestionis
1453 2782 1511 2813 Dr.
1541 2782 1583 2813 R.
1629 2781 1684 2818 (Ut
1710 2787 1785 2818 nos,

41 2831 135 2862 Elns.
166 2827 252 2867 Eri.)
281 2845 318 2852 -
347 2828 403 2860 21.
431 2829 691 2859 commutantur
717 2827 744 2858 T
762 2849 771 2865 ,
800 2827 917 2861 Eins.‚
948 2827 1016 2860 Gu.
1044 2829 1076 2859 1.
1105 2826 1138 2858 3.
1166 2827 1262 2860 Mon.
1291 2828 1341 2860 R:
1368 2831 1600 2859 commutatur
1624 2827 1694 2859 Ἧι.
1725 2826 1784 2857 Dr.

41 2876 109 2908 Gu.
135 2876 169 2907 2.
197 2875 265 2907 Erl.
294 2875 335 2907 E.
363 2892 401 2898 —
428 2875 486 2906 23.
512 2877 634 2905 utatur
664 2874 756 2905 Eins.
786 2873 846 2905 Dr.
874 2874 969 2906 Mon.
987 2897 996 2912 ,
1025 2882 1076 2914 pr.
1104 2873 1146 2906 T.
1174 2874 1217 2905 R.
1245 2891 1286 2897 —
1318 2879 1442 2914 putant
1470 2874 1538 2905 Ἧι.
1566 2874 1624 2905 Dr.
1655 2874 1722 2905 Gu.
1749 2873 1784 2903 2.

39 2922 139 2955 Mon.
166 2922 207 2954 R.
234 2921 293 2959 (Ut
316 2929 403 2960 nos,
430 2922 484 2960 T,
513 2921 606 2952 Eins.
637 2920 704 2951 Eri.
734 2919 801 2951 Gu.
830 2920 862 2951 1.
891 2919 942 2960 3.)
972 2938 1007 2944 —
1038 2920 1096 2952 25.
1125 2920 1270 2952 edicitur
1295 2922 1392 2952 Eins.
1421 2920 1482 2951 Dr.
1512 2920 1576 2953 Gu.
1605 2921 1636 2952 1.
1665 2921 1700 2952 2.
1729 2916 1788 2958 (Ut

40 2978 103 3002 nos
121 2992 129 3007 ‚
156 2968 207 3006 T,
234 2969 304 3000 Ἧι.
333 2967 399 3000 Gu.
426 2967 459 2999 3.
491 2966 576 3007 Eri.)
605 2985 639 2991 -
669 2975 729 2998 nec
754 2967 944 3006 quidquam
970 2970 1018 2998 est
1042 2967 1142 2998 aliud
1167 2967 1216 3005 T,
1244 2967 1312 2999 Ἧι.
1340 2968 1434 2999 Eins.
1456 2967 1513 2998 Dr.
1532 2967 1561 2998 A
1578 2989 1586 3004 ,
1615 2965 1680 2999 Gu.
1701 2971 1784 3004 tres,

41 3017 92 3049 R:
118 3024 178 3047 nec
203 3014 305 3046 aliud
328 3014 518 3056 quidquam
543 3018 592 3046 est
618 3021 695 3045 cum
720 3012 808 3044 Aldo
837 3013 875 3044 E.
914 3030 951 3036 —
995 3012 1052 3044 26.
1079 3014 1151 3044 nisi
1175 3016 1237 3045 aut
1262 3021 1377 3045 omnes
1404 3014 1471 3045 Ἧι.
1500 3014 1527 3045 R
1544 3036 1552 3049 .
1589 3013 1659 3044 nisi
1681 3021 1787 3054 quam

43 3067 104 3096 aut
123 3070 236 3094 omnes
261 3061 358 3093 Eins.
385 3061 446 3092 Dr.
474 3060 540 3093 Gu.
569 3061 603 3092 1.
622 3061 656 3092 2.
685 3077 724 3083 -
751 3059 807 3091 28.
839 3059 1090 3092 Tantummodo
1116 3060 1167 3098 T,
1195 3060 1261 3092 Gu.
1282 3060 1314 3092 3.
1341 3060 1431 3099 Erl.‚
1458 3060 1504 3090 L:
1537 3059 1684 3092 Tantum
1708 3067 1786 3092 curn

43 3111 166 3143 ceteris
193 3108 266 3139 RE.
317 3107 365 3140 Ex
403 3109 444 3138 iis
471 3112 521 3139 est
547 3107 651 3145 locis,
690 3108 723 3138 in
763 3105 887 3148 quibus
925 3106 1121 3145 interpolati
1153 3107 1329 3139 meliorem
1366 3110 1551 3138 servarunt
1587 3105 1785 3146 lectionem,

43 3157 79 3190 h.
108 3156 130 3188 l.
159 3159 245 3189 teste
272 3153 358 3186 Cod.
387 3153 534 3193 Quintil.
562 3154 759 3185 Turicensl.
788 3169 827 3177 -
865 3151 921 3183 29.
948 3153 1061 3184 modis
1085 3153 1202 3184 eadem
1227 3158 1257 3184 et
1280 3161 1352 3184 una
1375 3154 1413 3184 in
1437 3160 1475 3183 re
1499 3152 1640 3184 haereat
1664 3154 1701 3185 in
1726 3163 1787 3186 ea·-

43 3205 183 3243 demque
209 3205 438 3233 commoretur
462 3201 634 3232 sententia
651 3200 693 3236 T,
722 3199 813 3231 idern
841 3197 916 3239 (sed
941 3201 979 3230 in
1002 3198 1089 3239 una)
1113 3199 1160 3236 L,
1188 3208 1274 3240 quos
1300 3204 1440 3231 secutus
1458 3207 1533 3230 sum
1554 3204 1695 3240 propter
1712 3200 1784 3232 Cic.

45 3250 211 3283 librorum
247 3246 466 3279 incredibiles
503 3246 646 3278 turbas:
688 3246 801 3278 modis
833 3246 950 3278 eadem
984 3249 1021 3276 ut
1056 3254 1164 3277 unam
1199 3247 1237 3277 in
1260 3253 1331 3276 rem
1360 3246 1501 3277 haereat
1528 3251 1559 3278 et
1583 3246 1621 3278 in
1646 3248 1788 3278 eandem

46 3300 279 3329 commoretur
307 3294 513 3325 sententiam
537 3293 606 3324 Ἧι.
628 3293 723 3324 Eins.
750 3292 811 3325 Dr.
834 3292 900 3323 Gu.
923 3293 955 3323 1.
975 3292 1009 3322 2.
1036 3292 1133 3324 Μοη.
1155 3292 1203 3329 R,
1229 3292 1339 3323 modis
1365 3293 1505 3324 eandem
1530 3297 1561 3324 et
1584 3302 1692 3326 unam
1716 3302 1786 3325 rem

45 3347 77 3377 et
101 3344 243 3375 haereat
266 3343 302 3373 in
328 3341 443 3373 eadem
468 3343 766 3381 commoreturque
788 3340 957 3372 sententia
983 3346 1059 3371 cum
1083 3338 1171 3371 Aldo
1197 3338 1237 3370 Ε.
1272 3353 1314 3362 —·-
1352 3337 1407 3371 31.
1433 3340 1550 3374 redeat
1573 3338 1602 3372 A
1618 3363 1627 3380 ,
1655 3339 1722 3373 Gu.
1750 3340 1784 3370 3.

45 3406 90 3414 -
115 3389 299 3434 flectetque
324 3388 366 3420 R.
