2117 3762
762 272 862 312 LIB.
897 270 948 311 ΙΙ.
1012 270 1056 311 C.
1091 272 1156 316 39.
1186 272 1255 312 ls-O.
1803 275 1881 316 253

140 378 210 435 qui
240 377 299 420 illi
330 380 451 420 sedes
480 385 520 420 et
551 379 666 432 quasi
697 375 905 417 domicilia
934 378 1117 418 omnium
1153 380 1487 430 argumentorum
1517 382 1815 418 commonstret
1844 383 1884 418 et

141 455 188 483 ea
218 443 399 483 breviter
428 441 604 482 illustret
640 439 861 494 verbisque
899 437 1077 480 deliniat.
1140 441 1231 479 163.
1278 436 1386 487 Quid
1429 437 1538 478 enim
1584 444 1667 484 est,
1718 437 1759 478 in
1801 453 1882 494 quo

139 505 325 552 haereat,
369 505 438 558 qui
468 502 617 544 viderit
646 514 792 548 omne,
827 504 935 556 quod
967 507 1150 543 sumatur
1180 501 1221 542 in
1252 500 1436 542 oratione
1463 506 1533 541 aut
1552 502 1603 541 ad
1625 501 1885 553 probandum

139 571 208 606 aut
237 568 286 606 ad
318 565 587 608 refellendum
618 568 688 604 aut
717 577 768 604 ex
798 578 870 605 sua
902 566 1005 605 sumi
1037 563 1076 605 vi
1115 569 1237 617 atque
1277 569 1420 604 natura
1458 568 1528 604 aut
1563 563 1716 604 assumi
1756 561 1884 604 soris?

138 629 201 669 Ex
233 642 306 669 sua
336 629 400 677 vi,
448 643 539 669 cum
578 631 648 668 aut
684 640 749 667 res
781 640 886 680 quae
918 628 969 667 sit
1000 632 1082 669 tota
1113 632 1335 681 quaeratur
1364 631 1434 666 aut
1463 639 1558 681 pars
1589 626 1679 666 eius
1710 629 1780 666 aut
1810 638 1915 665 vo-5

140 691 330 731 cabulum
362 692 473 746 quod
503 687 674 736 habeat,
716 694 785 727 aut
813 689 1047 743 quidpiam,
1082 702 1168 729 rem
1198 688 1309 728 illam
1342 690 1454 743 quod
1485 688 1677 743 attingat:
1733 687 1887 728 extrin-

141 767 259 796 secus
288 760 450 801 autem,
499 766 591 793 cum
623 764 692 798 ea,
737 764 840 805 quae
881 756 974 791 sunt
1011 749 1111 791 foris
1142 764 1276 806 neque
1307 750 1524 792 inhaerent
1553 750 1595 792 in
1626 751 1685 792 rei
1715 755 1884 798 natura,

141 815 406 870 colliguntur.
469 816 562 855 164.
598 813 640 855 Si
671 828 735 855 res
766 820 848 855 tota
878 814 1116 869 quaeritur,
1162 812 1401 854 delinitione
1439 815 1629 855 universa
1665 813 1726 854 vis
1759 812 1889 868 expli-

140 880 270 920 canda
306 884 386 926 est,
431 878 512 919 sic:
565 878 606 918 Si
639 878 827 918 maiestas
859 883 920 918 est
949 875 1174 931 amplitudo
1208 889 1253 916 ac
1285 874 1460 929 dignitas
1492 875 1687 924 civitatis,
1733 874 1766 916 is
1799 887 1888 916 eam

140 942 306 990 minuit,
350 939 420 996 qui
451 941 678 982 exercitum
710 941 898 982 hostibus
930 939 1071 995 populi
1103 940 1276 980 Romani
1308 939 1498 987 tradidit,
1548 952 1631 979 non
1661 938 1732 992 qui
1763 951 1938 986 eum,1o

140 1005 209 1058 qui
239 1004 280 1044 id
309 1002 497 1053 fecisset,
530 1002 673 1058 populi
704 1001 877 1044 Romani
908 1002 1102 1057 potestati
1132 999 1311 1042 tradidit.
1377 1002 1468 1042 165.
1511 1000 1582 1042 Sin
1612 1014 1728 1053 pars,
1762 1001 1891 1054 parti-

139 1064 276 1113 tione,
309 1063 386 1106 hoc
418 1067 568 1107 modo:
607 1067 687 1105 Aut
717 1064 875 1106 senatui
906 1065 1135 1119 parendum
1168 1065 1218 1104 de
1240 1063 1369 1103 salute
1402 1064 1461 1103 rei
1492 1062 1682 1118 publicae
1713 1061 1790 1104 fuit
1819 1067 1890 1103 aut

139 1128 250 1169 aliud
280 1127 498 1170 consilium
528 1126 823 1169 instituendum
856 1132 924 1167 aut
954 1140 1028 1168 sua
1057 1130 1201 1181 sponte
1233 1123 1489 1175 faciendum3
1521 1126 1631 1166 aliud
1658 1125 1888 1172 consilium,

138 1192 385 1246 superbum3
419 1205 560 1239 suum,
595 1204 810 1242 arrogans3
841 1190 1040 1230 utendum
1071 1188 1197 1242 igitur
1226 1186 1304 1228 fuit
1335 1186 1508 1228 consilio
1532 1192 1712 1228 senatus.
1774 1187 1816 1228 Si
1838 1201 1890 1228 ex

136 1254 364 1301 vocabulo,
397 1260 442 1294 ut
463 1254 619 1294 Carbo:
655 1254 696 1293 Si
720 1251 862 1294 consul
885 1256 971 1299 est,
1004 1249 1075 1306 qui
1107 1249 1284 1291 consulit
1313 1250 1492 1304 patriae,
1525 1248 1623 1304 quid
1654 1248 1764 1290 aliud
1793 1247 1937 1290 fecitis

139 1315 352 1372 Opimius?
385 1318 476 1357 166.
503 1316 573 1357 Sin
594 1313 644 1356 ab
667 1329 743 1364 eo,
779 1316 890 1370 quod
919 1327 1009 1355 rem
1039 1311 1221 1367 attingit,
1255 1313 1395 1365 plures
1426 1316 1520 1352 sunt
1549 1316 1888 1365 argumentorum

137 1379 257 1420 sedes
287 1392 333 1420 ac
362 1379 457 1420 loci.
515 1380 615 1418 Nam
648 1382 689 1418 et
721 1378 939 1418 coniuncta
970 1388 1217 1432 quaeremus
1247 1379 1287 1415 et
1317 1387 1467 1429 genera
1509 1378 1550 1414 et
1588 1377 1726 1426 partes
1767 1385 1891 1427 gene-

136 1439 253 1483 ribus
283 1439 489 1482 subiectas
521 1445 562 1480 et
592 1438 880 1480 similitudines
912 1444 953 1479 et
982 1436 1336 1479 dissimilitudines
1368 1443 1408 1478 et
1438 1434 1646 1477 contraria
1677 1439 1717 1476 et
1745 1448 1892 1477 conse-

138 1503 305 1560 quentia
346 1509 386 1545 et
425 1507 701 1544 consentanea
740 1507 780 1543 et
816 1500 934 1557 quasi
965 1500 1274 1554 praecurrentia
1305 1505 1346 1541 et
1375 1499 1649 1554 repugnantia
1680 1502 1720 1538 et
1749 1511 1890 1539 causas

138 1580 278 1607 rerum
307 1563 600 1620 vestigabimus
631 1570 671 1606 et
701 1577 767 1612 ea,
807 1577 912 1619 quae
942 1578 996 1605 ex
1026 1565 1159 1605 causis
1190 1567 1280 1604 orta
1309 1561 1412 1610 sint,
1460 1567 1499 1602 et
1529 1560 1708 1608 maiora,
1746 1561 1939 1616 paria,20

137 1630 300 1670 minora
329 1641 592 1684 quaeremus.
653 1628 738 1668 XL.
774 1628 867 1667 167.
914 1627 978 1667 Ex
1015 1625 1245 1668 coniunctis
1285 1625 1342 1665 sic
1380 1628 1622 1679 argumenta
1658 1624 1886 1664 ducuntur:

139 1693 182 1734 Si
212 1691 357 1745 pietati
388 1703 546 1732 summa
575 1687 797 1731 tribuenda
826 1688 914 1729 laus
944 1694 1029 1737 est,
1063 1688 1223 1730 debetis
1254 1687 1440 1735 moveri,
1482 1699 1574 1727 cum
1607 1685 1658 1734 Q.
1682 1684 1889 1726 Metellum

139 1760 222 1796 tam
252 1754 320 1810 pie
357 1753 498 1808 lugere
536 1753 725 1794 videatis.
786 1753 850 1792 Ex
890 1765 1040 1805 genere
1079 1757 1236 1792 autem:
1288 1750 1330 1790 Si
1368 1748 1628 1803 magistratus
1664 1747 1708 1788 in
1747 1748 1892 1801 populi

138 1818 310 1859 Romani
341 1820 543 1872 potestate
575 1828 665 1856 esse
697 1816 874 1862 debent,
909 1813 1007 1868 quid
1028 1815 1261 1855 Norbanum
1283 1825 1477 1860 accusas,
1513 1812 1628 1852 cuius
1657 1809 1892 1851 tribunatus

138 1878 342 1920 voluntati
369 1879 507 1934 paruit
536 1877 738 1919 civitatis?
790 1879 881 1918 168.
930 1878 991 1917 Ex
1028 1882 1143 1931 parte
1183 1882 1319 1917 autem
1352 1889 1427 1924 ea,
1483 1887 1587 1930 quae
1618 1878 1680 1915 est
1709 1871 1892 1914 subiecta
1905 1888 1941 1914 25

139 1942 305 1995 generi:
358 1942 400 1982 Si
432 1953 597 1989 omnes,
631 1939 703 1994 qui
735 1938 796 1979 rei
826 1938 1019 1992 publicae
1051 1937 1291 1987 consulunt,
1324 1938 1408 1978 cari
1439 1936 1560 1978 nobis
1592 1948 1681 1976 esse
1712 1933 1889 1984 debent,

140 2008 252 2045 certe
281 2002 483 2059 imprimis
507 2002 802 2057 iniperatoreS‚
845 2014 1021 2056 quorum
1055 2001 1262 2049 consiliis,
1304 2000 1475 2047 virtute,
1516 1998 1713 2051 periculis
1742 1996 1896 2038 retine-

139 2081 232 2108 mus
261 2071 302 2108 et
331 2071 514 2108 nostram
544 2064 717 2106 salutem
748 2069 789 2105 et
817 2063 982 2119 imperii
1012 2064 1268 2118 dignitatem.
1330 2065 1393 2104 Ex
1422 2060 1688 2103 similitudine
1730 2066 1890 2102 autem:

141 2129 184 2169 Si
213 2129 326 2170 ferae
354 2134 496 2184 partus
526 2141 623 2169 suos
653 2126 846 2181 diligunt,
878 2140 959 2182 qua
988 2140 1064 2168 nos
1095 2127 1136 2167 in
1166 2124 1319 2167 liberos
1342 2131 1507 2166 nostros
1528 2123 1783 2178 indulgentia
1803 2135 1894 2164 esse

142 2189 371 2233 debemus?
417 2192 510 2232 169.
544 2194 594 2231 At
625 2202 676 2230 ex
706 2187 1062 2230 dissimilitudine:
1098 2188 1141 2230 Si
1161 2187 1435 2230 barbarorum
1457 2187 1582 2229 estin
1604 2185 1714 2228 diem
1736 2187 1889 2234 vivere,
1907 2201 1942 2228 ³0

140 2259 283 2295 nostra
311 2254 481 2295 consilia
512 2251 806 2307 sempiternum
839 2257 1000 2306 tempus
1031 2256 1216 2306 spectare
1250 2250 1417 2293 debent.
1477 2253 1612 2306 Atque
1641 2255 1820 2305 utroque
1850 2248 1893 2290 in

142 2329 297 2371 genere
327 2321 368 2357 et
396 2314 676 2357 similitudinis
708 2318 749 2355 et
778 2312 1123 2356 dissimilitudinis
1155 2314 1344 2369 exempla
1375 2320 1469 2355 sunt
1495 2328 1548 2355 ex
1577 2312 1752 2355 aliorum
1777 2310 1894 2353 factis

142 2384 213 2421 aut
253 2377 373 2420 dictis
413 2382 484 2420 aut
525 2375 683 2419 eventis
725 2381 766 2417 et
808 2374 928 2418 fictae
969 2378 1226 2419 narrationes
1268 2391 1390 2433 saepe
1432 2378 1660 2433 ponendae.
1720 2377 1806 2416 Iam
1842 2387 1896 2416 ex

143 2441 373 2484 contrario:
406 2442 448 2483 Si
480 2440 686 2482 Gracchus
716 2438 894 2487 nefarie,
926 2441 1139 2492 praeclare
1162 2439 1365 2495 Opimius.
1428 2442 1522 2481 170.
1555 2441 1617 2481 Ex
1639 2450 1893 2494 consequen-

142 2504 278 2546 tibus:
315 2504 357 2544 Si
379 2508 420 2545 et
437 2502 548 2545 ferro
574 2501 812 2544 interfectus
842 2501 910 2543 ille
941 2507 981 2543 et
1010 2508 1054 2544 tu
1083 2502 1274 2544 inimicus
1306 2502 1394 2544 eius
1425 2516 1518 2545 cum
1549 2501 1684 2556 gladio
1716 2504 1886 2542 cruento
1906 2517 1942 2545 ³5

144 2567 466 2622 comprehensus
495 2565 537 2606 in
566 2566 638 2606 illo
668 2564 758 2618 ipso
789 2563 880 2606 loco
913 2569 953 2605 et
982 2577 1105 2607 nemo
1135 2571 1302 2619 praeter
1332 2571 1373 2606 te
1403 2564 1461 2606 ibi
1491 2563 1603 2606 visus
1630 2569 1691 2606 est
1711 2569 1752 2605 et
1771 2575 1892 2604 causa

143 2627 300 2671 nemini
328 2634 369 2670 et
396 2635 440 2670 tu
470 2641 634 2684 semper
663 2629 825 2676 audax,
859 2625 956 2681 quid
987 2632 1067 2675 est,
1112 2626 1224 2683 quod
1253 2626 1304 2669 de
1333 2628 1516 2669 facinore
1547 2626 1734 2668 dubitare
1764 2624 1894 2680 possi-

143 2693 264 2733 mus‘l
310 2693 373 2734 Ex
415 2692 701 2733 consentaneis
743 2696 784 2731 et
821 2689 1186 2746 praecurrentibus
1231 2697 1271 2732 et
1312 2689 1660 2747 repugnantibus,
1709 2693 1754 2730 ut
1789 2687 1890 2729 olim

238 2849 270 2881 1.
298 2852 330 2880 et
353 2849 414 2888 qui
438 2848 478 2880 B.
508 2864 544 2871 —
587 2850 690 2890 quast
714 2847 772 2880 ΑΒ
798 2847 927 2887 aliique
945 2870 954 2885 ,
979 2847 1026 2879 R:
1069 2851 1247 2889 tamquam
1272 2847 1311 2879 E.
1346 2863 1387 2870 -—
1428 2850 1595 2878 monstret
1620 2845 1662 2876 R.
1690 2860 1730 2866 —
1773 2842 1806 2874 3.
1833 2844 1896 2874 aut

147 2895 194 2928 ad
217 2893 451 2936 probandum]
479 2904 545 2928 om.
574 2896 660 2928 haec
685 2895 734 2928 A.
762 2900 824 2927 aut
851 2894 1147 2933 comprobandum
1174 2894 1256 2936 (om.
1286 2893 1347 2935 ad)
1373 2894 1413 2925 Β.
1444 2911 1479 2917 -
1524 2893 1557 2924 4.
1588 2896 1650 2923 aut
1673 2889 1896 2932 refellendum

148 2945 208 2976 aut
232 2944 269 2974 in
294 2942 338 2972 R.
370 2958 403 2964 —
431 2943 466 2974 5.
492 2946 566 2974 tum
590 2952 664 2975 cum
689 2943 729 2974 R.
758 2959 795 2964 —
822 2942 857 2973 7.
885 2942 1026 2972 haerent
1052 2940 1123 2972 AB.
1147 2958 1183 2964 —
1212 2941 1244 2973 8.
1271 2941 1323 2972 vis
1350 2950 1417 2972 om.
1445 2940 1486 2971 Α.
1508 2955 1548 2961 -
1576 2940 1630 2970 11.
1659 2937 1724 2969 Sed
1748 2936 1786 2968 in
1807 2945 1895 2976 par-

148 2991 270 3022 titione
294 2987 378 3027 (om.
403 2988 504 3030 pars)
531 2989 602 3020 AB.
632 3006 671 3013 —
700 2989 756 3021 14.
783 2986 896 3028 suum]
924 2989 994 3019 sive
1020 2987 1059 3018 B.
1088 3003 1131 3011 —
1155 2987 1193 3019 Si
1217 2996 1259 3020 ex
1282 2987 1313 3018 A
1339 2988 1487 3026 aliique:
1519 2984 1579 3016 Sin
1605 2994 1646 3017 ex
1672 2984 1744 3016 RE.
1774 2981 1840 3022 (De
1867 2982 1896 3014 B

148 3044 218 3068 non
246 3033 410 3075 constat.)
437 3051 476 3057 —
505 3036 559 3067 15.
585 3035 624 3068 Si
649 3033 784 3075 consul]
812 3037 841 3066 εἰ
866 3034 984 3066 consul
1008 3035 1050 3065 Α.
1081 3050 1118 3056 -
1148 3034 1204 3065 16.
1231 3034 1370 3076 attinqit
1399 3033 1423 3064 B
1449 3032 1603 3072 alitque:
1631 3032 1786 3071 attinqat
1812 3027 1895 3070 (A‘t)

148 3083 220 3115 RE.
252 3100 287 3105 -
317 3081 372 3114 18.
400 3083 576 3122 sequentia
601 3083 641 3114 B.
671 3099 711 3105 —
753 3083 810 3114 20.
837 3081 1120 3122 investiqabimus
1147 3080 1257 3112 Codd.
1286 3080 1331 3111 al.
1349 3104 1357 3117 ‚
1385 3080 1426 3110 R.
1456 3078 1517 3116 (Ex
1542 3077 1601 3109 ΑΒ
1627 3077 1712 3109 nibil
1738 3080 1896 3109 notatum

150 3133 214 3162 est.
253 3129 368 3170 Atque
394 3129 533 3161 omnino
553 3129 586 3160 h.
607 3129 628 3160 Ι.
657 3133 691 3161 et
709 3129 747 3161 L.
775 3130 815 3165 2,
843 3128 912 3168 39,
941 3127 1017 3159 166.
1048 3133 1099 3160 est
1127 3135 1165 3159 ex
1191 3128 1406 3168 glossemate.
1435 3124 1519 3158 On.)
1537 3140 1579 3148 —
1604 3125 1674 3156 sint
1699 3124 1724 3155 B
1751 3124 1895 3163 aliique,

147 3176 204 3209 R:
231 3179 308 3208 sunt
336 3175 396 3215 (Α)
422 3175 462 3209 E.
492 3191 532 3196 —
558 3175 614 3206 21.
643 3175 807 3207 dicuntur
831 3175 873 3206 R.
904 3190 938 3196 —
980 3174 1035 3206 34.
1066 3174 1127 3204 Vv.
1154 3173 1309 3213 nefarie,
1335 3171 1515 3212 praeclare
1541 3169 1699 3210 Opimius
1724 3179 1793 3203 om.
1820 3169 1893 3201 AB.

149 3240 192 3247 —
218 3222 275 3256 35.
304 3219 390 3262 αι’-ας]
417 3222 447 3253 ei
470 3219 519 3260 A,
548 3225 578 3252 et
602 3222 644 3253 R.
671 3220 715 3260 (ei
739 3230 807 3253 non
836 3222 1007 3261 displicet.
1038 3218 1122 3258 On.)
1159 3236 1197 3244 —
1238 3216 1394 3258 cruento]
1422 3218 1474 3248 An
1499 3217 1711 3250 cruentato?
1753 3215 1823 3248 Csr.
1852 3215 1895 3248 de

148 3270 225 3304 lnv.
251 3270 294 3309 2,
322 3268 359 3310 δ.
386 3270 440 3301 15.
469 3272 503 3300 et
526 3267 582 3300 43.
610 3284 654 3289 —-
679 3268 735 3299 36.
763 3269 1023 3309 comprehensus
1047 3267 1073 3297 B
1099 3266 1228 3307 aliique
1244 3290 1252 3304 ,
1280 3266 1331 3296 R:
1359 3263 1616 3303 comprehensus
1641 3273 1674 3296 es
1691 3262 1734 3305 (Α
1747 3261 1776 3303 Y)
1796 3262 1835 3294 E.
1854 3276 1894 3284 —

150 3316 208 3349 37.
234 3319 317 3349 tune
341 3323 470 3356 semper
497 3316 536 3345 Α.
563 3331 606 3337 —
632 3313 688 3346 38.
717 3318 748 3346 et
774 3323 816 3346 ex
837 3313 1142 3353 praecurrentibus
1166 3318 1198 3345 et
1224 3321 1266 3346 ea:
1285 3311 1527 3352 puqnantibue
1551 3308 1626 3353 (sic)
1652 3311 1679 3344 B
1695 3334 1704 3351 ‚
1738 3314 1770 3342 et
1790 3315 1895 3349 prae-

151 3364 367 3398 currentibus
390 3368 421 3397 et
447 3370 490 3394 ex
513 3361 789 3402 repuqnantibus
814 3361 857 3393 R.
881 3377 925 3387 —
950 3361 1030 3394 olim
1055 3369 1123 3394 om.
1151 3358 1222 3391 AB.
