2117 3762
642 195 710 233 Al)
742 194 795 233 M.
832 192 1044 233 BRUTUM
1079 191 1123 234 C.
1158 192 1225 234 46.
1259 194 1329 236 47.
1788 194 1867 238 Ιι35

113 304 155 340 et
185 301 401 354 prorum
431 298 565 341 audeo
596 300 759 348 dicere,
802 311 885 339 non
924 296 1189 340 fabrorum
1226 303 1266 341 et
1295 310 1596 354 procorum.
1657 297 1868 353 Planeque

114 363 333 403 duorum
366 364 602 404 virorum
635 359 883 403 iudicium
914 366 985 401 aut
1015 362 1171 403 trium
1202 362 1433 404 virorum
1465 358 1771 416 capitalium
1801 368 1872 402 aut

113 422 290 466 decem
321 424 555 468 virorum
585 423 827 466 stlitibus
858 422 1162 466 iudicandis
1204 423 1298 467 dico
1328 437 1551 481 nunquam.
1610 423 1736 479 Atqui
1767 421 1870 465 dixit

112 484 281 529 Accius:

344 586 456 629 Video
485 585 663 640 sepulcra
691 586 767 626 duo
797 586 966 628 duorum
996 598 1207 641 corporum
1885 591 1901 617 ⁵

113 679 306 736 idemque

333 773 482 815 Mulier
509 785 590 815 una
617 773 737 815 dudm
764 775 910 817 viram.

114 879 223 930 Quid
255 893 398 921 verum
429 880 499 928 sit,
546 879 755 934 intelligo;
806 879 878 921 sed
909 880 1010 920 alias
1040 878 1096 919 ita
1135 875 1306 929 loquor,
1352 880 1400 919 ut
1429 889 1672 919 concessum
1703 882 1788 926 est,
1828 883 1876 921 ut

112 944 193 984 hoc
230 942 295 984 vel
336 944 464 995 proh
504 941 655 984 deum
697 944 789 984 dico
820 941 886 983 vel
924 942 1051 995 proh
1082 941 1324 989 deorum,
1376 940 1477 981 alias
1507 945 1553 982 ut
1582 954 1750 983 necesse
1785 947 1871 991 est,

112 1019 204 1045 cum
242 1003 405 1046 trium
440 1005 625 1053 virum,
672 1019 757 1046 non
797 1005 1062 1052 virorum,
1111 1015 1205 1044 eum
1242 1003 1559 1045 sestertium
1590 1005 1925 1053 nummum,1o

111 1079 193 1108 non
222 1079 567 1108 nummorum:
603 1069 713 1122 quod
745 1068 786 1107 in
816 1067 881 1107 his
913 1066 1170 1107 consuetudo
1202 1066 1318 1107 varia
1347 1079 1433 1106 non
1464 1070 1541 1107 est.

220 1129 385 1169 XLVII.
436 1131 528 1170 157.
582 1130 717 1178 Quid,
771 1127 882 1184 quod
923 1127 983 1169 sic
1023 1127 1137 1182 loqui
1177 1141 1364 1176 nosse,
1409 1127 1678 1170 iudicasse
1717 1132 1876 1178 vetant,

109 1190 320 1232 novisse
353 1192 499 1232 iubent
531 1197 570 1232 et
599 1190 957 1232 iudicavisse?
989 1189 1117 1240 Quasi
1137 1203 1239 1232 vero
1269 1191 1503 1233 nesciamus
1534 1190 1578 1232 in
1607 1189 1688 1232 hoc
1720 1205 1875 1245 genere

110 1259 152 1294 et
188 1252 357 1307 plenum
400 1255 577 1296 verbum
616 1259 732 1296 recte
769 1252 851 1295 dici
891 1258 932 1295 et
961 1253 1225 1296 imminutum
1256 1253 1419 1297 usitate.
1478 1255 1624 1310 Itaque
1654 1257 1879 1310 utrumque

109 1316 352 1365 Terentius,
1891 1331 1929 1358 ιε

333 1410 424 1451 Eho
454 1415 519 1458 ta,
553 1415 762 1464 comiatum
791 1416 902 1453 tuum
929 1422 1010 1453 non
1036 1412 1188 1454 noras?

112 1502 210 1545 Post
237 1500 349 1546 idem

336 1598 600 1652 Stilphonem,
631 1598 818 1652 inquam,
850 1601 1047 1641 noveras?

110 1690 219 1733 siet
247 1690 417 1746 plenum
451 1698 537 1742 est,
571 1693 637 1734 sit
666 1692 952 1744 imminutum3
983 1692 1082 1735 licet
1110 1697 1230 1735 utare
1259 1697 1457 1750 utroque.
1518 1694 1629 1748 Ergo
1660 1690 1848 1737 ibidem:

336 1787 466 1838 Quam
494 1800 591 1827 cara
620 1788 790 1841 sintque,
815 1794 907 1840 post
936 1788 1106 1829 carendo
1135 1788 1379 1842 intelliqunt,
1890 1805 1928 1832 20

338 1850 541 1903 Quamque
570 1851 760 1892 attinendi
789 1851 926 1905 mayn&
954 1852 1180 1893 dominatus
1208 1852 1321 1893 sient.

109 1943 194 1984 Nec
222 1955 323 1985 vero
354 1944 703 2000 reprehenderim

333 2061 387 2070 —
417 2061 472 2070 -
500 2039 692 2093 scripsere
722 2039 796 2080 alii
824 2051 908 2081 rem
917 2053 929 2091 ;

111 2131 452 2186 scripserunt
494 2146 583 2175 esse
623 2132 764 2177 verius
804 2133 965 2185 senti03
1011 2131 1085 2175 sed
1124 2130 1412 2175 consuetudini
1441 2133 1612 2176 auribus
1644 2130 1874 2188 indulgenti

111 2193 289 2238 libenter
319 2195 548 2253 obsequor.
1886 2223 1922 2252 2⁵

334 2291 441 2332 Idem
469 2303 630 2345 campus
659 2290 771 2332 habet

109 2385 243 2442 inquit
271 2386 428 2427 Ennius
459 2389 500 2427 et

334 2481 383 2522 In
411 2479 563 2533 templis
590 2477 712 2519 isdem

110 2579 318 2634 probavit.
379 2582 430 2623 At
472 2579 666 2622 eisdem
705 2581 793 2620 erat
821 2578 984 2628 verius,
1034 2592 1111 2621 nec
1141 2581 1278 2619 tamen
1314 2577 1538 2630 eisdem,
1585 2584 1632 2622 ut
1661 2581 1862 2636 opimius:

111 2644 218 2684 male
260 2645 453 2693 sonabat,
500 2641 713 2694 iisdem;
763 2642 1028 2694 impetratum
1071 2644 1132 2683 est
1172 2653 1196 2682 a
1233 2641 1559 2693 consuetudine,
1607 2648 1653 2686 ut
1689 2658 1862 2698 peccare
1878 2667 1914 2692 50

111 2706 323 2747 suavitatis
354 2719 476 2748 causa
505 2705 663 2747 liceret.
720 2705 771 2745 Et
805 2705 1197 2759 pomeridianas
1236 2705 1529 2760 quadrigas
1568 2720 1688 2762 quam
1726 2712 1865 2760 post-

110 2766 430 2810 meridianas
473 2767 670 2810 libentius
711 2765 890 2808 dixerim
931 2770 972 2808 et
1005 2768 1305 2810 mehercule
1349 2782 1474 2824 quam
1519 2770 1860 2813 mehercules.

204 2956 238 2990 3.
266 2957 417 2991 stlitibus
443 2957 530 2992 Cod.
571 2957 734 2992 Glorierii
771 2957 862 2997 apud
886 2956 1017 2991 Mutet.
1045 2956 1087 2990 V.
1115 2957 1157 2990 L.
1184 2958 1248 2998 12,
1275 2959 1362 2992 20..
1390 2957 1507 2991 litibus
1533 2967 1612 2992 eum
1638 2961 1761 2994 ceteris
1784 2962 1860 2996 RE.

115 3019 153 3029 ·—
177 3013 432 3046 nonnunquam
455 3005 499 3038 Α.
538 3022 580 3029 -
620 3006 655 3038 5.
695 3006 764 3036 duo
790 3005 860 3037 vit.
888 3005 972 3036 RL:
1015 3003 1085 3036 dua
1109 3012 1186 3037 cum
1213 3005 1307 3038 Eius.
1347 3004 1414 3037 Gu.
1443 3006 1476 3038 1.
1503 3005 1536 3037 2.
1575 3006 1722 3048 aliisque
1748 3008 1791 3042 E.
1820 3027 1859 3035 -

112 3051 170 3084 16.
198 3052 269 3084 Eho
295 3056 351 3089 tu,
393 3055 576 3093 cognatum
600 3052 821 3086 distinximus
848 3060 925 3084 cum
953 3051 1093 3083 Handio
1119 3051 1221 3084 Tui-s.
1251 3052 1295 3083 Π.
1325 3060 1360 3092 p.
1387 3051 1489 3084 360.:
1535 3052 1631 3091 Eho,
1666 3057 1703 3086 tu
1735 3063 1863 3099 σοῃηα..

112 3101 184 3130 tum
210 3099 251 3130 E.
276 3115 319 3120 —
345 3098 402 3131 17.
428 3099 553 3131 ibidem
576 3098 627 3139 A,
667 3099 733 3131 Gu.
760 3098 794 3130 3.
822 3116 864 3122 —
904 3099 962 3130 20.
989 3098 1144 3138 sintque,
1167 3101 1248 3138 post
1273 3099 1366 3130 Eius.
1393 3098 1462 3130 Eri.
1492 3098 1540 3130 L:
1575 3100 1671 3133 sint:
1696 3110 1760 3143 que
1780 3109 1862 3144 post

112 3144 161 3182 R,
188 3147 277 3185 sint,
305 3153 394 3186 quae
415 3148 497 3185 post
524 3145 563 3176 Ε.
590 3162 634 3168 —-
674 3146 732 3176 24.
756 3146 968 3185 scripserunt
991 3144 1140 3183 Quintil.
1169 3146 1186 3176 1
1204 3167 1214 3183 ,
1247 3143 1267 3176 3
1284 3167 1294 3184 ,
1330 3145 1388 3177 Μ.
1416 3144 1533 3177 viteb.
1561 3149 1613 3184 et,
1643 3151 1683 3179 ut
1707 3149 1858 3191 videtur,

113 3190 210 3224 Eri-z
254 3197 285 3225 et
310 3193 518 3231 scripserunt
543 3200 621 3223 eum
645 3193 768 3224 ceteris
803 3192 884 3230 RE,
921 3191 984 3224 etsi
1007 3192 1218 3230 scripserunt
1243 3191 1282 3222 L.
1317 3190 1400 3233 (esse
1425 3195 1541 3223 tamen
1564 3194 1679 3226 verius
1704 3195 1791 3238 vn.)
1816 3215 1860 3221 —

112 3238 170 3271 29.
196 3239 323 3271 eisdem
348 3243 424 3278 post
449 3243 563 3270 tamen
586 3239 751 3278 expunxit
775 3238 897 3271 Lamb.
926 3254 963 3261 -
991 3241 1029 3269 ut
1055 3239 1201 3278 opimius
1224 3245 1311 3269 nos:
1340 3242 1380 3270 ut
1405 3239 1554 3279 optimus
1578 3239 1649 3274 vit.
1674 3241 1771 3277 Eius.
1789 3243 1856 3277 Gu-

113 3286 147 3317 1.
163 3307 173 3325 ,
198 3290 238 3319 ut
261 3287 427 3328 optimum
451 3286 502 3324 R,
527 3289 566 3318 uc
591 3286 752 3326 optimius
777 3283 853 3326 (sic)
876 3284 1002 3319 Dresd.
1029 3283 1096 3318 Gu.
1121 3285 1157 3317 2.
1173 3307 1183 3325 ,
1210 3284 1358 3326 opimius
1380 3283 1464 3327 (om.
1489 3283 1541 3328 ut)
1563 3286 1606 3321 E.
