2117 3762
726 249 825 290 LIB.
861 248 894 290 1.
956 247 1000 290 C.
1038 249 1102 289 11.
1142 249 1205 290 12.
1243 248 1307 289 13.
1859 247 1884 289 9

137 373 255 408 eum,
304 359 373 414 qui
407 359 457 399 de
487 357 675 413 pecuniis
705 355 945 411 repetundis
977 356 1192 395 damnatus
1224 355 1300 401 sit,
1354 354 1395 394 in
1429 353 1622 393 contione
1654 353 1884 394 orationem

136 424 307 465 habere.
369 422 506 463 Altera
537 420 604 460 lex
634 416 749 459 iubet
780 430 1002 471 augurem,
1056 417 1096 456 in
1130 417 1334 457 demortui
1367 418 1503 457 locum
1545 416 1613 470 qui
1655 422 1793 471 petat,
1843 417 1886 456 iu

136 487 330 526 contione
364 484 591 524 nominare.
652 484 792 533 Augur
837 481 1004 535 quidam
1046 481 1261 520 damnatus
1303 480 1353 519 de
1394 478 1579 533 pecuniis
1622 479 1883 532 repetundis,

135 550 177 589 in
209 547 413 589 demortui
447 547 584 586 locum
616 544 865 592 nominavit3
915 543 1067 598 petitur
1108 545 1159 583 al)
1193 556 1244 584 eo
1277 544 1443 584 mulcta.
1508 541 1753 582 Constitutio
1787 541 1888 593 legi-

136 612 235 652 tima
286 624 337 650 ex
386 607 602 648 contrariis
653 606 826 659 legibus.
913 607 1005 646 xit.
1068 607 1130 646 Ex
1180 607 1375 659 ambiguo
1426 605 1707 645 controversia
1757 604 1887 643 nasci·
1921 619 1936 645 ⁵

137 680 228 720 tur,
275 685 367 712 cum
408 671 607 723 scriptum
652 670 753 708 (luas
794 674 863 708 aut
902 670 1040 722 plures
1081 670 1303 709 sententias
1342 667 1566 719 significat,
1619 668 1697 707 hoc
1729 667 1883 706 modo:

135 733 432 775 Paterfamilias
474 746 565 772 cum
607 730 735 771 silium
778 732 976 772 heredem
1026 729 1205 777 faceret,
1254 736 1498 770 testamento
1549 744 1643 769 vasa
1694 734 1889 781 argentea

134 797 255 837 uxori
287 795 460 847 legavit:
496 794 525 845 -ξ-
561 796 776 840 Tt*i,1.1t·s‚
823 806 963 834 nnnns
997 805 1138 839 iners,
1186 793 1214 844 η’*
1246 795 1523 838 'situas-rma,
1571 804 1710 833 rxoni
1743 803 1889 838 MEAE,

134 871 247 901 xxx.
273 868 417 898 Poxno
450 868 656 898 VASORL'M
687 867 1018 897 Anoffi'ri-:onttu
1049 867 1192 900 DATO,
1225 867 1338 902 otuu:
1362 867 1516 894 vomer.
1585 856 1681 894 l’ost
1711 859 1887 894 mortem

134 922 222 962 eius
253 934 351 961 vasa
381 920 563 974 pretiosa
595 925 634 959 et
666 920 822 959 caelata
853 916 1066 969 magnifice
1098 918 1201 971 petit
1233 918 1394 957 mulier.
1454 917 1481 967 ξ
1504 918 1661 956 Tullius
1682 930 1747 963 se,
1782 930 1887 971 quae
1903 932 1938 957 ιο

133 985 222 1037 ipse
254 984 375 1030 velit,
420 983 461 1022 in
500 996 598 1022 xxx.
625 984 764 1036 pondo
805 982 841 1022 ei
884 979 1038 1020 debere
1071 979 1184 1021 dicit.
1248 980 1496 1020 Constitutio
1530 986 1589 1018 est
1622 980 1805 1032 legitima
1838 992 1889 1019 ex

132 1047 367 1099 ambiguo..
406 1046 473 1084 21.
509 1046 569 1084 Ex
603 1044 843 1084 delinitione
883 1056 1007 1083 causa
1049 1047 1232 1089 constat,
1284 1056 1375 1081 cum
1418 1042 1458 1081 iu
1493 1042 1777 1082 controversia
1810 1046 1886 1088 est,

133 1121 215 1163 quo
245 1108 413 1149 nomine
446 1108 598 1148 sactum
632 1108 878 1162 appelletur.
941 1108 999 1146 Ea
1031 1111 1093 1145 est
1125 1105 1391 1144 huiusmodi:
1429 1105 1528 1143 Cum
1564 1105 1608 1143 L.
1646 1104 1890 1143 Saturninus

131 1171 265 1224 legem
297 1170 611 1211 frumentariam
643 1169 693 1209 de
727 1169 966 1209 semissibus
995 1174 1035 1209 et
1057 1169 1274 1208 trientibus
1298 1169 1453 1207 laturus
1476 1172 1607 1213 esset,
1642 1168 1691 1215 Q.
1719 1167 1887 1220 Caepio,

132 1233 201 1288 qui
232 1233 274 1272 id
305 1233 503 1286 temporis
536 1237 730 1286 quaestor
759 1233 942 1271 urbanus
987 1236 1098 1278 erat,
1144 1230 1285 1269 docuit
1326 1235 1512 1269 senatum
1559 1229 1762 1268 aerarium
1807 1229 1887 1282 pati
1903 1243 1938 1269 15

131 1307 215 1335 non
245 1307 366 1350 posse
399 1295 664 1348 largitionem
696 1298 866 1333 tantam.
931 1294 1105 1333 Senatus
1137 1291 1346 1339 decrevit,
1382 1293 1413 1332 si
1447 1304 1539 1332 eam
1570 1292 1703 1344 legem
1735 1292 1783 1331 ad
1816 1303 1890 1345 po-

129 1357 272 1412 pulum
318 1356 446 1404 serat,
494 1355 692 1396 adversus
739 1369 826 1396 rem
866 1353 1074 1410 publicam
1118 1355 1249 1395 videri
1289 1367 1382 1394 eum
1428 1355 1579 1394 facere.
1648 1353 1890 1394 Saturninus

130 1420 241 1460 serre
274 1420 427 1471 coepit.
492 1419 686 1472 Collegae
718 1419 992 1458 intercedere.
1054 1418 1129 1458 Ille
1162 1416 1291 1457 nihilo
1324 1418 1460 1457 minus
1493 1417 1693 1456 cistellam
1726 1416 1886 1455 detulit.

133 1482 312 1536 Caepio,
358 1487 403 1521 ut
441 1480 558 1521 illum
590 1486 735 1521 contra
767 1482 804 1523 S.
839 1480 909 1527 C.‚
945 1478 1295 1520 intercedentibus
1328 1481 1527 1533 collegis,
1575 1481 1770 1519 adversus
1802 1491 1889 1519 rem

130 1544 338 1598 publicam
370 1542 473 1583 vidit
503 1544 635 1590 ferre,
683 1556 775 1582 cum
807 1543 906 1582 viris
938 1543 1058 1583 bonis
1090 1543 1288 1596 impetum
1321 1543 1447 1590 facit,
1496 1547 1643 1596 pontes
1676 1539 1888 1588 disturbat,
1903 1556 1939 1581 20

132 1607 254 1646 cistas
298 1607 460 1653 deiicit,
510 1606 807 1661 impedimento
850 1611 934 1652 est,
984 1618 1066 1660 quo
1107 1605 1240 1644 secius
1285 1605 1442 1645 feratur
1491 1603 1612 1658 [lex]:
1670 1605 1890 1645 arcessitur

133 1669 286 1723 Caepio
317 1670 558 1709 maiestatis.
623 1668 871 1709 Constitutio
904 1673 965 1707 est
996 1668 1178 1719 legitima
1211 1682 1262 1707 ex
1294 1666 1551 1707 delinitione.
1631 1668 1889 1707 Vocabulum

132 1732 240 1771 enim
289 1730 484 1771 delinitur
532 1732 685 1785 ipsum,
736 1745 827 1771 cum
870 1730 1104 1785 quaeritur,
1155 1731 1253 1784 quid
1297 1730 1348 1769 sit
1387 1729 1572 1769 minuere
1616 1730 1885 1770 maiestatem.

130 1795 198 1833 22.
241 1793 303 1832 Ex
348 1792 616 1832 translatione
661 1792 943 1833 controversia
983 1793 1193 1839 nascitur,
1247 1806 1338 1831 cum
1379 1798 1449 1831 aut
1493 1798 1655 1845 tenipus
1696 1791 1890 1831 differen-

131 1856 227 1895 dum
259 1859 329 1894 aut
361 1861 643 1895 accusatorem
677 1856 917 1894 mutandum
950 1861 1019 1894 aut
1050 1856 1206 1895 iudices
1237 1856 1456 1895 mutandos
1488 1869 1582 1894 reus
1615 1854 1729 1893 dicit.
1800 1854 1887 1893 Hac
1901 1867 1937 1892 25

132 1922 250 1972 parte
293 1917 599 1957 constitutionis
642 1917 789 1957 Graeci
829 1918 870 1956 in
916 1918 1104 1965 iudiciis,
1158 1930 1233 1956 nos
1274 1918 1315 1956 in
1359 1918 1447 1957 iure
1489 1917 1599 1956 civili
1645 1918 1888 1970 plerumque

129 1980 297 2019 utimur.
360 1980 406 2018 In
439 1980 516 2019 hac
548 1985 664 2034 parte
696 1993 772 2020 nos
805 1979 905 2020 iuris
938 1980 1069 2020 civilis
1092 1979 1262 2019 scientia
1284 1978 1468 2027 iuvabit;
1503 1980 1543 2018 in
1567 1979 1728 2018 iudiciis
1750 1984 1887 2018 tamen

129 2042 320 2082 nonnihil
350 2043 532 2090 utimur,
567 2048 612 2082 ut
642 2043 722 2083 hoc
754 2044 905 2083 modo:
941 2044 982 2084 Si
1017 2044 1107 2097 quis
1138 2043 1352 2096 peculatus
1384 2047 1624 2088 accusatur,
1659 2043 1769 2096 quod
1792 2055 1889 2081 vasa

130 2110 323 2158 argentea
355 2103 521 2159 publica
552 2106 603 2145 de
635 2106 728 2145 loco
760 2105 922 2159 privato
956 2105 1115 2145 dicatur
1147 2105 1358 2144 sustulisse
1378 2136 1388 2152 ‚
1435 2105 1565 2159 possit
1596 2105 1759 2151 dicere,
1795 2118 1886 2144 cum

131 2166 373 2209 definitione
404 2169 456 2207 sit
486 2182 609 2215 usus,
653 2168 751 2222 qnid
783 2168 835 2207 sit
866 2169 1044 2213 furtum,
1080 2167 1178 2221 quid
1210 2168 1449 2221 peculatuS‚
1503 2181 1642 2206 secum
1675 2167 1770 2206 surti
1804 2167 1938 2219 agi‚³o

129 2243 214 2270 non
244 2231 457 2285 peculatus
489 2234 697 2282 oportere.
758 2230 871 2269 Haec
917 2229 1083 2284 partitio
1132 2229 1341 2281 legitimae
1381 2229 1686 2269 constitutionis
1727 2230 1790 2269 his
1836 2230 1886 2268 de

130 2293 263 2332 causis
301 2305 396 2333 raro
437 2293 551 2332 venit
581 2293 623 2331 in
663 2293 891 2339 iudicium,
941 2293 1052 2346 quod
1091 2292 1131 2331 in
1165 2292 1323 2345 privata
1355 2292 1516 2331 actione
1550 2292 1784 2343 praetoriae
1817 2304 1888 2330 ex-

130 2354 342 2409 ceptiones
386 2360 480 2394 sunt
525 2359 566 2395 et
612 2368 734 2394 causa
784 2354 893 2393 cadit
942 2355 997 2401 is,
1047 2354 1115 2408 qui
1156 2366 1264 2401 non,
1317 2355 1666 2408 quemadmodum
1706 2358 1884 2407 oportet,

131 2417 282 2470 egerit3
337 2422 378 2458 et
420 2418 462 2456 in
508 2417 684 2471 publicis
726 2417 1037 2471 quaestionibus
1070 2421 1236 2456 cavetur
1266 2417 1453 2469 legibus,
1502 2421 1547 2456 ut
1578 2421 1699 2464 ante,
1750 2416 1782 2455 si
1815 2428 1887 2454 reo

129 2479 393 2519 commodum
427 2480 506 2527 sit,
553 2480 750 2520 iudicium
784 2481 835 2519 de
866 2484 1105 2519 accusatore
1136 2478 1231 2525 fiat,
1280 2485 1417 2518 utrum
1449 2479 1508 2518 illi
1540 2478 1662 2517 liceat
1693 2490 1884 2518 accusare
1901 2489 1936 2515 ³5

129 2555 276 2582 necne.
337 2542 450 2582 X111.
501 2543 569 2582 23.
603 2543 666 2582 Ex
697 2542 1014 2582 ratiocinatione
1046 2543 1330 2582 controversia
1363 2547 1543 2589 constat,
1579 2554 1670 2581 cum
1703 2555 1767 2581 res
1798 2540 1886 2579 sine

221 2679 256 2712 ἅ.
299 2678 506 2711 Constitutio
533 2680 689 2720 leqitima
713 2680 912 2712 PABFRT:
956 2681 1165 2711 constitutio
1201 2680 1284 2710 haec
1311 2679 1464 2720 leqitima
1494 2684 1541 2710 est
1570 2680 1608 2710 E.
1654 2695 1692 2701 —
1735 2679 1768 2710 6.
1810 2688 1887 2709 cum

132 2727 302 2766 scriptum
319 2728 408 2758 duas
432 2727 582 2758 ABFn'r
603 2733 636 2759 et
654 2736 741 2759 corr.
763 2729 883 2759 eadem
905 2736 949 2757 m.
970 2727 1020 2757 P:
1049 2737 1123 2757 cum
1148 2736 1201 2757 res
1226 2728 1263 2757 in
1287 2736 1392 2757 unum
1416 2727 1619 2758 sententium
1645 2729 1773 2766 scriptu
1797 2727 1888 2756 duas

133 2781 208 2803 cum
229 2771 363 2805 Graevii
393 2774 476 2805 (lod.
500 2774 525 2805 E
543 2797 551 2811 ‚
581 2783 656 2805 cum
679 2782 735 2804 res
756 2784 862 2805 unam
887 2775 1095 2805 sententiam
1116 2775 1247 2812 scripta
1264 2776 1431 2812 scriptum
1448 2775 1537 2804 duas
1565 2782 1615 2812 pr.
1637 2773 1679 2811 P,
1706 2783 1778 2805 cum
1797 2782 1833 2802 re
1851 2773 1888 2803 in

132 2828 239 2850 unum
255 2821 461 2851 sententiam
487 2821 618 2860 scripta
644 2822 807 2859 scriptum
832 2823 920 2852 duas
949 2821 1085 2852 volebat
1111 2820 1191 2851 Seli.
1219 2820 1279 2850 csr.
1311 2822 1351 2850 de
1374 2822 1507 2850 invent.
1529 2820 1561 2856 2,
1586 2820 1660 2850 116.
1683 2836 1722 2842 -
1752 2821 1784 2849 8.
1810 2819 1888 2850 Tul-

132 2866 198 2896 litus
227 2871 260 2897 et
280 2866 458 2897 Terentiae
485 2871 622 2899 nomina
650 2874 730 2898 sunt
750 2869 868 2906 prucul
889 2868 994 2898 dubio
1022 2868 1196 2899 subditiva
1223 2875 1261 2897 ac
1288 2867 1431 2898 sortasse
1459 2867 1667 2905 legendum:
1700 2867 1810 2897 Titius
1836 2883 1849 2888 -
1874 2881 1888 2887 -

135 2913 258 2943 Titiae.
285 2929 318 2934 -
354 2915 409 2943 10.
427 2915 605 2955 maynifice
628 2916 727 2954 petil.
755 2915 876 2945 metius
893 2924 938 2950 se,
967 2914 1041 2954 syll.
1069 2924 1120 2945 me
1146 2923 1318 2952 superscr.
1339 2914 1361 2955 fi
1378 2937 1385 2948 ‚
1416 2919 1451 2943 ut
1469 2916 1513 2944 sit
1530 2913 1633 2953 filius,
1650 2913 1687 2949 Ρ,
1706 2912 1888 2953 maynifice

130 2959 191 2989 illa
223 2960 319 2998 petit.
350 2959 479 2990 Tullius
515 2969 548 2991 se
588 2960 634 2997 B,
669 2963 850 3002 maqni'fice
884 2962 970 3000 petit
1006 2961 1141 2992 mulier.
1180 2961 1268 3000 silius
1301 2969 1334 2990 se
1362 2961 1401 2990 lt.
1429 2975 1468 2982 —
1510 2960 1566 2989 12.
1607 2968 1713 2990 causa
1754 2962 1887 2989 constat

131 3005 336 3037 PABFRT:
364 3010 499 3037 constat
518 3016 624 3037 causa
653 3007 690 3038 E.
712 3024 751 3030 -
780 3006 827 3048 in]
848 3009 926 3038 inde
945 3007 999 3037 131³
1014 3031 1022 3044 ‚
1053 3011 1090 3037 ut
1108 3016 1145 3039 ex
1167 3006 1288 3037 Duisb.
1313 3007 1433 3037 Graev.
1457 3021 1494 3027 —-
1523 3005 1578 3036 14.
1602 3005 1641 3044 Q.
1665 3016 1733 3037 om.
1754 3006 1884 3036 PAFR.

133 3051 258 3084 Graev.
291 3068 327 3074 —
359 3053 413 3083 15.
445 3054 502 3092 qui
526 3054 561 3083 id
590 3063 639 3092 pr.
669 3054 722 3085 T:
752 3056 809 3092 qui
832 3063 894 3094 per
920 3055 955 3084 id
983 3055 1148 3089 muriz,
1179 3061 1268 3083 corr.
1297 3054 1346 3089 T,
1380 3053 1416 3082 F..
1445 3068 1487 3073 —
1515 3052 1570 3082 18.
1598 3053 1746 3083 sitellam
1774 3051 1883 3083 codd.

131 3100 222 3137 apud
264 3099 383 3129 Lamb.
404 3121 412 3133 .
455 3104 650 3131 nostrorum
690 3101 815 3131 nullus.
848 3118 885 3123 -—
916 3101 970 3131 19.
1003 3100 1036 3131 S.
1067 3101 1102 3132 C.
1133 3108 1199 3129 um.
1232 3099 1417 3130 tuni-‘mx
1444 3114 1484 3119 —
1515 3098 1576 3129 Vv.
1608 3100 1777 3130 adversus
1813 3107 1887 3129 rem

127 3146 302 3185 publicam
328 3145 467 3176 seclusit
495 3146 518 3176 E
537 3168 546 3182 ‚
583 3147 650 3177 del.
679 3147 759 3178 Sch.
812 3147 879 3177 Sed
918 3150 951 3178 in
990 3147 1053 3177 lioc
1089 3150 1257 3184 scriptore
1299 3147 1381 3176 nihil
1409 3146 1607 3177 huiusmodi
1636 3152 1765 3178 temere
1793 3146 1886 3176 dam-

132 3193 286 3223 nandum
315 3196 377 3222 est.
425 3208 456 3214 —
500 3192 558 3222 ⁶21.
601 3193 657 3223 lea:
689 3203 757 3224 om.
788 3193 945 3224 PABFT.
998 3194 1068 3224 Nos
1095 3195 1313 3225 scrin-iuius.
1353 3209 1388 3214 —
1434 3193 1490 3223 27.
1535 3193 1654 3224 Nullus
1689 3197 1885 3223 nosti-orum

131 3240 272 3270 scientia
298 3239 449 3269 maxime
473 3238 630 3272 iuvabit,
667 3245 705 3270 ut
730 3248 806 3270 cuin
836 3243 952 3278 paucis
979 3239 1017 3270 L.
1049 3256 1087 3261 -
1128 3239 1184 3269 28.
1210 3240 1343 3269 utimur
1371 3239 1570 3270 PABFRT:
1613 3249 1652 3271 ea
1685 3241 1817 3269 utimur
1845 3238 1883 3269 E.

132 3301 173 3306 —-
199 3289 237 3316 ut
261 3285 322 3316 hoc
351 3284 519 3316 PABFT:
563 3285 623 3317 hoc
649 3285 700 3326 E,
726 3290 757 3317 et
780 3287 841 3320 hoc
867 3287 909 3320 R.
937 3302 978 3308 —
1004 3289 1194 3318 accusatur
1219 3285 1399 3317 PABFRT
1425 3292 1459 3319 ct
1495 3288 1601 3320 ceteri
1641 3286 1754 3319 adhuc
1788 3287 1882 3317 noti:

133 3335 314 3364 accusetur
340 3333 366 3364 E
395 3333 484 3364 coni.
