2117 3762
848 225 892 265 C.
927 227 966 265 5.
1001 226 1039 269 6.
1070 227 1110 266 7.
1776 225 1856 266 459

109 345 273 379 earum,
304 345 410 388 quae
431 331 727 387 intelliguntur.
788 332 855 374 27.
876 332 976 372 Esse
1000 345 1047 372 ea
1069 332 1161 373 dico
1177 363 1186 379 ‚
1220 344 1326 386 quae
1348 330 1461 372 cerni
1485 328 1645 384 tangive
1664 336 1854 385 possunt,

107 400 153 436 ut
181 393 351 436 fundum
383 398 526 442 aedes,
567 395 763 450 parietem
794 393 1065 446 stillicidium,
1107 395 1355 447 mancipium
1403 395 1628 449 pecudem,
1682 392 1858 447 supelle-

108 457 243 497 ctilem
267 470 418 513 penus,
450 463 607 506 cetera;
637 469 721 511 quo
742 469 793 497 ex
825 471 974 507 genere
1006 456 1208 513 quaedam
1240 456 1446 497 interdum
1478 453 1596 497 vobis
1627 454 1858 496 definienda

106 525 213 564 sunt.
274 522 363 560 Non
395 533 483 561 esse
513 533 657 560 rursus
688 532 735 560 ea
766 519 879 567 dico,
915 534 1019 575 quae
1053 519 1163 574 tangi
1193 518 1522 560 demonstrarive
1554 531 1637 559 non
1668 523 1855 573 possunt,

108 581 221 623 cerni
251 587 386 624 tamen
415 583 550 623 animo
582 587 703 637 atque
735 582 904 637 intelligi
937 589 1132 636 possunt,
1180 587 1225 622 ut
1256 581 1290 622 si
1323 582 1641 636 usucapionem,
1689 580 1724 622 si
1755 585 1889 621 tute-s

106 643 213 692 lam,
260 646 293 685 si
323 651 507 699 gentem,
552 643 586 686 si
615 646 875 697 agnationem
907 644 1100 694 delinias3
1153 657 1329 699 quarum
1364 657 1502 685 rerum
1533 643 1688 685 nullum
1719 641 1862 684 subest

107 706 225 762 quasi
264 720 436 763 corpus,
483 712 545 748 est
584 713 721 748 tamen
753 709 955 761 quaedam
987 706 1263 748 conformatio
1293 706 1485 760 insignita
1515 713 1555 747 et
1585 706 1786 760 impressa
1815 706 1858 746 in

106 769 392 824 intelligentia,
445 782 565 824 quam
605 770 818 812 notionem
857 784 976 812 voco.
1036 772 1096 811 Ea
1125 781 1250 821 saepe
1280 766 1322 808 in
1353 769 1682 821 argumentando
1715 765 1860 808 defini-

106 832 220 874 tione
249 831 494 885 explicanda
539 838 615 873 est.
693 835 759 874 28.
811 837 942 888 Atque
973 832 1095 874 etiam
1127 829 1385 872 definitiones
1415 831 1520 871 aliae
1551 836 1646 871 sunt
1674 831 1862 886 partitio-

105 910 228 943 num,
269 893 373 935 aliae
405 894 677 937 divisionum:
724 895 1018 948 partitionum,
1059 907 1150 935 cum
1181 906 1248 933 res
1279 906 1352 941 ea,
1386 906 1490 947 quae
1521 893 1737 947 proposita
1768 898 1911 942 est,1o

105 959 221 1012 quasi
253 957 294 997 in
324 958 513 997 membra
544 958 810 1013 discerpitur;
860 963 906 997 ut
935 958 969 997 si
999 958 1090 1011 quis
1121 955 1184 996 ius
1215 956 1335 996 civile
1368 955 1477 996 dicat
1507 956 1548 996 id
1587 969 1702 1004 esse,
1747 955 1861 1010 quod

104 1021 145 1060 in
175 1018 354 1073 legibus,
387 1025 551 1059 senatus
582 1019 801 1067 consultis,
832 1020 957 1060 rebus
987 1019 1199 1066 iudicatis,
1231 1017 1568 1072 iurisperitorum
1599 1018 1859 1067 auctoritate,

104 1081 247 1123 edictis
278 1081 610 1136 magistratuum,
641 1095 778 1130 more,
809 1081 1016 1136 aequitate
1048 1082 1257 1122 consistat.
1303 1080 1565 1121 Divisionum
1591 1087 1730 1122 autem
1761 1079 1861 1122 defi-

100 1144 205 1186 nitio
248 1142 402 1186 formas
445 1157 589 1185 omncs
634 1144 953 1199 complectitur,
1007 1156 1114 1198 quae
1158 1145 1236 1184 sub
1282 1157 1332 1184 eo
1379 1156 1531 1196 genere
1583 1149 1703 1192 sunt,
1750 1142 1863 1200 quod

102 1205 319 1255 definitur,
366 1208 447 1248 hoc
477 1205 626 1248 modo:
676 1205 934 1247 Abalienatio
967 1212 1029 1247 est
1058 1206 1147 1247 eius
1177 1206 1259 1252 rei,
1307 1218 1412 1260 quae
1452 1204 1629 1261 mancipi
1660 1211 1746 1254 est,
1792 1211 1910 1248 aut1⁵

102 1269 274 1312 traditio
318 1269 437 1311 alteri
479 1282 590 1310 nexu
631 1275 702 1310 aut
735 1270 776 1310 in
816 1268 906 1310 iure
947 1267 1107 1316 cessio,
1159 1268 1269 1308 inter
1297 1281 1401 1323 quos
1433 1281 1482 1309 ea
1511 1269 1602 1310 iure
1634 1268 1742 1310 civili
1772 1267 1861 1311 fieri

101 1338 290 1386 possunt.
350 1333 420 1373 vt.
461 1332 566 1372 Sunt
603 1333 728 1372 etiam
759 1331 840 1372 alia
870 1345 1024 1385 genera
1053 1329 1364 1379 definitionum,
1409 1329 1484 1372 sed
1523 1329 1575 1372 ad
1605 1331 1729 1372 huius
1767 1330 1862 1373 libri

100 1396 333 1436 institutum
363 1393 431 1435 illa
460 1393 562 1434 nihil
592 1395 824 1448 pertinent;
872 1400 1029 1436 tantum
1061 1399 1123 1435 est
1152 1394 1396 1441 dicendum,
1428 1394 1497 1448 qui
1528 1395 1580 1434 sit
1609 1392 1862 1435 definitionis

101 1456 264 1500 modus.
324 1459 392 1498 29.
426 1455 493 1498 Sic
522 1456 650 1510 igitur
678 1462 841 1498 veteres
871 1455 1148 1512 praecipiunt:
1181 1470 1274 1498 cum
1300 1457 1527 1512 sumpseris
1549 1469 1617 1505 ea,
1653 1470 1757 1512 quae
1780 1457 1861 1497 sint

102 1521 140 1562 ei
170 1519 259 1569 rei,
305 1533 428 1576 quam
459 1517 634 1560 definire
664 1518 788 1566 velis,
833 1532 925 1560 cum
961 1520 1051 1560 aliis
1092 1519 1352 1567 communia,
1398 1531 1529 1574 usque
1560 1533 1609 1560 eo
1640 1517 1911 1574 persequi,2o

101 1585 199 1625 dum
235 1583 452 1637 proprium
492 1579 720 1630 efficiatur‘‚
770 1584 881 1637 quod
920 1581 1073 1623 nullam
1114 1583 1155 1623 in
1187 1581 1310 1623 aliam
1339 1595 1428 1623 rem
1460 1580 1677 1623 transferri
1708 1580 1855 1635 possit.

100 1648 150 1688 Ut
179 1648 282 1695 hoc,
329 1644 549 1687 Hereditas
588 1651 649 1685 est
682 1646 873 1698 pecunia.
935 1645 1162 1686 Commune
1194 1643 1352 1694 adhuc;
1405 1643 1533 1685 multa
1564 1643 1675 1685 enim
1706 1657 1860 1698 genera

98 1709 313 1765 pecuniae.
371 1706 488 1748 Adde
519 1709 630 1762 quod
660 1706 870 1762 sequitur:
911 1721 1017 1762 quae
1048 1713 1182 1748 morte
1211 1706 1385 1748 alieuius
1416 1705 1469 1748 ad
1498 1709 1734 1762 quempiam
1766 1721 1861 1763 per-

101 1771 227 1814 venit.
288 1772 480 1812 Nondum
510 1775 572 1810 est
601 1768 810 1819 definitio;
858 1769 999 1810 multis
1039 1771 1148 1810 enim
1180 1769 1315 1811 modis
1345 1770 1434 1811 sine
1464 1769 1693 1812 hereditate
1726 1769 1859 1812 teneri

100 1841 361 1876 mortuorum
392 1833 590 1888 pecuniae
621 1837 808 1887 possunt.
870 1833 1001 1873 Unum
1033 1831 1138 1873 adde
1177 1831 1375 1874 verbum:
1422 1834 1533 1882 iure;
1580 1832 1660 1874 iam
1693 1847 1715 1874 a
1748 1844 1909 1874 com-2⁵

99 1897 296 1939 munitate
327 1909 393 1937 res
424 1896 624 1936 disiuncta
653 1895 881 1942 videbitur,
923 1900 970 1935 ut
998 1894 1052 1936 sit
1081 1897 1283 1950 explicata
1314 1894 1497 1937 definitio
1529 1897 1608 1938 sic:
1639 1897 1859 1937 Hereditas

100 1966 163 2002 est
191 1958 389 2013 pecunia,
432 1971 537 2013 quae
567 1963 698 1998 morte
730 1956 903 1999 alicuius
934 1957 984 1999 ad
1015 1958 1251 2013 quempiam
1281 1960 1473 2014 pervenit
1502 1959 1607 2002 iure.
1667 1958 1860 2000 Nondum

100 2028 162 2064 est
190 2024 309 2072 satis3
356 2022 484 2070 adde,
529 2034 604 2062 nec
645 2034 695 2061 ea
732 2026 802 2062 aut
838 2020 971 2075 legata
1004 2027 1249 2062 testamento
1281 2026 1351 2062 aut
1380 2023 1644 2077 possessione
1675 2028 1857 2072 retenta3

99 2083 331 2126 confectum
361 2089 437 2126 est.
498 2085 707 2139 Itemque,
752 2089 798 2124 ut
827 2082 950 2125 illud:
1003 2083 1188 2126 Gentiles
1227 2090 1322 2125 sunt
1351 2086 1462 2125 inter
1493 2098 1562 2133 se,
1610 2086 1680 2140 qui
1712 2086 1860 2126 eodem

99 2146 267 2188 nomine
307 2152 415 2188 sunt.
476 2149 567 2188 Non
612 2151 675 2188 est
717 2147 829 2188 satis.
892 2148 972 2196 Qui
1012 2146 1064 2188 ab
1108 2148 1298 2200 ingenuis
1339 2147 1504 2188 oriundi
1547 2154 1656 2189 sunt.
1718 2145 1906 2189 Ne'idso

101 2208 268 2264 quidem
307 2211 402 2251 satis
440 2214 516 2250 est.
578 2210 764 2258 Quorum
805 2210 1010 2251 maiorum
1048 2222 1172 2251 nemo
1213 2211 1455 2251 servitutem
1493 2210 1675 2252 servivit.
1734 2212 1862 2251 Abest

100 2273 348 2313 etiamnunc.
425 2272 507 2320 Qui
551 2271 685 2325 capite
727 2284 811 2311 non
855 2279 950 2314 sunt
994 2271 1211 2314 deminuti.
1281 2274 1372 2313 Hoc
1416 2272 1590 2314 fortasse
1638 2276 1734 2315 satis
1780 2278 1857 2314 est.

99 2334 210 2376 Nihil
248 2334 358 2375 enim
396 2333 519 2375 video
560 2332 798 2374 Scaevolam
835 2332 1072 2388 pontificem
1104 2334 1156 2376 ad
1187 2334 1289 2376 hanc
1320 2334 1601 2377 definitionem
1634 2335 1856 2377 addidisse.

98 2400 234 2452 Atque
265 2399 365 2438 haec
395 2396 498 2437 ratio
531 2396 639 2437 valet
667 2395 710 2436 in
749 2400 926 2450 utroque
966 2409 1118 2449 genere
1159 2396 1467 2444 definitionum,
1514 2400 1601 2440 sive
1632 2399 1699 2447 id,
1747 2397 1858 2454 quod

100 2466 183 2508 est,
215 2459 300 2501 sive
322 2460 388 2508 id,
424 2457 535 2515 quod
555 2457 822 2512 intelligitur,
856 2457 1132 2500 definiendum
1154 2465 1229 2500 est.
1291 2463 1358 2502 30.
1389 2462 1663 2503 Partitionum
1689 2459 1854 2515 [autem]
1873 2469 1908 2497 ³⁵

101 2528 142 2564 et
171 2522 420 2564 divisionum
453 2535 580 2577 genus
612 2521 732 2577 quale
765 2528 895 2570 esset,
930 2521 1211 2571 ostendimus,
1246 2524 1317 2564 sed
1341 2524 1440 2577 quid
1461 2523 1567 2564 inter
1587 2538 1630 2565 se
1653 2523 1856 2571 disserant,

98 2586 262 2640 planius
279 2584 496 2626 dicendum
518 2590 590 2626 est.
635 2586 681 2625 In
699 2585 918 2639 partitione
940 2584 1057 2640 quasi
1079 2587 1265 2626 membra
1285 2591 1405 2634 sunt,
1440 2592 1487 2628 ut
1507 2588 1713 2642 corporis,
1738 2590 1860 2638 caput

99 2648 286 2696 humeri,
318 2660 465 2688 manus
497 2647 645 2694 latera,
687 2660 808 2688 crura
838 2648 964 2702 pedes
995 2653 1036 2688 et
1065 2652 1224 2697 cetera;
1270 2649 1359 2689 VII.
1393 2648 1436 2690 in
1467 2649 1668 2690 divisione
1700 2648 1857 2690 formae

104 2707 254 2763 [sunt],
301 2722 401 2766 quas
443 2710 590 2751 Graeci
629 2713 715 2761 εἴδη
757 2716 932 2760 vocant;
985 2712 1132 2757 nostri,
1179 2711 1214 2751 si
1253 2712 1325 2766 qui
1361 2713 1463 2753 haec
1505 2712 1615 2753 forte
1659 2716 1857 2758 tractant,

194 2846 228 2879 3.
253 2848 349 2880 vobis
375 2846 459 2887 (scil.
488 2850 563 2881 iure
591 2846 769 2885 consultis)
796 2856 840 2880 a:
878 2848 978 2880 nobis
1003 2849 1030 2880 E
1057 2857 1133 2880 cnm
1162 2851 1302 2882 ceteris.
1343 2865 1383 2871 —
1423 2849 1457 2880 7.
1485 2851 1523 2881 in
1547 2849 1775 2890 intelliyentia
1803 2849 1859 2881 Vi-

102 2895 256 2926 ctorius:
284 2895 514 2936 intelligentia
539 2896 565 2927 E
591 2904 667 2928 cum
697 2895 807 2927 Codd.
838 2898 983 2932 nostris,
1022 2896 1268 2938 intelliqenciae
1293 2902 1354 2934 ψ,
1382 2896 1458 2933 BV,
1490 2896 1608 2928 Lamb.
1655 2911 1694 2917 -
1737 2895 1770 2926 9.
1809 2899 1859 2928 est

101 2951 119 2973 a
137 2940 306 2978 heder,
333 2941 410 2986 Bp.
440 2941 482 2980 N,
513 2943 594 2974 BV:
622 2948 703 2974 sunt
731 2945 764 2974 in
786 2951 853 2982 mg.
873 2950 905 2979 a,
941 2942 1048 2982 Valla,
1071 2943 1108 2974 E.
1131 2959 1170 2965 -
1199 2943 1254 2973 17.
1276 2944 1379 2974 etiam
1405 2951 1422 2973 a
1441 2944 1554 2974 bede
1572 2966 1580 2980 ,
1608 2942 1649 2978 B,
1669 2942 1708 2979 U,
1739 2942 1857 2975 Valla:

102 2992 131 3019 et
159 2987 229 3024 (E,
259 2988 351 3027 quod
379 2988 536 3020 defendit
564 2989 664 3020 lland
691 2989 792 3021 Turs.
822 2989 866 3018 Η.
896 2997 928 3026 p.
955 2989 1035 3020 507.
1080 2989 1148 3020 Sed
1175 2997 1370 3029 repugnare
1398 2990 1492 3020 vides
1519 2992 1668 3026 optimos
1694 2998 1854 3030 quosque

103 3034 214 3067 Codd.
256 3050 292 3056 —
334 3034 390 3066 22.
418 3043 544 3075 yenera
569 3036 713 3067 abcdt'
736 3036 788 3067 B:
827 3042 957 3075 qenera
982 3040 1065 3066 sunt
1094 3036 1118 3066 E
1146 3044 1224 3067 cum
1250 3045 1267 3068 e
1293 3036 1441 3075 aliisque
1469 3040 1503 3067 et
1530 3035 1616 3066 Edd.
1647 3038 1784 3067 ceteris.
1815 3053 1854 3060 —

102 3082 159 3114 29.
185 3081 276 3112 inter
301 3089 360 3119 se,
387 3082 445 3121 qui
471 3082 580 3113 abed
597 3083 631 3113 t:
660 3083 719 3122 qut
744 3084 834 3114 inter
857 3089 891 3113 se
916 3083 989 3114 eE.
1041 3082 1192 3114 Alteram
1221 3084 1390 3114 rationem
1419 3083 1518 3113 unice
1546 3087 1674 3114 rectam
1703 3091 1776 3114 esse
1797 3083 1856 3114 de-

102 3132 272 3160 monstrat
296 3130 492 3159 necessaria
519 3129 693 3160 distinctio
712 3127 861 3160 Gentiles
887 3134 964 3160 sunt
990 3129 1081 3160 inter
1098 3137 1151 3164 se,
1179 3130 1255 3168 qui.
1285 3136 1361 3159 cum
1391 3131 1422 3159 in
1451 3128 1556 3160 altera
1584 3128 1733 3161 Gentiles
1759 3135 1851 3163 sunt,

102 3175 160 3216 qui
186 3176 277 3206 inter
301 3182 334 3204 se
361 3183 413 3205 vv.
442 3175 532 3205 inter
555 3183 589 3205 se
614 3182 870 3213 supervacanea
896 3177 976 3206 sint.
1019 3192 1056 3198 —
1098 3174 1154 3206 35.
1182 3179 1299 3205 autem
1324 3175 1452 3206 delevit
1478 3175 1625 3211 1.amb.;
1655 3183 1718 3206 nos
1744 3176 1857 3207 seclu-

103 3224 223 3254 slmus.
252 3236 295 3241 —
329 3219 384 3251 38.
412 3224 523 3252 cetera
550 3229 618 3252 om.
645 3226 675 3252 et
703 3221 839 3253 Oxonn.
869 3224 950 3253 tres.
1000 3221 1114 3253 Nostri
1141 3226 1279 3252 servant
1305 3226 1348 3252 et.
1385 3237 1420 3242 —-
1467 3220 1524 3252 39.
1553 3226 1633 3253 sunt
1659 3231 1728 3254 om.
1757 3230 1853 3257 ace,

103 3273 183 3298 sunt
220 3268 353 3309 formae
390 3267 412 3298 t.
472 3267 542 3299 Nos
580 3267 795 3300 seclusimus.
834 3282 879 3288 —-
913 3265 994 3309 εἴδη
1033 3269 1243 3305 Ascensius,
1288 3271 1326 3298 ut
1362 3267 1498 3301 volebat
1528 3267 1633 3300 Sem:
1676 3268 1779 3310 ἰδέας
1812 3267 1852 3306 Ε,

97 3313 276 3347 ΕΙΔΗΑΣ
300 3323 331 3346 a.
