2117 3762
788 284 886 325 LIB.
920 283 971 323 ΙΙ.
1034 282 1077 324 C.
1114 284 1179 325 28.
1217 286 1282 325 29.
1823 289 1902 330 245

160 392 362 433 Graecum
393 405 529 447 neque
560 389 772 437 Latinum,
806 403 927 444 quem
959 396 1067 431 aetas
1099 396 1236 432 nostra
1268 389 1429 438 tulerit,
1462 403 1584 445 quem
1615 403 1697 431 non
1721 396 1761 432 et
1781 405 1901 447 saepe

158 461 197 496 et
229 454 447 507 diligenter
476 453 689 495 audierim.
748 454 911 507 ltaque,
958 456 989 494 si
1022 453 1121 508 quid
1152 460 1209 494 est
1245 456 1283 494 in
1317 467 1406 502 me,
1455 452 1579 508 (quod
1617 453 1698 494 iarn
1735 468 1900 507 sperare

155 518 323 564 videor.
356 518 550 572 qnoniam
581 514 748 571 quidem
778 529 871 563 vos,
905 516 964 556 bis
995 517 1169 565 ingeniis
1201 517 1412 563 homines,
1446 521 1601 556 tantum
1629 529 1780 570 operae
1803 518 1898 557 mihi

155 581 205 621 ad
236 578 484 621 audiendum
516 577 662 631 datis,)
704 591 756 619 ex
788 591 836 618 eo
869 584 953 627 est,
999 580 1108 632 quod
1141 578 1241 619 nibil
1273 580 1490 632 quisquam
1520 591 1699 634 unquam
1733 593 1799 619 me
1830 593 1902 620 au-

156 644 292 684 diente
323 641 407 697 egit
436 647 595 688 orator,
626 639 737 695 quod
769 654 853 682 non
884 644 924 682 in
956 640 1153 682 memoria
1184 654 1273 681 mea
1304 641 1465 695 penitus
1486 639 1696 682 insederit.
1758 642 1931 696 Itaques

154 719 231 759 ego
262 705 318 753 is,
368 704 437 759 qui
465 717 577 750 sum,
624 709 960 758 quantuscunque
992 718 1080 745 sum
1113 705 1163 743 ad
1195 702 1478 751 iudicandum,
1530 704 1720 744 omnibus
1750 702 1899 744 auditis

154 769 413 815 oratoribus,
446 767 532 807 sine
563 763 644 806 ulla
675 766 928 807 dubitatione
959 768 1016 807 sic
1047 771 1179 807 statuo
1212 771 1251 805 et
1280 763 1439 812 iudico,
1474 764 1680 806 neminem
1712 765 1897 807 omnium

154 836 214 872 tot
243 835 283 871 et
312 834 445 876 tanta,
494 833 647 882 quanta
677 830 756 869 sint
785 830 826 869 in
858 831 1026 877 Crasso,
1068 826 1260 868 habuisse
1291 833 1532 868 ornamenta
1562 827 1738 869 dicendi.
1803 830 1896 870 123.

154 893 457 943 Quamobrem,
492 892 524 931 si
555 903 630 931 vos
661 904 826 945 quoque
859 890 935 932 hoc
968 892 1075 932 idem
1107 891 1371 937 existimatis,
1405 904 1487 931 non
1520 890 1623 938 erit,
1657 896 1701 932 ut
1731 890 1896 945 opinor,

150 954 289 1010 iniqua
318 951 507 1008 partitio,
542 951 596 1000 si,
631 966 720 993 cum
753 966 830 1007 ego
861 955 969 995 bunc
999 958 1226 1001 oratorem,
1261 966 1382 1007 quem
1415 965 1522 993 nunc
1551 951 1680 1006 fingO,
1711 958 1756 994 ut
1784 954 1948 994 insti-10

150 1017 231 1064 tui,
274 1028 442 1062 crearo,
484 1014 646 1063 aluero,
690 1016 959 1063 confirmaro,
1006 1017 1162 1056 tradam
1195 1029 1289 1056 eum
1322 1016 1468 1056 Crasso
1500 1020 1540 1056 et
1569 1015 1826 1057 vestiendum
1857 1021 1899 1057 et

149 1079 393 1120 ornandum.

262 1141 354 1181 124.
402 1143 504 1182 Tum
538 1142 725 1188 Crassus,
767 1144 828 1182 Tu
859 1155 983 1190 vero,
1016 1140 1172 1196 inquit,
1205 1141 1377 1188 Antoni,
1409 1153 1560 1195 perge,
1594 1145 1638 1181 ut
1668 1140 1894 1182 instituisti.

147 1205 290 1258 Neque
321 1205 430 1244 enim
461 1209 521 1244 est
552 1205 649 1245 boni
682 1218 816 1260 neque
847 1203 1027 1245 liberalis
1058 1203 1264 1260 parentiS,
1312 1216 1433 1258 quem
1463 1203 1696 1258 procrearis
1727 1210 1768 1245 et
1798 1206 1900 1245 edu-

147 1267 281 1315 xeris,
314 1280 408 1307 eum
439 1280 521 1308 non
555 1272 595 1307 et
625 1268 775 1307 vestire
808 1272 847 1308 et
878 1280 1046 1317 ornare;
1081 1267 1327 1320 praesertim
1359 1279 1451 1306 cum
1479 1271 1516 1305 te
1538 1265 1786 1318 locupletem
1809 1278 1945 1308 esse1⁵

146 1343 298 1385 negare
329 1343 411 1370 non
442 1331 589 1383 possis,
650 1329 770 1379 Quod
812 1331 920 1370 enim
960 1335 1270 1377 ornamentum,
1324 1342 1428 1384 quac
1468 1327 1553 1376 vis,
1605 1329 1674 1382 qui
1718 1329 1896 1377 animus,

147 1406 252 1448 quae
284 1391 459 1446 dignitas
490 1392 548 1433 illi
579 1391 733 1433 oratori
764 1392 913 1440 defuit,
962 1391 1031 1447 qui
1073 1393 1114 1431 in
1156 1405 1277 1433 causa
1314 1392 1545 1446 peroranda
1581 1404 1665 1432 non
1696 1390 1898 1432 dubitavit

147 1453 326 1496 excitare
367 1468 484 1496 reum
529 1456 788 1495 consularem
831 1461 871 1495 et
909 1453 995 1495 cius
1027 1454 1246 1495 diloricare
1278 1455 1455 1495 tunicam
1486 1458 1528 1495 et
1556 1453 1760 1495 iudicibus
1791 1453 1898 1495 cica-

145 1519 268 1560 trices
299 1519 490 1559 adversas
524 1517 633 1558 senis
672 1517 933 1573 imperatoris
969 1519 1216 1559 ostendere?
1266 1518 1335 1572 qui
1376 1518 1510 1565 idem,
1557 1518 1636 1557 hoc
1681 1523 1896 1558 accusante

147 1582 351 1636 Sulpicio,
400 1594 492 1622 cum
524 1582 732 1622 bominem
764 1582 1005 1622 seditiosum
1038 1579 1322 1635 furiosumque
1353 1578 1612 1627 defenderet,
1663 1593 1745 1621 non
1777 1578 1945 1620 dubi-20

145 1643 245 1685 tavit
283 1645 507 1684 seditiones
550 1642 658 1698 ipsas
699 1657 847 1684 ornare
885 1657 931 1683 ac
969 1643 1252 1685 demonstrare
1289 1641 1540 1696 gravissimis
1577 1643 1715 1683 verbis
1746 1641 1895 1683 multos

146 1719 268 1761 saepe
299 1705 476 1758 impetus
507 1705 649 1761 populi
681 1719 762 1747 non
800 1706 973 1747 iniustos
1014 1719 1120 1753 esse,
1171 1718 1275 1761 quos
1318 1710 1528 1758 praestare
1569 1718 1692 1746 nemo
1730 1710 1892 1759 posset3

144 1770 293 1810 multas
338 1770 460 1809 etiam
499 1783 520 1810 e
558 1783 604 1810 re
643 1769 807 1824 publica
847 1768 1072 1810 seditiones
1103 1783 1226 1821 saepe
1259 1782 1348 1809 esse
1382 1766 1527 1814 factas,
1578 1774 1624 1808 ut
1654 1780 1744 1809 cum
1776 1778 1894 1820 reges

145 1836 282 1872 essent
312 1833 464 1877 exacti,
495 1837 539 1872 ut
570 1846 662 1872 cum
695 1830 912 1873 tribunicia
942 1836 1122 1887 potestas
1169 1831 1407 1880 constituta3
1438 1830 1549 1871 illam
1580 1830 1764 1871 Norbani
1788 1830 1896 1871 sedi-

144 1893 298 1934 tionem
331 1906 384 1934 ex
415 1892 526 1934 luctu
557 1894 707 1934 civium
741 1900 780 1935 et
811 1908 860 1934 ex·
893 1895 1109 1949 Caepionis
1139 1894 1256 1940 odio,
1307 1892 1376 1947 qui
1417 1892 1644 1934 exercitum
1675 1894 1942 1940 amiserat,2⁵

142 1969 278 2010 neque
322 1956 492 2008 reprimi
539 1957 723 2009 potuisse
764 1962 802 1996 et
842 1957 932 1997 iure
974 1971 1062 1997 esse
1101 1958 1345 1997 conflatam?
1397 1957 1487 1997 125.
1519 1956 1657 1996 Potuit
1685 1954 1751 1995 hic
1780 1953 1894 1995 locus

143 2023 224 2059 tam
256 2030 430 2073 anceps,
479 2023 560 2058 tarn
592 2017 822 2067 inauditus,
871 2024 952 2060 tam
983 2018 1193 2067 lubricus,
1235 2023 1317 2059 tam
1349 2031 1480 2059 novus
1512 2018 1599 2059 sine
1629 2016 1802 2073 quadam
1833 2017 1896 2057 in-

143 2079 331 2122 credibili
361 2079 402 2120 vi
432 2093 479 2121 ac
508 2080 701 2122 facultate
733 2081 894 2122 dicendi
926 2083 1117 2123 tractari?
1168 2080 1278 2130 Quid
1317 2094 1394 2134 ego
1426 2082 1476 2121 de
1510 2081 1582 2121 Cn.
1605 2079 1750 2127 Mallii,
1795 2080 1894 2135 quid

143 2142 194 2184 de
225 2143 277 2192 Q.
300 2142 425 2196 Regis
456 2143 818 2185 commiseratione
851 2143 1012 2185 dicam?
1061 2143 1159 2198 quid
1199 2145 1248 2184 de
1288 2143 1378 2184 aliis
1410 2141 1803 2184 innumerabilibus?
1854 2143 1894 2182 in

143 2206 295 2260 quibus
324 2218 406 2245 non
438 2206 518 2245 hoc
547 2205 726 2247 maxime
757 2206 922 2254 enituit,
971 2205 1082 2261 quod
1119 2205 1194 2247 tibi
1225 2219 1367 2247 omnes
1398 2205 1516 2253 dant,
1563 2218 1735 2247 acumen
1765 2206 1944 2260 quod-³0

143 2269 238 2308 dam
268 2266 498 2320 singulare,
532 2267 606 2309 sed
636 2267 736 2309 haec
766 2268 879 2322 ipsa,
913 2282 1018 2323 quae
1048 2282 1156 2310 nunc
1185 2267 1234 2309 ad
1265 2282 1330 2309 me
1362 2270 1553 2321 delegare
1584 2268 1669 2316 vis,
1712 2281 1758 2309 ea
1790 2281 1896 2308 sem-

142 2342 219 2386 per
256 2330 298 2369 in
339 2334 379 2369 te
409 2330 562 2370 eximia
607 2336 647 2371 et
686 2332 933 2386 praestantia
976 2330 1158 2372 suerunt.
1218 2333 1371 2373 XXIX.
1421 2334 1514 2372 126.
1563 2334 1665 2373 Tum
1704 2332 1890 2377 Catulus,

142 2394 230 2446 Ego
261 2404 388 2440 vero,
440 2390 593 2447 inquit,
638 2393 679 2432 in
717 2393 836 2434 vobis
878 2393 956 2434 hoc
995 2395 1175 2435 maxime
1213 2393 1405 2436 admirari
1437 2396 1574 2441 soleo,
1618 2396 1752 2449 quod,
1801 2405 1892 2434 cum

142 2456 249 2496 inter
277 2467 352 2496 vos
383 2453 426 2495 in
457 2454 631 2496 dicendo
663 2454 924 2497 dissimillimi
954 2457 1062 2504 sitis,
1094 2457 1149 2498 ita
1178 2462 1317 2498 tamen
1348 2463 1521 2513 uterque
1551 2459 1733 2498 vestrum
1765 2454 1889 2502 dicat,

141 2522 188 2559 ut
217 2516 253 2558 ei
286 2516 388 2558 nihil
417 2530 551 2573 neque
582 2531 605 2558 a
635 2524 777 2559 natura
810 2521 1055 2572 denegatum
1085 2532 1220 2575 neque
1247 2533 1268 2560 a
1292 2522 1478 2561 doctrina
1499 2533 1581 2561 non
1604 2519 1781 2561 delatum
1802 2531 1889 2559 esse
1903 2527 1939 2555 ³⁵

141 2578 345 2622 videatur.
407 2580 568 2630 Quare,
620 2581 788 2628 Crasse,
834 2595 969 2637 neque
1001 2586 1043 2622 tu
1072 2586 1140 2623 tua
1170 2583 1369 2623 suavitate
1399 2596 1474 2624 nos
1504 2583 1705 2637 privabis,
1752 2586 1813 2626 ut,
1856 2579 1890 2621 si

143 2641 242 2697 quid
271 2643 322 2684 ab
353 2642 530 2684 Antonio
561 2648 631 2684 aut
659 2645 994 2698 praetermissum
1025 2649 1095 2685 aut
1125 2645 1312 2685 relictum
1344 2646 1414 2694 sit,
1458 2659 1542 2686 non
1571 2646 1775 2698 explices;
1819 2655 1889 2683 ne-

144 2718 225 2759 que
255 2711 318 2754 te,
350 2705 525 2755 Antoni,
559 2707 592 2747 si
623 2705 719 2761 quid
750 2720 832 2748 non
864 2706 1037 2756 dixeris,
1077 2706 1402 2749 existimabimus
1433 2721 1514 2750 non
1543 2707 1723 2763 potuisse
1753 2706 1888 2761 potius

144 2780 268 2823 quam
298 2780 322 2808 a
352 2769 497 2810 Crasso
530 2768 610 2809 dici
641 2768 847 2810 maluisse.
911 2771 1004 2810 127.
1038 2768 1117 2810 Hic
1149 2771 1340 2819 Crassus,
1375 2770 1483 2820 Quin
1513 2775 1578 2820 tu,
1620 2770 1767 2824 inquit,
1806 2769 1888 2808 An-

143 2830 251 2877 toni,
283 2831 436 2872 omittis
465 2829 562 2879 ista,
597 2845 702 2887 quae
734 2830 1009 2887 proposuisti,
1042 2845 1148 2885 quae
1170 2846 1292 2874 nemo
1315 2835 1462 2874 horum
1483 2831 1707 2880 desiderat;
1739 2829 1887 2885 quibus
1905 2841 1942 2868 40

236 2957 269 2987 1.
296 2964 396 2995 saepe
421 2956 558 2989 tulerim
583 2961 614 2988 et
638 2958 818 2999 diliyenter
842 2958 1013 2990 audierim
1037 2957 1143 2989 ABR.
1170 2975 1214 2979 —
1238 2957 1273 2990 3.
1301 2956 1478 2998 quoniam]
1506 2956 1646 2997 quando
1674 2957 1717 2988 R.
1747 2974 1784 2980 -
1815 2958 1887 2988 eius

142 3003 276 3044 inqenii
300 3002 373 3034 ΑΒ.
406 3019 442 3025 -
470 3001 566 3044 mihi]
593 3005 682 3035 nihil
706 3005 777 3036 AB.
797 3022 840 3027 —-
865 3005 898 3036 5.
927 3005 1050 3045 Itaque
1076 3004 1173 3036 Voss.
1202 3005 1261 3036 AB
1288 3006 1438 3044 aliique:
1465 3004 1575 3043 Atque
1600 3004 1670 3035 RE.
1692 3020 1732 3026 —
1757 3003 1791 3036 8.
1818 3005 1888 3035 sinc

143 3051 203 3082 AB
220 3049 350 3090 aliique
366 3073 375 3088 ,
402 3048 454 3080 R:
482 3054 561 3081 sunt
580 3051 618 3081 E.
641 3068 677 3074 —
708 3054 764 3083 11.
792 3052 910 3083 crebro
930 3052 1094 3082 adiuvere
1120 3052 1330 3093 confirmabo
1349 3052 1420 3082 ΑΒ.
1446 3065 1478 3071 -
1508 3050 1562 3081 14.
1586 3052 1676 3081 enim
1694 3060 1762 3082 om.
1784 3051 1822 3082 B.
1843 3067 1887 3072 —

144 3096 225 3129 boni
248 3100 296 3128 est
323 3097 366 3127 R.
396 3112 432 3119 —
457 3098 657 3135 procrearis
682 3102 713 3130 et
738 3098 900 3130 eduxeris
925 3098 983 3129 AB
1010 3098 1162 3137 aliique:
1198 3099 1392 3138 procrearit
1419 3100 1449 3129 et
1477 3097 1633 3129 eduxerit
1659 3097 1729 3129 RE.
1760 3114 1797 3120 —
1826 3098 1884 3131 17.

140 3143 377 3184 perorandum
401 3142 473 3174 AB.
505 3159 539 3165 —
577 3143 633 3174 18.
659 3153 773 3176 rerum
799 3146 842 3177 Α.
872 3161 910 3167 -
937 3145 1124 3175 dilodicari
1147 3144 1221 3182 (sic)
1249 3144 1289 3175 A.
1320 3143 1382 3183 (Ex
1408 3144 1433 3174 Β
1461 3143 1546 3174 nibil
1572 3142 1738 3184 notatur.)
1759 3159 1797 3166 --
1826 3144 1883 3176 19.

143 3188 339 3231 accusante]
367 3192 448 3220 ante
473 3188 545 3220 AB.
571 3206 613 3211 —-
640 3189 696 3222 20.
724 3193 958 3231 curiosumque
984 3191 1023 3222 B.
1053 3206 1092 3212 —
1118 3190 1176 3222 22.
1200 3195 1312 3230 posset
1339 3191 1364 3220 B
1391 3191 1541 3229 aliique:
1566 3191 1679 3231 possit
1702 3188 1784 3231 (A‘l)
1809 3190 1883 3222 RE.

144 3252 186 3259 —
212 3236 270 3268 23.
297 3245 313 3268 e
338 3245 405 3268 om.
433 3235 505 3266 AR.
536 3252 572 3258 —
601 3235 657 3266 24.
686 3240 826 3269 eaeacti:
854 3242 925 3269 tum
949 3239 991 3270 R.
1023 3253 1058 3258 —
1103 3239 1291 3269 constituta
1316 3236 1373 3267 ΑΒ
1401 3237 1554 3277 aliique:
1590 3242 1671 3270 esset
1697 3237 1884 3269 constituta

143 3282 217 3314 RE.
246 3300 287 3305 —
312 3284 369 3314 25.
395 3284 538 3313 miserat
563 3281 635 3313 ΑΒ.
660 3298 699 3304 -
725 3284 781 3315 26.
806 3285 974 3324 potuisset
999 3285 1071 3315 iure
1096 3282 1135 3313 B.
1165 3300 1201 3306 —
1244 3283 1300 3313 28.
1327 3282 1445 3314 Mallii
1470 3293 1488 3316 e
1513 3283 1623 3315 Codd.
1651 3285 1694 3316 al.
1721 3284 1773 3315 T:
1808 3284 1883 3316 Ma-

143 3329 223 3360 nilii
242 3330 292 3369 R,
317 3329 446 3361 Manlii
471 3328 586 3369 (Am)
613 3328 653 3360 E.
675 3345 713 3352 -
741 3329 797 3362 30.
822 3331 885 3362 hoc
909 3340 982 3363 non
998 3330 1069 3362 ΑΒ.
1092 3345 1131 3353 —·
1160 3329 1217 3362 34.
1244 3331 1281 3361 in
1307 3337 1361 3361 om
1388 3329 1429 3362 R.
1459 3347 1496 3354 —
1525 3329 1582 3363 38.
1608 3331 1748 3364 disseris
1772 3329 1813 3361 Α.
1839 3344 1881 3354 —·

143 3375 201 3408 40.
226 3384 325 3408 nemo
349 3384 419 3408 non
442 3375 562 3408 horum
586 3374 630 3406 R.
