2117 3762
288 265 342 305 20
955 259 1024 297 AD
1055 258 1367 299 HERENNIUM

287 368 402 423 loqui
438 367 606 414 volunt,
656 364 916 405 infantissimi
952 364 1231 418 reperiuntur.
1312 365 1372 403 Ita
1413 364 1510 403 dum
1543 367 1733 403 metuunt
1764 363 1807 402 in
1839 364 2032 411 dicendo,

286 446 338 472 ne
387 431 484 484 quid
522 428 759 480 ambiguum
809 426 975 472 dicant,
1024 438 1179 470 nomen
1226 439 1344 465 suum
1396 427 1665 480 pronuntiare
1713 439 1798 465 non
1845 431 2032 479 possunt.

285 496 438 534 Verum
469 492 617 531 horum
648 489 827 543 pueriles
858 487 1074 541 opiniones
1105 488 1343 527 rectissimis
1374 488 1627 535 rationibus,
1666 501 1758 527 cum
1790 488 1927 534 voles,
1969 501 2036 528 re—

285 554 487 595 fellemus.
546 555 591 592 In
622 551 946 605 praesentiarum
976 550 1057 589 hoc
1088 550 1337 590 interdicere
1367 562 1451 590 non
1483 552 1663 590 alienum
1695 548 1790 599 fuit,
1838 555 1883 588 ut
1912 549 2035 590 huius

255 616 476 657 sinfantiae
509 615 713 668 garrulam
735 613 989 665 disciplinam
1012 616 1385 651 contemneremus.
1448 613 1538 654 Xll.
1574 614 1637 652 17.
1671 615 1770 654 Cum
1794 609 2036 652 definitione

284 685 466 724 utemur,
512 677 689 730 primum
729 673 948 714 afferemus
987 675 1159 713 brevem
1197 674 1388 713 vocabuli
1421 673 1724 722 definitionem,
1774 675 1855 714 hoc
1886 675 2033 713 modo:

282 742 533 783 Maiestatem
566 739 598 776 is
629 738 794 784 minuit,
837 738 907 789 qui
939 749 987 776 ea
1016 736 1144 781 tollit,
1184 749 1235 774 ex
1266 736 1416 789 quibus
1447 737 1570 777 rebus
1602 738 1777 777 civitatis
1808 736 2035 790 amplitudo

283 808 462 850 constat;
511 799 628 855 [quae
669 804 763 839 sunt
803 802 878 839 ea?
929 811 1032 853 quae
1074 795 1252 851 capiunt]
1297 796 1490 851 suffragia
1529 801 1671 853 populi
1704 805 1744 839 et
1775 798 2035 852 magistratus

283 866 514 905 consilium.
575 864 731 916 Nempe
776 862 902 914 igitur
940 866 984 900 tu
1023 865 1063 900 et
1093 860 1293 913 populum
1325 858 1520 913 suffragio
1552 867 1593 901 et
1624 863 1906 915 magistratum
1937 874 2037 901 con-

232 943 266 967 10
282 929 372 968 silio
403 925 596 980 privasti,
644 940 736 965 cum
766 929 913 979 pontes
946 923 1199 963 disturbasti.
1261 924 1363 962 Item
1403 936 1456 962 ex
1498 925 1726 966 contrario:
1778 925 2035 964 Maiestatem

280 992 313 1030 is
346 989 507 1033 minuit,
540 987 609 1040 qui
640 988 951 1040 amplitudinem
985 985 1161 1025 civitatis
1192 985 1444 1024 detrimento
1475 983 1613 1026 afficit.
1673 988 1763 1040 Ego
1794 999 1878 1027 non
1900 984 2033 1032 affeci,

280 1052 351 1091 sed
382 1049 575 1104 prohibui
606 1051 877 1097 detriment03
929 1048 1134 1088 aerarium
1177 1048 1287 1087 enim
1327 1048 1589 1093 conservavi,
1636 1049 1797 1089 libidini
1828 1051 2033 1090 malorum

279 1114 428 1160 restiti,
461 1117 717 1156 maiestatem
748 1125 914 1152 omnem
944 1110 1114 1150 interire
1146 1123 1231 1150 non
1260 1122 1404 1164 passus
1431 1124 1536 1151 sum.
1595 1111 1776 1150 Primum
1807 1113 1932 1165 igitur
1963 1124 2036 1152 vo-

279 1177 413 1216 cabuli
445 1178 646 1218 sententia
675 1175 861 1215 breviter
901 1178 941 1213 et
969 1174 1020 1213 ad
1049 1173 1268 1213 utilitatem
1306 1184 1451 1211 causae
1483 1175 1793 1214 accommodate
1825 1175 2036 1214 describe-

228 1244 365 1288 15tur3
399 1241 548 1281 deinde
579 1238 730 1280 sactum
761 1241 949 1277 nostrum
979 1250 1073 1275 cum
1105 1236 1224 1276 verbi
1249 1235 1526 1289 descriptione
1553 1236 1848 1289 coniungetur3
1882 1238 2034 1277 deinde

278 1303 506 1344 contrariae
537 1300 827 1354 descriptionis
857 1299 965 1339 ratio
995 1297 1232 1345 refelletur,
1277 1298 1310 1337 si
1342 1302 1410 1337 aut
1440 1296 1537 1337 salsa
1571 1299 1650 1338 erit
1678 1303 1748 1338 aut
1777 1299 1934 1339 inutilis
1965 1302 2035 1338 aut

276 1365 405 1419 turpis
436 1370 505 1406 aut
533 1364 746 1405 iniuriosa.
804 1363 850 1401 Id
881 1362 1076 1416 quodque
1109 1374 1164 1402 ex
1196 1361 1297 1400 iuris
1320 1360 1506 1412 partibus
1533 1365 1720 1400 sumetur
1738 1362 1788 1401 de
1813 1361 2034 1400 iuridiciali

276 1428 487 1476 absoluta,
534 1430 584 1469 de
625 1439 704 1482 qua
743 1425 824 1464 iam
854 1424 1091 1477 loquemur.
1156 1425 1220 1464 18.
1258 1423 1480 1471 Quaeritur
1510 1423 1551 1462 in
1582 1423 1922 1464 translationibus
1952 1424 2036 1478 pri-

276 1505 410 1537 mum,
441 1505 539 1532 num
571 1489 719 1543 aliquis
751 1488 838 1528 eius
869 1485 930 1527 rei
960 1487 1184 1534 actionem,
1221 1487 1467 1540 petitionem
1497 1491 1566 1526 aut
1595 1487 1931 1541 persecutionem
1961 1487 2035 1527 ha-

224 1564 260 1589 20
275 1550 389 1600 beat,
425 1552 562 1608 [quem
592 1564 676 1592 non
708 1546 939 1604 oporteat];
983 1562 1083 1588 num
1115 1549 1197 1588 alio
1229 1547 1378 1595 modo,
1410 1554 1620 1603 tempore,
1662 1550 1779 1599 loco;
1825 1563 1924 1589 num
1955 1550 2034 1590 alia

274 1616 387 1668 lege,
418 1630 516 1655 num
546 1615 627 1654 alio
659 1616 884 1667 quaerente
916 1615 986 1650 aut
1015 1615 1178 1664 agente.
1240 1612 1351 1651 Haec
1382 1612 1565 1664 legibus,
1599 1612 1805 1658 moribus,
1837 1625 1972 1667 aequo
1993 1616 2035 1652 et

273 1678 385 1718 hono
428 1678 711 1732 reperientur3
760 1676 810 1715 de
851 1674 1001 1728 quibus
1039 1673 1201 1713 dicetur
1237 1674 1280 1713 in
1317 1674 1538 1714 iuridiciali
1569 1675 1772 1714 absoluta.
1834 1675 1882 1714 In
1912 1688 2034 1714 causa

273 1740 462 1779 rationali
500 1741 678 1794 primum
715 1743 958 1793 quaeretur,
1010 1737 1160 1791 ecquid
1200 1737 1243 1776 in
1284 1738 1410 1776 rebus
1445 1737 1672 1776 maioribus
1703 1744 1772 1777 aut
1802 1737 2033 1777 minoribus

273 1806 342 1842 aut
372 1803 574 1843 similibus
606 1802 796 1842 similiter
828 1801 1026 1855 scriptum
1057 1805 1126 1840 aut
1155 1800 1383 1839 iudicatum
1415 1800 1489 1847 sit3
1524 1800 1696 1846 deinde,
1727 1804 1865 1839 utrum
1898 1813 1945 1840 ea
1966 1814 2032 1839 res

222 1876 257 1901 25
273 1864 417 1904 similis
448 1865 500 1904 sit
530 1866 568 1904 ei
599 1866 679 1912 rei,
723 1877 803 1919 qua
835 1865 885 1904 de
917 1864 1074 1916 agitur,
1117 1876 1168 1903 an
1199 1862 1432 1910 dissimilis3
1467 1862 1639 1908 deinde,
1671 1867 1810 1902 utrum
1841 1863 2032 1903 consulto

273 1928 323 1966 de
355 1939 402 1967 ea
431 1940 477 1967 re
508 1929 704 1982 scriptum
744 1940 827 1967 non
866 1927 939 1974 sit,
984 1927 1096 1981 quod
1138 1925 1322 1966 noluerit
1363 1938 1532 1971 cavere,
1579 1926 1691 1978 quod
1729 1925 1824 1964 satis
1865 1929 2031 1964 cautum

270 1990 425 2044 putarit
453 1995 625 2044 propter
655 1995 888 2030 ceterorum
920 1990 1167 2044 scriptorum
1199 1987 1527 2028 similitudinem.
1589 1989 1648 2026 De
1679 1987 1866 2041 partibus
1897 1987 2033 2040 legiti-

271 2066 361 2093 mae
393 2053 698 2093 constitutionis
729 2053 825 2092 satis
858 2053 1013 2092 dictum
1045 2055 1125 2105 est,
1162 2064 1271 2090 nunc
1304 2051 1355 2089 ad
1386 2049 1660 2089 iuridicialem
1691 2055 1963 2090 revertemur.

382 2116 495 2155 XIII.
532 2115 597 2155 19.
657 2116 855 2155 Absoluta
900 2114 1120 2155 iuridiciali
1175 2113 1471 2153 constitutione
1520 2117 1705 2159 utemur,
1756 2126 1850 2152 cum
1899 2112 2031 2166 ipsam

222 2199 257 2223 30
272 2191 381 2223 rem,
413 2190 534 2230 quam
555 2190 629 2217 nos
651 2176 797 2217 secisse
820 2176 1085 2223 confitemur,
1118 2177 1207 2215 iure
1238 2174 1388 2215 factam
1420 2176 1624 2221 dicemus,
1657 2175 1745 2214 sine
1769 2175 1853 2214 ulla
1874 2188 2032 2215 assum-

269 2240 411 2294 ptione
443 2241 645 2279 extrariae
678 2239 947 2280 defensionis.
1008 2242 1055 2280 ln
1086 2252 1133 2279 ea
1163 2238 1358 2279 convenit
1387 2238 1555 2292 quaeri,
1598 2238 1745 2277 iurene
1776 2237 1828 2276 sit
1856 2235 2026 2277 factum.

269 2304 331 2342 De
363 2314 412 2342 eo
444 2315 566 2342 causa
596 2303 730 2356 posita
760 2303 898 2343 dicere
929 2303 1177 2356 poterimus,
1208 2302 1264 2348 si,
1296 2314 1349 2342 ex
1380 2301 1530 2356 quibus
1561 2301 1746 2355 partibus
1768 2300 1832 2339 ius
1855 2304 2028 2347 constet,

271 2365 604 2417 cognoverimus.
667 2367 833 2406 Constat
862 2366 989 2419 igitur
1019 2380 1072 2406 ex
1102 2366 1167 2405 his
1198 2365 1405 2420 partibus:
1451 2369 1621 2411 natura,
1661 2363 1776 2416 lege,
1809 2367 2032 2403 consuetu-

271 2428 388 2474 dine,
419 2428 617 2475 iudicato,
650 2442 782 2483 aequo
814 2434 854 2469 et
884 2430 1017 2476 hono,
1048 2434 1184 2484 pacto.
1246 2430 1396 2468 Natura
1426 2427 1491 2468 ius
1523 2431 1605 2474 est,
1638 2427 1750 2480 quod
1771 2425 2029 2479 cognationis

221 2495 341 2535 35aut
370 2490 533 2544 pietatis
564 2504 684 2530 causa
715 2492 985 2541 observatur3
1035 2504 1118 2546 quo
1153 2491 1244 2531 iure
1274 2495 1467 2544 parentes
1498 2503 1521 2530 a
1551 2490 1694 2530 liberis
1725 2494 1765 2529 et
1794 2502 1817 2528 a
1846 2488 2030 2542 parenti-

270 2554 347 2592 bus
378 2553 499 2592 liberi
531 2554 735 2594 coluntur.
795 2555 905 2607 Lege
937 2554 999 2593 ius
1031 2559 1094 2594 est
1122 2554 1185 2601 id,
1237 2554 1349 2607 quod
1387 2553 1532 2607 populi
1562 2553 1677 2593 iussu
1706 2552 1908 2592 sancitum
1940 2555 2025 2599 est3

271 2617 382 2669 quod
414 2630 566 2669 genus,
614 2629 666 2657 UT
699 2629 741 2657 ΙΝ
772 2629 840 2657 irs
871 2629 969 2667 Eas,
1023 2628 1110 2657 cmi
1149 2627 1348 2656 vocssnls.
1412 2615 1720 2657 Consuetudine
1760 2615 1825 2654 ius
1865 2618 1928 2653 est
1965 2614 2026 2662 id,

271 2679 381 2732 quod
411 2679 500 2718 sine
530 2679 621 2731 lege
661 2692 811 2734 aeque,
852 2692 897 2719 ac
929 2680 962 2719 si
992 2679 1225 2733 legitimum
1256 2679 1328 2726 sit,
1373 2679 1571 2719 usitatum
1602 2682 1685 2726 est3
1731 2677 1843 2732 quod
1874 2689 2026 2730 genus,

272 2753 315 2780 11)
347 2752 458 2787 econ
488 2753 757 2783 AnGExTamo
789 2754 967 2783 TULERIS
998 2755 1245 2789 ExPExSUM,
1276 2756 1329 2782 AB
1352 2752 1484 2782 socio
1512 2753 1611 2781 EIUS
1642 2750 1775 2780 RECTE
1806 2751 2026 2780 REPETERE

222 2819 257 2844 [ιο
272 2814 434 2844 Possm.
495 2805 724 2844 Iudicatum
755 2810 816 2845 est
845 2806 906 2853 id,
940 2806 990 2845 de
1013 2818 1094 2859 quo
1121 2805 1327 2845 sententia
1356 2805 1439 2844 lata
1468 2809 1530 2844 est
1559 2808 1630 2843 aut
1658 2804 1872 2844 decretum
1901 2802 2030 2842 inter-

361 2959 395 2990 [ι.
423 2961 459 2990 in
481 2962 678 2999 praesentia
704 2962 733 2992 R
750 2986 757 2999 ‚
785 2962 821 2993 in
845 2963 1026 3002 praesenti
1051 2972 1143 2995 unus
1167 2963 1302 2994 Pithoei
1331 2967 1364 2993 et
1389 2962 1452 2993 Ed.
1480 2961 1576 2994 Med.
1606 2977 1643 2984 -
1674 2960 1882 2993 intercedere
1907 2958 1965 2992 BT
1992 2963 2026 2992 et

273 3012 324 3043 pr.
352 3005 391 3036 P.
420 3006 512 3037 Fort.
541 3009 743 3040 interlicere.
773 3008 839 3039 On.
882 3027 917 3032 —
962 3010 996 3041 7.
1037 3010 1161 3050 quibus
1194 3018 1262 3041 om.
1300 3009 1398 3039 rebus
1424 3009 1506 3040 Sch.
1534 3018 1612 3040 cum
1641 3007 1751 3040 Codd.
1780 3008 1862 3048 aliq.
1903 3008 2023 3044 (nostri

272 3051 373 3082 rebus
399 3052 565 3093 tuentur.)
593 3070 634 3075 -—
675 3055 707 3086 8.
753 3064 841 3094 quae
867 3061 947 3086 sunt
973 3057 1041 3088 ea?
1078 3065 1165 3097 quae
1197 3053 1354 3095 capiunt]
1393 3055 1435 3087 de
1464 3055 1600 3086 Graevii
1637 3060 1743 3094 atque
1778 3054 2022 3093 Oudendorpii

273 3101 443 3129 sententia
478 3100 616 3131 seclusit
652 3101 693 3132 E.
744 3102 858 3133 Nostri
899 3103 1008 3134 Codd.
1051 3106 1198 3135 servant.
1232 3119 1269 3124 —
1319 3101 1352 3132 9.
1382 3101 1564 3133 consilium
1591 3110 1659 3133 om.
1687 3100 1766 3139 PF,
1809 3105 1841 3134 et
1877 3101 2023 3132 consilia

271 3146 501 3184 mayistratus
526 3146 565 3176 R.
597 3164 633 3169 —
662 3148 717 3179 12.
743 3149 906 3188 prohibui
931 3150 1172 3181 detrimentum
1191 3149 1240 3183 R.
1270 3149 1308 3179 L.
1338 3165 1377 3170 —
1404 3149 1459 3179 ⁶20.
1492 3149 1551 3180 Vv.
1573 3157 1670 3188 quem
1687 3158 1757 3179 ‘non
1775 3152 1934 3187 oporteat
1952 3156 2021 3179 om·

271 3190 374 3227 PBF,
403 3195 567 3229 expunxit
593 3193 698 3226 Seh.:
728 3203 789 3226 nos
815 3196 1028 3227 seclusimus.
1059 3213 1098 3217 —
1139 3196 1195 3226 21.
1234 3195 1297 3226 Vv.
1326 3198 1385 3226 aut
1412 3201 1534 3235 aqeme
1561 3204 1627 3225 om.
1655 3195 1752 3226 PAF.
1784 3211 1822 3218 —-
1867 3198 1897 3225 et
1919 3194 2024 3225 mori*

273 3237 335 3267 bus
361 3237 548 3269 PABFRT.
577 3255 618 3259 —
660 3240 715 3270 28.
756 3248 963 3273 revertemur
988 3242 1154 3274 PBFRT:
1183 3246 1399 3273 reret-tamur
1424 3242 1497 3272 ΑΕ.
1526 3259 1570 3262 -
1611 3242 1666 3273 31.
1709 3242 1867 3273 convenit
1900 3238 2024 3281 quaeri

270 3283 469 3320 PABFRT,
500 3286 546 3315 L:
574 3288 693 3324 quaeri
718 3290 873 3320 com-enit
901 3290 939 3320 E.
972 3306 1006 3312 —-
1035 3291 1080 3320 sit
1103 3290 1236 3330 sactum
1262 3288 1401 3320 PBFT:
1429 3289 1561 3330 succum
1581 3289 1625 3320 sit
1642 3288 1748 3321 ΑΒΕ.
1772 3305 1809 3312 -—
1838 3286 1895 3319 36.
1923 3288 2023 3319 iussu

267 3330 390 3370 populi
414 3336 572 3362 sanctum
598 3336 646 3363 est
672 3331 713 3362 B.
