<?xml version="1.0" encoding="UTF-8"?>
<!DOCTYPE html PUBLIC "-//W3C//DTD XHTML 1.0 Transitional//EN"
    "http://www.w3.org/TR/xhtml1/DTD/xhtml1-transitional.dtd">
<html xmlns="http://www.w3.org/1999/xhtml" xml:lang="en" lang="en">
 <head>
  <title>
</title>
<meta http-equiv="Content-Type" content="text/html;charset=utf-8" />
  <meta name='ocr-system' content='tesseract 3.04.00' />
  <meta name='ocr-capabilities' content='ocr_page ocr_carea ocr_par ocr_line ocrx_word'/>
</head>
<body>
  <div class='ocr_page' id='page_1' title='image "./operaquaesupersu01ciceuoft/operaquaesupersu01ciceuoft_0413.png"; bbox 0 0 2117 3762; ppageno 0'>
   <div class='ocr_carea' id='block_1_1' title="bbox 773 273 1824 318">
    <p class='ocr_par' dir='ltr' id='par_1_1' title="bbox 773 273 1824 318">
     <span class='ocr_line' id='line_1_1' title="bbox 773 273 1824 318; baseline 0.003 -3"><span class='ocrx_word' id='word_1_1' title='bbox 773 275 816 316; x_wconf 91' lang='lat' dir='ltr'>C.</span> <span class='ocrx_word' id='word_1_2' title='bbox 850 274 917 316; x_wconf 82' lang='grc'>95.</span> <span class='ocrx_word' id='word_1_3' title='bbox 951 275 1018 316; x_wconf 91' lang='grc'>96.</span> <span class='ocrx_word' id='word_1_4' title='bbox 1051 274 1120 317; x_wconf 83' lang='grc'>97.</span> <span class='ocrx_word' id='word_1_5' title='bbox 1746 273 1824 318; x_wconf 67' lang='grc'>401</span> 
     </span>
    </p>
   </div>
   <div class='ocr_carea' id='block_1_2' title="bbox 35 377 1877 2999">
    <p class='ocr_par' dir='ltr' id='par_1_2' title="bbox 35 377 1877 2999">
     <span class='ocr_line' id='line_1_2' title="bbox 73 377 1827 435; baseline 0.002 -13"><span class='ocrx_word' id='word_1_6' title='bbox 73 381 107 422; x_wconf 89' lang='lat' dir='ltr'>si</span> <span class='ocrx_word' id='word_1_7' title='bbox 137 380 252 423; x_wconf 91' lang='lat' dir='ltr'>illum</span> <span class='ocrx_word' id='word_1_8' title='bbox 283 379 522 434; x_wconf 74' lang='lat' dir='ltr'>flagrantem</span> <span class='ocrx_word' id='word_1_9' title='bbox 551 378 687 421; x_wconf 86' lang='lat' dir='ltr'>studio</span> <span class='ocrx_word' id='word_1_10' title='bbox 718 384 758 420; x_wconf 89' lang='lat' dir='ltr'>et</span> <span class='ocrx_word' id='word_1_11' title='bbox 779 379 993 423; x_wconf 80' lang='lat' dir='ltr'>florentem</span> <span class='ocrx_word' id='word_1_12' title='bbox 1015 380 1209 423; x_wconf 84' lang='lat' dir='ltr'>fucultate</span> <span class='ocrx_word' id='word_1_13' title='bbox 1233 377 1377 422; x_wconf 86' lang='lat' dir='ltr'>audire</span> <span class='ocrx_word' id='word_1_14' title='bbox 1399 380 1621 435; x_wconf 76' lang='lat' dir='ltr'>potuisseS.</span> <span class='ocrx_word' id='word_1_15' title='bbox 1679 382 1827 426; x_wconf 76' lang='lat' dir='ltr'><strong>XCVI.</strong></span> 
     </span>
     <span class='ocr_line' id='line_1_3' title="bbox 71 442 1827 499; baseline 0.001 -14"><span class='ocrx_word' id='word_1_16' title='bbox 71 446 168 485; x_wconf 79' lang='lat'><strong>328.</strong></span> <span class='ocrx_word' id='word_1_17' title='bbox 202 446 305 484; x_wconf 92' lang='lat' dir='ltr'>Tum</span> <span class='ocrx_word' id='word_1_18' title='bbox 336 446 507 490; x_wconf 73' lang='lat' dir='ltr'>Brutus,</span> <span class='ocrx_word' id='word_1_19' title='bbox 552 445 640 495; x_wconf 86' lang='lat' dir='ltr'>Ego</span> <span class='ocrx_word' id='word_1_20' title='bbox 672 455 795 489; x_wconf 91' lang='lat' dir='ltr'>vero,</span> <span class='ocrx_word' id='word_1_21' title='bbox 836 444 987 498; x_wconf 88' lang='lat' dir='ltr'>inquit,</span> <span class='ocrx_word' id='word_1_22' title='bbox 1029 450 1069 484; x_wconf 91' lang='lat' dir='ltr'>ct</span> <span class='ocrx_word' id='word_1_23' title='bbox 1099 445 1199 492; x_wconf 88' lang='lat' dir='ltr'>ista,</span> <span class='ocrx_word' id='word_1_24' title='bbox 1242 458 1348 498; x_wconf 88' lang='lat' dir='ltr'>quae</span> <span class='ocrx_word' id='word_1_25' title='bbox 1379 442 1504 493; x_wconf 90' lang='lat' dir='ltr'>dicis,</span> <span class='ocrx_word' id='word_1_26' title='bbox 1537 446 1659 486; x_wconf 82' lang='lat' dir='ltr'>video</span> <span class='ocrx_word' id='word_1_27' title='bbox 1691 445 1827 499; x_wconf 88' lang='lat' dir='ltr'>qualia</span> 
     </span>
     <span class='ocr_line' id='line_1_4' title="bbox 70 506 1827 562; baseline 0.001 -15"><span class='ocrx_word' id='word_1_28' title='bbox 70 506 151 548; x_wconf 90' lang='lat' dir='ltr'>sint</span> <span class='ocrx_word' id='word_1_29' title='bbox 182 512 222 547; x_wconf 87' lang='lat' dir='ltr'>ct</span> <span class='ocrx_word' id='word_1_30' title='bbox 252 506 516 547; x_wconf 77' lang='lat' dir='ltr'>Hortensium</span> <span class='ocrx_word' id='word_1_31' title='bbox 547 517 739 558; x_wconf 87' lang='lat' dir='ltr'>magnum</span> <span class='ocrx_word' id='word_1_32' title='bbox 770 512 979 547; x_wconf 84' lang='lat' dir='ltr'>oratorem</span> <span class='ocrx_word' id='word_1_33' title='bbox 1011 519 1176 561; x_wconf 86' lang='lat' dir='ltr'>semper</span> <span class='ocrx_word' id='word_1_34' title='bbox 1205 506 1346 560; x_wconf 80' lang='lat' dir='ltr'>putavi</span> <span class='ocrx_word' id='word_1_35' title='bbox 1372 507 1633 562; x_wconf 80' lang='lat' dir='ltr'>maximeque</span> <span class='ocrx_word' id='word_1_36' title='bbox 1654 507 1827 561; x_wconf 78' lang='lat' dir='ltr'>probavi</span> 
     </span>
     <span class='ocr_line' id='line_1_5' title="bbox 70 568 1829 627; baseline 0.001 -17"><span class='ocrx_word' id='word_1_37' title='bbox 70 581 146 623; x_wconf 89' lang='lat' dir='ltr'>pro</span> <span class='ocrx_word' id='word_1_38' title='bbox 178 569 350 610; x_wconf 81' lang='lat' dir='ltr'>Messala</span> <span class='ocrx_word' id='word_1_39' title='bbox 381 569 608 613; x_wconf 91' lang='lat' dir='ltr'>dicentem,</span> <span class='ocrx_word' id='word_1_40' title='bbox 649 581 742 607; x_wconf 87' lang='lat' dir='ltr'>cum</span> <span class='ocrx_word' id='word_1_41' title='bbox 774 575 815 609; x_wconf 90' lang='lat' dir='ltr'>tu</span> <span class='ocrx_word' id='word_1_42' title='bbox 847 568 999 610; x_wconf 89' lang='lat' dir='ltr'>asuisti.</span> <span class='ocrx_word' id='word_1_43' title='bbox 1060 571 1126 610; x_wconf 88' lang='lat' dir='ltr'>Sic</span> <span class='ocrx_word' id='word_1_44' title='bbox 1157 569 1319 619; x_wconf 88' lang='lat' dir='ltr'>serunt,</span> <span class='ocrx_word' id='word_1_45' title='bbox 1361 571 1552 626; x_wconf 89' lang='lat' dir='ltr'>inquam,</span> <span class='ocrx_word' id='word_1_46' title='bbox 1599 571 1724 627; x_wconf 88' lang='lat' dir='ltr'>idque</span> <span class='ocrx_word' id='word_1_47' title='bbox 1755 570 1829 612; x_wconf 91' lang='lat' dir='ltr'>dc-</span> 
     </span>
     <span class='ocr_line' id='line_1_6' title="bbox 70 630 1857 688; baseline 0.003 -18"><span class='ocrx_word' id='word_1_48' title='bbox 70 632 200 672; x_wconf 78' lang='lat' dir='ltr'>clarat</span> <span class='ocrx_word' id='word_1_49' title='bbox 231 630 422 677; x_wconf 89' lang='lat' dir='ltr'>totidem,</span> <span class='ocrx_word' id='word_1_50' title='bbox 456 635 556 685; x_wconf 91' lang='lat' dir='ltr'>quot</span> <span class='ocrx_word' id='word_1_51' title='bbox 586 630 710 677; x_wconf 78' lang='lat' dir='ltr'>dixit,</span> <span class='ocrx_word' id='word_1_52' title='bbox 744 637 788 671; x_wconf 96' lang='lat' dir='ltr'>ut</span> <span class='ocrx_word' id='word_1_53' title='bbox 818 631 956 680; x_wconf 89' lang='lat' dir='ltr'>aiunt,</span> <span class='ocrx_word' id='word_1_54' title='bbox 1003 632 1152 687; x_wconf 90' lang='lat' dir='ltr'>scripta</span> <span class='ocrx_word' id='word_1_55' title='bbox 1183 634 1320 673; x_wconf 76' lang='lat' dir='ltr'>verbis</span> <span class='ocrx_word' id='word_1_56' title='bbox 1351 634 1501 675; x_wconf 88' lang='lat' dir='ltr'>oratio.</span> <span class='ocrx_word' id='word_1_57' title='bbox 1561 636 1672 688; x_wconf 87' lang='lat' dir='ltr'>Ergo</span> <span class='ocrx_word' id='word_1_58' title='bbox 1702 633 1771 675; x_wconf 81' lang='lat' dir='ltr'>ille</span> <span class='ocrx_word' id='word_1_59' title='bbox 1804 643 1857 675; x_wconf 81' lang='lat' dir='ltr'>a⁵</span> 
     </span>
     <span class='ocr_line' id='line_1_7' title="bbox 71 693 1827 748; baseline 0.002 -16"><span class='ocrx_word' id='word_1_60' title='bbox 71 694 218 734; x_wconf 86' lang='lat' dir='ltr'>Crasso</span> <span class='ocrx_word' id='word_1_61' title='bbox 259 694 429 734; x_wconf 88' lang='lat' dir='ltr'>consule</span> <span class='ocrx_word' id='word_1_62' title='bbox 471 698 511 733; x_wconf 88' lang='lat' dir='ltr'>et</span> <span class='ocrx_word' id='word_1_63' title='bbox 550 693 746 734; x_wconf 81' lang='lat' dir='ltr'>Scaevola</span> <span class='ocrx_word' id='word_1_64' title='bbox 790 707 920 748; x_wconf 83' lang='lat' dir='ltr'>usque</span> <span class='ocrx_word' id='word_1_65' title='bbox 966 697 1014 736; x_wconf 85' lang='lat' dir='ltr'>ad</span> <span class='ocrx_word' id='word_1_66' title='bbox 1055 694 1240 736; x_wconf 80' lang='lat' dir='ltr'>Paullum</span> <span class='ocrx_word' id='word_1_67' title='bbox 1284 700 1323 735; x_wconf 85' lang='lat' dir='ltr'>et</span> <span class='ocrx_word' id='word_1_68' title='bbox 1360 695 1598 737; x_wconf 85' lang='lat' dir='ltr'>Marcellum</span> <span class='ocrx_word' id='word_1_69' title='bbox 1638 695 1827 737; x_wconf 85' lang='lat' dir='ltr'>consules</span> 
     </span>
     <span class='ocr_line' id='line_1_8' title="bbox 69 753 1828 805; baseline 0.002 -9"><span class='ocrx_word' id='word_1_70' title='bbox 69 757 234 805; x_wconf 61' lang='lat' dir='ltr'>norum</span> <span class='ocrx_word' id='word_1_71' title='bbox 280 769 356 796; x_wconf 87' lang='lat' dir='ltr'>nos</span> <span class='ocrx_word' id='word_1_72' title='bbox 396 755 437 795; x_wconf 90' lang='lat' dir='ltr'>in</span> <span class='ocrx_word' id='word_1_73' title='bbox 477 753 625 795; x_wconf 90' lang='lat' dir='ltr'>eodem</span> <span class='ocrx_word' id='word_1_74' title='bbox 663 769 784 797; x_wconf 82' lang='lat' dir='ltr'>cursu</span> <span class='ocrx_word' id='word_1_75' title='bbox 823 755 976 798; x_wconf 89' lang='lat' dir='ltr'>suimus</span> <span class='ocrx_word' id='word_1_76' title='bbox 1006 771 1029 797; x_wconf 91' lang='lat' dir='ltr'>a</span> <span class='ocrx_word' id='word_1_77' title='bbox 1061 756 1173 798; x_wconf 77' lang='lat' dir='ltr'>Sulla</span> <span class='ocrx_word' id='word_1_78' title='bbox 1212 757 1412 799; x_wconf 74' lang='lat' dir='ltr'>dictatore</span> <span class='ocrx_word' id='word_1_79' title='bbox 1455 760 1506 799; x_wconf 91' lang='lat' dir='ltr'>ad</span> <span class='ocrx_word' id='word_1_80' title='bbox 1537 760 1708 800; x_wconf 87' lang='lat' dir='ltr'>eosdem</span> <span class='ocrx_word' id='word_1_81' title='bbox 1738 757 1828 800; x_wconf 88' lang='lat' dir='ltr'>sere</span> 
     </span>
     <span class='ocr_line' id='line_1_9' title="bbox 67 816 1824 874; baseline 0.003 -16"><span class='ocrx_word' id='word_1_82' title='bbox 67 817 273 859; x_wconf 88' lang='lat' dir='ltr'>consules.</span> <span class='ocrx_word' id='word_1_83' title='bbox 331 816 398 858; x_wconf 88' lang='lat' dir='ltr'>Sic</span> <span class='ocrx_word' id='word_1_84' title='bbox 427 817 478 866; x_wconf 88' lang='lat' dir='ltr'>Q.</span> <span class='ocrx_word' id='word_1_85' title='bbox 510 818 719 858; x_wconf 75' lang='lat' dir='ltr'>Hortensii</span> <span class='ocrx_word' id='word_1_86' title='bbox 760 832 840 860; x_wconf 75' lang='lat' dir='ltr'>vox</span> <span class='ocrx_word' id='word_1_87' title='bbox 879 819 1081 860; x_wconf 81' lang='lat' dir='ltr'>exstincta</span> <span class='ocrx_word' id='word_1_88' title='bbox 1111 818 1195 861; x_wconf 87' lang='lat' dir='ltr'>sato</span> <span class='ocrx_word' id='word_1_89' title='bbox 1226 833 1302 860; x_wconf 93' lang='lat' dir='ltr'>suo</span> <span class='ocrx_word' id='word_1_90' title='bbox 1334 825 1418 869; x_wconf 89' lang='lat' dir='ltr'>cst,</span> <span class='ocrx_word' id='word_1_91' title='bbox 1468 827 1610 862; x_wconf 85' lang='lat' dir='ltr'>nostra</span> <span class='ocrx_word' id='word_1_92' title='bbox 1640 820 1824 874; x_wconf 92' lang='lat' dir='ltr'>publico.</span> 
     </span>
     <span class='ocr_line' id='line_1_10' title="bbox 67 879 1824 938; baseline 0.002 -17"><span class='ocrx_word' id='word_1_93' title='bbox 67 882 164 921; x_wconf 75' lang='lat'>329.</span> <span class='ocrx_word' id='word_1_94' title='bbox 197 879 368 927; x_wconf 84' lang='lat' dir='ltr'>Melius,</span> <span class='ocrx_word' id='word_1_95' title='bbox 402 893 581 933; x_wconf 81' lang='lat' dir='ltr'>quaeso,</span> <span class='ocrx_word' id='word_1_96' title='bbox 615 880 822 928; x_wconf 86' lang='lat' dir='ltr'>ominare,</span> <span class='ocrx_word' id='word_1_97' title='bbox 854 883 986 936; x_wconf 91' lang='lat' dir='ltr'>inquit</span> <span class='ocrx_word' id='word_1_98' title='bbox 1006 885 1170 923; x_wconf 85' lang='lat' dir='ltr'>Brutus.</span> <span class='ocrx_word' id='word_1_99' title='bbox 1235 884 1295 923; x_wconf 92' lang='lat' dir='ltr'>Sit</span> <span class='ocrx_word' id='word_1_100' title='bbox 1325 896 1422 924; x_wconf 83' lang='lat' dir='ltr'>sane</span> <span class='ocrx_word' id='word_1_101' title='bbox 1453 890 1498 925; x_wconf 94' lang='lat' dir='ltr'>ut</span> <span class='ocrx_word' id='word_1_102' title='bbox 1519 883 1605 931; x_wconf 73' lang='lat' dir='ltr'>vis,</span> <span class='ocrx_word' id='word_1_103' title='bbox 1638 883 1824 938; x_wconf 92' lang='lat' dir='ltr'>inquam,</span> 
     </span>
     <span class='ocr_line' id='line_1_11' title="bbox 67 941 1877 1000; baseline 0.002 -17"><span class='ocrx_word' id='word_1_104' title='bbox 67 949 108 983; x_wconf 93' lang='lat' dir='ltr'>et</span> <span class='ocrx_word' id='word_1_105' title='bbox 137 941 178 984; x_wconf 91' lang='lat' dir='ltr'>id</span> <span class='ocrx_word' id='word_1_106' title='bbox 208 955 290 983; x_wconf 93' lang='lat' dir='ltr'>non</span> <span class='ocrx_word' id='word_1_107' title='bbox 320 947 403 982; x_wconf 87' lang='lat' dir='ltr'>tam</span> <span class='ocrx_word' id='word_1_108' title='bbox 435 955 526 982; x_wconf 90' lang='lat' dir='ltr'>mea</span> <span class='ocrx_word' id='word_1_109' title='bbox 558 956 681 983; x_wconf 86' lang='lat' dir='ltr'>causa</span> <span class='ocrx_word' id='word_1_110' title='bbox 711 957 834 998; x_wconf 88' lang='lat' dir='ltr'>quam</span> <span class='ocrx_word' id='word_1_111' title='bbox 866 951 956 993; x_wconf 91' lang='lat' dir='ltr'>tua;</span> <span class='ocrx_word' id='word_1_112' title='bbox 990 943 1064 985; x_wconf 89' lang='lat' dir='ltr'>sed</span> <span class='ocrx_word' id='word_1_113' title='bbox 1094 943 1327 986; x_wconf 82' lang='lat' dir='ltr'>fortunatus</span> <span class='ocrx_word' id='word_1_114' title='bbox 1358 945 1467 986; x_wconf 88' lang='lat' dir='ltr'>illius</span> <span class='ocrx_word' id='word_1_115' title='bbox 1498 946 1651 993; x_wconf 80' lang='lat' dir='ltr'>exitus,</span> <span class='ocrx_word' id='word_1_116' title='bbox 1684 947 1754 1000; x_wconf 92' lang='lat' dir='ltr'>qui</span> <span class='ocrx_word' id='word_1_117' title='bbox 1781 960 1827 987; x_wconf 90' lang='lat' dir='ltr'>ea</span> <span class='ocrx_word' id='word_1_118' title='bbox 1842 956 1877 983; x_wconf 90' lang='lat'>¹⁰</span> 
     </span>
     <span class='ocr_line' id='line_1_12' title="bbox 65 1003 1828 1060; baseline 0.003 -15"><span class='ocrx_word' id='word_1_119' title='bbox 65 1017 150 1046; x_wconf 91' lang='lat' dir='ltr'>non</span> <span class='ocrx_word' id='word_1_120' title='bbox 179 1003 282 1045; x_wconf 85' lang='lat' dir='ltr'>vidit</span> <span class='ocrx_word' id='word_1_121' title='bbox 310 1017 403 1044; x_wconf 91' lang='lat' dir='ltr'>cum</span> <span class='ocrx_word' id='word_1_122' title='bbox 434 1003 603 1052; x_wconf 75' lang='lat' dir='ltr'>tierent,</span> <span class='ocrx_word' id='word_1_123' title='bbox 637 1019 743 1059; x_wconf 89' lang='lat' dir='ltr'>quae</span> <span class='ocrx_word' id='word_1_124' title='bbox 774 1006 956 1059; x_wconf 76' lang='lat' dir='ltr'>providit</span> <span class='ocrx_word' id='word_1_125' title='bbox 986 1005 1152 1047; x_wconf 77' lang='lat' dir='ltr'>futural</span> <span class='ocrx_word' id='word_1_126' title='bbox 1198 1008 1332 1060; x_wconf 79' lang='lat' dir='ltr'>Saepe</span> <span class='ocrx_word' id='word_1_127' title='bbox 1363 1007 1474 1048; x_wconf 89' lang='lat' dir='ltr'>enim</span> <span class='ocrx_word' id='word_1_128' title='bbox 1510 1009 1617 1050; x_wconf 87' lang='lat' dir='ltr'>inter</span> <span class='ocrx_word' id='word_1_129' title='bbox 1646 1024 1721 1050; x_wconf 92' lang='lat' dir='ltr'>nos</span> <span class='ocrx_word' id='word_1_130' title='bbox 1752 1009 1828 1051; x_wconf 90' lang='lat' dir='ltr'>im-</span> 
     </span>
     <span class='ocr_line' id='line_1_13' title="bbox 64 1066 1827 1128; baseline 0.004 -21"><span class='ocrx_word' id='word_1_131' title='bbox 64 1068 294 1120; x_wconf 85' lang='lat' dir='ltr'>pendentes</span> <span class='ocrx_word' id='word_1_132' title='bbox 324 1079 441 1108; x_wconf 88' lang='lat' dir='ltr'>casus</span> <span class='ocrx_word' id='word_1_133' title='bbox 472 1069 739 1116; x_wconf 72' lang='lat' dir='ltr'>deflevimus,</span> <span class='ocrx_word' id='word_1_134' title='bbox 769 1083 862 1110; x_wconf 90' lang='lat' dir='ltr'>cum</span> <span class='ocrx_word' id='word_1_135' title='bbox 893 1066 991 1109; x_wconf 89' lang='lat' dir='ltr'>belli</span> <span class='ocrx_word' id='word_1_136' title='bbox 1023 1068 1155 1109; x_wconf 85' lang='lat' dir='ltr'>civilis</span> <span class='ocrx_word' id='word_1_137' title='bbox 1186 1082 1328 1110; x_wconf 84' lang='lat' dir='ltr'>causas</span> <span class='ocrx_word' id='word_1_138' title='bbox 1359 1070 1400 1109; x_wconf 96' lang='lat' dir='ltr'>in</span> <span class='ocrx_word' id='word_1_139' title='bbox 1432 1070 1688 1124; x_wconf 84' lang='lat' dir='ltr'>privatorum</span> <span class='ocrx_word' id='word_1_140' title='bbox 1714 1075 1827 1128; x_wconf 89' lang='lat' dir='ltr'>cupi-</span> 
     </span>
     <span class='ocr_line' id='line_1_14' title="bbox 62 1127 1826 1186; baseline 0.004 -16"><span class='ocrx_word' id='word_1_141' title='bbox 62 1127 258 1170; x_wconf 86' lang='lat' dir='ltr'>ditatibus</span> <span class='ocrx_word' id='word_1_142' title='bbox 279 1129 478 1177; x_wconf 91' lang='lat' dir='ltr'>inclusas,</span> <span class='ocrx_word' id='word_1_143' title='bbox 509 1130 620 1185; x_wconf 84' lang='lat' dir='ltr'>pacis</span> <span class='ocrx_word' id='word_1_144' title='bbox 642 1144 757 1186; x_wconf 87' lang='lat' dir='ltr'>spem</span> <span class='ocrx_word' id='word_1_145' title='bbox 778 1144 800 1171; x_wconf 89' lang='lat' dir='ltr'>a</span> <span class='ocrx_word' id='word_1_146' title='bbox 820 1128 986 1186; x_wconf 91' lang='lat' dir='ltr'>publico</span> <span class='ocrx_word' id='word_1_147' title='bbox 1008 1132 1182 1173; x_wconf 91' lang='lat' dir='ltr'>consilio</span> <span class='ocrx_word' id='word_1_148' title='bbox 1207 1146 1299 1174; x_wconf 90' lang='lat' dir='ltr'>esse</span> <span class='ocrx_word' id='word_1_149' title='bbox 1331 1131 1544 1174; x_wconf 81' lang='lat' dir='ltr'>exclusam</span> <span class='ocrx_word' id='word_1_150' title='bbox 1576 1134 1826 1178; x_wconf 76' lang='lat' dir='ltr'>videremus.</span> 
     </span>
     <span class='ocr_line' id='line_1_15' title="bbox 64 1190 1822 1249; baseline 0.005 -17"><span class='ocrx_word' id='word_1_151' title='bbox 64 1192 144 1232; x_wconf 85' lang='lat' dir='ltr'>Sed</span> <span class='ocrx_word' id='word_1_152' title='bbox 175 1190 290 1232; x_wconf 91' lang='lat' dir='ltr'>illum</span> <span class='ocrx_word' id='word_1_153' title='bbox 320 1192 486 1234; x_wconf 79' lang='lat' dir='ltr'>videtur</span> <span class='ocrx_word' id='word_1_154' title='bbox 514 1192 689 1234; x_wconf 86' lang='lat' dir='ltr'>felicitas</span> <span class='ocrx_word' id='word_1_155' title='bbox 720 1193 871 1248; x_wconf 90' lang='lat' dir='ltr'>ipsius,</span> <span class='ocrx_word' id='word_1_156' title='bbox 904 1207 985 1248; x_wconf 92' lang='lat' dir='ltr'>qua</span> <span class='ocrx_word' id='word_1_157' title='bbox 1016 1207 1183 1249; x_wconf 88' lang='lat' dir='ltr'>semper</span> <span class='ocrx_word' id='word_1_158' title='bbox 1212 1201 1273 1237; x_wconf 90' lang='lat' dir='ltr'>est</span> <span class='ocrx_word' id='word_1_159' title='bbox 1302 1208 1422 1243; x_wconf 90' lang='lat' dir='ltr'>usus,</span> <span class='ocrx_word' id='word_1_160' title='bbox 1459 1198 1511 1237; x_wconf 89' lang='lat' dir='ltr'>ab</span> <span class='ocrx_word' id='word_1_161' title='bbox 1542 1197 1601 1238; x_wconf 89' lang='lat' dir='ltr'>eis</span> <span class='ocrx_word' id='word_1_162' title='bbox 1631 1197 1822 1248; x_wconf 84' lang='lat' dir='ltr'>miseriis,</span> 
     </span>
     <span class='ocr_line' id='line_1_16' title="bbox 62 1257 1873 1310; baseline 0.001 -14"><span class='ocrx_word' id='word_1_163' title='bbox 62 1268 169 1310; x_wconf 91' lang='lat' dir='ltr'>quae</span> <span class='ocrx_word' id='word_1_164' title='bbox 199 1262 445 1302; x_wconf 82' lang='lat' dir='ltr'>consecutae</span> <span class='ocrx_word' id='word_1_165' title='bbox 477 1262 591 1303; x_wconf 90' lang='lat' dir='ltr'>sunt,</span> <span class='ocrx_word' id='word_1_166' title='bbox 623 1262 756 1297; x_wconf 90' lang='lat' dir='ltr'>morte</span> <span class='ocrx_word' id='word_1_167' title='bbox 786 1257 1083 1297; x_wconf 83' lang='lat' dir='ltr'>vindicavisse.</span> <span class='ocrx_word' id='word_1_168' title='bbox 1835 1272 1873 1298; x_wconf 82' lang='lat'>1⁵</span> 
     </span>
     <span class='ocr_line' id='line_1_17' title="bbox 173 1319 1821 1375; baseline 0.004 -15"><span class='ocrx_word' id='word_1_169' title='bbox 173 1320 268 1360; x_wconf 85' lang='lat'><strong>330.</strong></span> <span class='ocrx_word' id='word_1_170' title='bbox 300 1321 385 1359; x_wconf 80' lang='lat' dir='ltr'>Nos</span> <span class='ocrx_word' id='word_1_171' title='bbox 415 1325 573 1366; x_wconf 88' lang='lat' dir='ltr'>autem,</span> <span class='ocrx_word' id='word_1_172' title='bbox 606 1322 752 1367; x_wconf 88' lang='lat' dir='ltr'>Brute,</span> <span class='ocrx_word' id='word_1_173' title='bbox 785 1320 980 1375; x_wconf 89' lang='lat' dir='ltr'>quoniam</span> <span class='ocrx_word' id='word_1_174' title='bbox 1010 1323 1104 1374; x_wconf 88' lang='lat' dir='ltr'>post</span> <span class='ocrx_word' id='word_1_175' title='bbox 1123 1319 1355 1368; x_wconf 86' lang='lat' dir='ltr'>Hortensii,</span> <span class='ocrx_word' id='word_1_176' title='bbox 1390 1319 1607 1365; x_wconf 87' lang='lat' dir='ltr'>clarissimi</span> <span class='ocrx_word' id='word_1_177' title='bbox 1628 1323 1821 1373; x_wconf 88' lang='lat' dir='ltr'>oratoris,</span> 
     </span>
     <span class='ocr_line' id='line_1_18' title="bbox 60 1379 1824 1438; baseline 0.005 -17"><span class='ocrx_word' id='word_1_178' title='bbox 60 1384 237 1421; x_wconf 88' lang='lat' dir='ltr'>mortem</span> <span class='ocrx_word' id='word_1_179' title='bbox 270 1379 397 1422; x_wconf 90' lang='lat' dir='ltr'>orbae</span> <span class='ocrx_word' id='word_1_180' title='bbox 428 1382 692 1437; x_wconf 85' lang='lat' dir='ltr'>eloquentiae</span> <span class='ocrx_word' id='word_1_181' title='bbox 723 1384 838 1438; x_wconf 87' lang='lat' dir='ltr'>quasi</span> <span class='ocrx_word' id='word_1_182' title='bbox 874 1387 1032 1423; x_wconf 87' lang='lat' dir='ltr'>tutores</span> <span class='ocrx_word' id='word_1_183' title='bbox 1069 1381 1205 1423; x_wconf 84' lang='lat' dir='ltr'>relicti</span> <span class='ocrx_word' id='word_1_184' title='bbox 1244 1396 1411 1431; x_wconf 88' lang='lat' dir='ltr'>sumus,</span> <span class='ocrx_word' id='word_1_185' title='bbox 1457 1384 1570 1426; x_wconf 90' lang='lat' dir='ltr'>domi</span> <span class='ocrx_word' id='word_1_186' title='bbox 1610 1390 1824 1429; x_wconf 85' lang='lat' dir='ltr'>teneamus</span> 
     </span>
     <span class='ocr_line' id='line_1_19' title="bbox 61 1442 1824 1503; baseline 0.005 -20"><span class='ocrx_word' id='word_1_187' title='bbox 61 1455 151 1484; x_wconf 88' lang='lat' dir='ltr'>eam</span> <span class='ocrx_word' id='word_1_188' title='bbox 182 1449 364 1497; x_wconf 86' lang='lat' dir='ltr'>saeptam</span> <span class='ocrx_word' id='word_1_189' title='bbox 397 1442 558 1485; x_wconf 87' lang='lat' dir='ltr'>liberali</span> <span class='ocrx_word' id='word_1_190' title='bbox 589 1445 796 1494; x_wconf 89' lang='lat' dir='ltr'>custodia;</span> <span class='ocrx_word' id='word_1_191' title='bbox 841 1450 882 1486; x_wconf 92' lang='lat' dir='ltr'>et</span> <span class='ocrx_word' id='word_1_192' title='bbox 918 1446 995 1486; x_wconf 89' lang='lat' dir='ltr'>hos</span> <span class='ocrx_word' id='word_1_193' title='bbox 1025 1443 1190 1498; x_wconf 85' lang='lat' dir='ltr'>ignotos</span> <span class='ocrx_word' id='word_1_194' title='bbox 1221 1450 1344 1499; x_wconf 90' lang='lat' dir='ltr'>atque</span> <span class='ocrx_word' id='word_1_195' title='bbox 1374 1445 1640 1499; x_wconf 89' lang='lat' dir='ltr'>impudentes</span> <span class='ocrx_word' id='word_1_196' title='bbox 1669 1462 1824 1503; x_wconf 90' lang='lat' dir='ltr'>procos</span> 
     </span>
     <span class='ocr_line' id='line_1_20' title="bbox 61 1506 1825 1562; baseline 0.004 -16"><span class='ocrx_word' id='word_1_197' title='bbox 61 1506 328 1561; x_wconf 90' lang='lat' dir='ltr'>repudiemus</span> <span class='ocrx_word' id='word_1_198' title='bbox 361 1512 633 1562; x_wconf 88' lang='lat' dir='ltr'>tueamurque</span> <span class='ocrx_word' id='word_1_199' title='bbox 663 1513 708 1548; x_wconf 89' lang='lat' dir='ltr'>ut</span> <span class='ocrx_word' id='word_1_200' title='bbox 738 1508 920 1548; x_wconf 87' lang='lat' dir='ltr'>adultam</span> <span class='ocrx_word' id='word_1_201' title='bbox 950 1507 1157 1561; x_wconf 83' lang='lat' dir='ltr'>virginem</span> <span class='ocrx_word' id='word_1_202' title='bbox 1187 1513 1298 1549; x_wconf 87' lang='lat' dir='ltr'>caste</span> <span class='ocrx_word' id='word_1_203' title='bbox 1329 1512 1371 1549; x_wconf 90' lang='lat' dir='ltr'>et</span> <span class='ocrx_word' id='word_1_204' title='bbox 1401 1507 1452 1549; x_wconf 88' lang='lat' dir='ltr'>ab</span> <span class='ocrx_word' id='word_1_205' title='bbox 1485 1516 1717 1553; x_wconf 91' lang='lat' dir='ltr'>amatorum</span> <span class='ocrx_word' id='word_1_206' title='bbox 1748 1511 1825 1553; x_wconf 90' lang='lat' dir='ltr'>im-</span> 
     </span>
     <span class='ocr_line' id='line_1_21' title="bbox 59 1568 1872 1626; baseline 0.004 -17"><span class='ocrx_word' id='word_1_207' title='bbox 59 1574 180 1622; x_wconf 88' lang='lat' dir='ltr'>petu,</span> <span class='ocrx_word' id='word_1_208' title='bbox 229 1575 427 1625; x_wconf 91' lang='lat' dir='ltr'>quantum</span> <span class='ocrx_word' id='word_1_209' title='bbox 469 1582 713 1624; x_wconf 87' lang='lat' dir='ltr'>possumus,</span> <span class='ocrx_word' id='word_1_210' title='bbox 758 1568 1068 1626; x_wconf 85' lang='lat' dir='ltr'>prohibeamus.</span> <span class='ocrx_word' id='word_1_211' title='bbox 1126 1571 1353 1624; x_wconf 86' lang='lat' dir='ltr'>Equidem,</span> <span class='ocrx_word' id='word_1_212' title='bbox 1396 1571 1473 1613; x_wconf 87' lang='lat' dir='ltr'>etsi</span> <span class='ocrx_word' id='word_1_213' title='bbox 1515 1571 1636 1615; x_wconf 92' lang='lat' dir='ltr'>doleo</span> <span class='ocrx_word' id='word_1_214' title='bbox 1675 1588 1741 1616; x_wconf 89' lang='lat' dir='ltr'>me</span> <span class='ocrx_word' id='word_1_215' title='bbox 1780 1576 1872 1617; x_wconf 81' lang='lat' dir='ltr'>in²0</span> 
     </span>
     <span class='ocr_line' id='line_1_22' title="bbox 60 1631 1822 1690; baseline 0.003 -17"><span class='ocrx_word' id='word_1_216' title='bbox 60 1631 185 1673; x_wconf 76' lang='lat' dir='ltr'>vitam</span> <span class='ocrx_word' id='word_1_217' title='bbox 217 1632 357 1686; x_wconf 90' lang='lat' dir='ltr'>paullo</span> <span class='ocrx_word' id='word_1_218' title='bbox 391 1634 522 1674; x_wconf 91' lang='lat' dir='ltr'>serius</span> <span class='ocrx_word' id='word_1_219' title='bbox 554 1638 763 1687; x_wconf 86' lang='lat' dir='ltr'>tamquam</span> <span class='ocrx_word' id='word_1_220' title='bbox 792 1632 834 1673; x_wconf 90' lang='lat' dir='ltr'>in</span> <span class='ocrx_word' id='word_1_221' title='bbox 865 1632 974 1674; x_wconf 91' lang='lat' dir='ltr'>viam</span> <span class='ocrx_word' id='word_1_222' title='bbox 1004 1631 1264 1686; x_wconf 89' lang='lat' dir='ltr'>ingressum,</span> <span class='ocrx_word' id='word_1_223' title='bbox 1311 1633 1554 1690; x_wconf 89' lang='lat' dir='ltr'>priusquam</span> <span class='ocrx_word' id='word_1_224' title='bbox 1589 1636 1822 1680; x_wconf 91' lang='lat' dir='ltr'>consectum</span> 
     </span>
     <span class='ocr_line' id='line_1_23' title="bbox 58 1694 1822 1751; baseline 0.005 -17"><span class='ocrx_word' id='word_1_225' title='bbox 58 1694 139 1735; x_wconf 88' lang='lat' dir='ltr'>iter</span> <span class='ocrx_word' id='word_1_226' title='bbox 168 1695 237 1742; x_wconf 92' lang='lat' dir='ltr'>sit,</span> <span class='ocrx_word' id='word_1_227' title='bbox 284 1695 326 1735; x_wconf 93' lang='lat' dir='ltr'>in</span> <span class='ocrx_word' id='word_1_228' title='bbox 357 1696 461 1736; x_wconf 89' lang='lat' dir='ltr'>hanc</span> <span class='ocrx_word' id='word_1_229' title='bbox 491 1694 554 1736; x_wconf 92' lang='lat' dir='ltr'>rei</span> <span class='ocrx_word' id='word_1_230' title='bbox 584 1694 773 1751; x_wconf 90' lang='lat' dir='ltr'>publicae</span> <span class='ocrx_word' id='word_1_231' title='bbox 804 1700 969 1737; x_wconf 89' lang='lat' dir='ltr'>noctem</span> <span class='ocrx_word' id='word_1_232' title='bbox 1006 1695 1224 1745; x_wconf 89' lang='lat' dir='ltr'>incidisse,</span> <span class='ocrx_word' id='word_1_233' title='bbox 1270 1700 1409 1738; x_wconf 88' lang='lat' dir='ltr'>tamen</span> <span class='ocrx_word' id='word_1_234' title='bbox 1448 1711 1499 1738; x_wconf 89' lang='lat' dir='ltr'>ea</span> <span class='ocrx_word' id='word_1_235' title='bbox 1539 1699 1822 1742; x_wconf 87' lang='lat' dir='ltr'>consolatione</span> 
     </span>
     <span class='ocr_line' id='line_1_24' title="bbox 59 1755 1823 1819; baseline 0.004 -22"><span class='ocrx_word' id='word_1_236' title='bbox 59 1761 286 1803; x_wconf 88' lang='lat' dir='ltr'>sustentor,</span> <span class='ocrx_word' id='word_1_237' title='bbox 319 1770 441 1813; x_wconf 90' lang='lat' dir='ltr'>quam</span> <span class='ocrx_word' id='word_1_238' title='bbox 473 1763 516 1799; x_wconf 87' lang='lat' dir='ltr'>tu</span> <span class='ocrx_word' id='word_1_239' title='bbox 547 1757 667 1806; x_wconf 91' lang='lat' dir='ltr'>mihi,</span> <span class='ocrx_word' id='word_1_240' title='bbox 699 1761 844 1806; x_wconf 84' lang='lat' dir='ltr'>Brute,</span> <span class='ocrx_word' id='word_1_241' title='bbox 877 1755 1104 1799; x_wconf 88' lang='lat' dir='ltr'>adhibuisti</span> <span class='ocrx_word' id='word_1_242' title='bbox 1134 1760 1213 1801; x_wconf 88' lang='lat' dir='ltr'>tuis</span> <span class='ocrx_word' id='word_1_243' title='bbox 1243 1760 1496 1801; x_wconf 84' lang='lat' dir='ltr'>suavissimis</span> <span class='ocrx_word' id='word_1_244' title='bbox 1526 1759 1698 1812; x_wconf 86' lang='lat' dir='ltr'>litteris,</span> <span class='ocrx_word' id='word_1_245' title='bbox 1732 1765 1823 1819; x_wconf 87' lang='lat' dir='ltr'>qui-</span> 
     </span>
     <span class='ocr_line' id='line_1_25' title="bbox 57 1816 1820 1879; baseline 0.003 -19"><span class='ocrx_word' id='word_1_246' title='bbox 57 1816 136 1860; x_wconf 88' lang='lat' dir='ltr'>bus</span> <span class='ocrx_word' id='word_1_247' title='bbox 166 1833 232 1861; x_wconf 90' lang='lat' dir='ltr'>me</span> <span class='ocrx_word' id='word_1_248' title='bbox 262 1819 361 1861; x_wconf 86' lang='lat' dir='ltr'>sorti</span> <span class='ocrx_word' id='word_1_249' title='bbox 391 1821 529 1862; x_wconf 91' lang='lat' dir='ltr'>animo</span> <span class='ocrx_word' id='word_1_250' title='bbox 571 1835 661 1862; x_wconf 88' lang='lat' dir='ltr'>esse</span> <span class='ocrx_word' id='word_1_251' title='bbox 703 1826 898 1876; x_wconf 83' lang='lat' dir='ltr'>oportere</span> <span class='ocrx_word' id='word_1_252' title='bbox 937 1819 1155 1869; x_wconf 80' lang='lat' dir='ltr'>censebas,</span> <span class='ocrx_word' id='word_1_253' title='bbox 1202 1820 1313 1875; x_wconf 91' lang='lat' dir='ltr'>quod</span> <span class='ocrx_word' id='word_1_254' title='bbox 1349 1834 1397 1862; x_wconf 90' lang='lat' dir='ltr'>ea</span> <span class='ocrx_word' id='word_1_255' title='bbox 1428 1823 1667 1875; x_wconf 83' lang='lat' dir='ltr'>gessissem,</span> <span class='ocrx_word' id='word_1_256' title='bbox 1714 1838 1820 1879; x_wconf 90' lang='lat' dir='ltr'>quae</span> 
     </span>
     <span class='ocr_line' id='line_1_26' title="bbox 59 1882 1868 1942; baseline 0.004 -21"><span class='ocrx_word' id='word_1_257' title='bbox 59 1882 111 1922; x_wconf 91' lang='lat' dir='ltr'>de</span> <span class='ocrx_word' id='word_1_258' title='bbox 143 1895 210 1923; x_wconf 93' lang='lat' dir='ltr'>me</span> <span class='ocrx_word' id='word_1_259' title='bbox 240 1883 364 1924; x_wconf 88' lang='lat' dir='ltr'>etiam</span> <span class='ocrx_word' id='word_1_260' title='bbox 394 1896 460 1923; x_wconf 90' lang='lat' dir='ltr'>me</span> <span class='ocrx_word' id='word_1_261' title='bbox 491 1888 651 1925; x_wconf 85' lang='lat' dir='ltr'>tacente</span> <span class='ocrx_word' id='word_1_262' title='bbox 682 1883 769 1937; x_wconf 89' lang='lat' dir='ltr'>ipsa</span> <span class='ocrx_word' id='word_1_263' title='bbox 801 1885 1072 1939; x_wconf 86' lang='lat' dir='ltr'>loquerentur</span> <span class='ocrx_word' id='word_1_264' title='bbox 1101 1890 1267 1925; x_wconf 91' lang='lat' dir='ltr'>mortuo</span> <span class='ocrx_word' id='word_1_265' title='bbox 1288 1885 1586 1940; x_wconf 89' lang='lat' dir='ltr'>viverentque;</span> <span class='ocrx_word' id='word_1_266' title='bbox 1620 1900 1752 1942; x_wconf 90' lang='lat' dir='ltr'>quae,</span> <span class='ocrx_word' id='word_1_267' title='bbox 1785 1887 1818 1929; x_wconf 92' lang='lat' dir='ltr'>si</span> <span class='ocrx_word' id='word_1_268' title='bbox 1833 1898 1868 1924; x_wconf 81' lang='lat'>2⁵</span> 
     </span>
     <span class='ocr_line' id='line_1_27' title="bbox 57 1944 1819 2002; baseline 0.003 -17"><span class='ocrx_word' id='word_1_269' title='bbox 57 1948 171 1985; x_wconf 88' lang='lat' dir='ltr'>recte</span> <span class='ocrx_word' id='word_1_270' title='bbox 213 1949 345 1993; x_wconf 89' lang='lat' dir='ltr'>esset,</span> <span class='ocrx_word' id='word_1_271' title='bbox 392 1944 522 1986; x_wconf 91' lang='lat' dir='ltr'>salute</span> <span class='ocrx_word' id='word_1_272' title='bbox 562 1947 624 1987; x_wconf 90' lang='lat' dir='ltr'>rei</span> <span class='ocrx_word' id='word_1_273' title='bbox 660 1945 879 2001; x_wconf 83' lang='lat' dir='ltr'>publicae3</span> <span class='ocrx_word' id='word_1_274' title='bbox 929 1946 990 1987; x_wconf 91' lang='lat' dir='ltr'>sin</span> <span class='ocrx_word' id='word_1_275' title='bbox 1031 1957 1171 1993; x_wconf 79' lang='lat' dir='ltr'>secus,</span> <span class='ocrx_word' id='word_1_276' title='bbox 1217 1945 1386 1987; x_wconf 88' lang='lat' dir='ltr'>interitu</span> <span class='ocrx_word' id='word_1_277' title='bbox 1416 1948 1505 2002; x_wconf 90' lang='lat' dir='ltr'>ipso</span> <span class='ocrx_word' id='word_1_278' title='bbox 1538 1948 1819 1991; x_wconf 88' lang='lat' dir='ltr'>testimonium</span> 
     </span>
     <span class='ocr_line' id='line_1_28' title="bbox 56 2005 1821 2061; baseline 0.003 -14"><span class='ocrx_word' id='word_1_279' title='bbox 56 2018 247 2048; x_wconf 86' lang='lat' dir='ltr'>meorum</span> <span class='ocrx_word' id='word_1_280' title='bbox 278 2008 329 2048; x_wconf 92' lang='lat' dir='ltr'>dc</span> <span class='ocrx_word' id='word_1_281' title='bbox 358 2020 406 2048; x_wconf 88' lang='lat' dir='ltr'>re</span> <span class='ocrx_word' id='word_1_282' title='bbox 435 2005 604 2061; x_wconf 90' lang='lat' dir='ltr'>publica</span> <span class='ocrx_word' id='word_1_283' title='bbox 635 2007 904 2050; x_wconf 89' lang='lat' dir='ltr'>consiliorum</span> <span class='ocrx_word' id='word_1_284' title='bbox 935 2011 1094 2049; x_wconf 89' lang='lat' dir='ltr'>darent.</span> <span class='ocrx_word' id='word_1_285' title='bbox 1155 2008 1319 2051; x_wconf 85' lang='lat' dir='ltr'>XCVII.</span> <span class='ocrx_word' id='word_1_286' title='bbox 1350 2012 1446 2051; x_wconf 89' lang='lat'>331.</span> <span class='ocrx_word' id='word_1_287' title='bbox 1496 2011 1576 2052; x_wconf 87' lang='lat' dir='ltr'>Sed</span> <span class='ocrx_word' id='word_1_288' title='bbox 1616 2012 1658 2052; x_wconf 89' lang='lat' dir='ltr'>in</span> <span class='ocrx_word' id='word_1_289' title='bbox 1687 2016 1727 2052; x_wconf 88' lang='lat' dir='ltr'>te</span> <span class='ocrx_word' id='word_1_290' title='bbox 1758 2013 1821 2052; x_wconf 93' lang='lat' dir='ltr'>in-</span> 
     </span>
     <span class='ocr_line' id='line_1_29' title="bbox 57 2069 1819 2128; baseline 0.002 -19"><span class='ocrx_word' id='word_1_291' title='bbox 57 2074 199 2117; x_wconf 89' lang='lat' dir='ltr'>tuens,</span> <span class='ocrx_word' id='word_1_292' title='bbox 243 2071 393 2118; x_wconf 90' lang='lat' dir='ltr'>Brute,</span> <span class='ocrx_word' id='word_1_293' title='bbox 435 2069 582 2121; x_wconf 82' lang='lat' dir='ltr'>dole03</span> <span class='ocrx_word' id='word_1_294' title='bbox 632 2070 749 2112; x_wconf 91' lang='lat' dir='ltr'>cuius</span> <span class='ocrx_word' id='word_1_295' title='bbox 787 2073 828 2112; x_wconf 90' lang='lat' dir='ltr'>in</span> <span class='ocrx_word' id='word_1_296' title='bbox 870 2070 1193 2112; x_wconf 87' lang='lat' dir='ltr'>adolescentiam</span> <span class='ocrx_word' id='word_1_297' title='bbox 1235 2084 1310 2127; x_wconf 89' lang='lat' dir='ltr'>per</span> <span class='ocrx_word' id='word_1_298' title='bbox 1339 2071 1496 2113; x_wconf 90' lang='lat' dir='ltr'>medias</span> <span class='ocrx_word' id='word_1_299' title='bbox 1526 2073 1670 2114; x_wconf 89' lang='lat' dir='ltr'>laudes</span> <span class='ocrx_word' id='word_1_300' title='bbox 1702 2073 1819 2128; x_wconf 89' lang='lat' dir='ltr'>quasi</span> 
     </span>
     <span class='ocr_line' id='line_1_30' title="bbox 56 2131 1820 2189; baseline 0.002 -17"><span class='ocrx_word' id='word_1_301' title='bbox 56 2131 270 2186; x_wconf 84' lang='lat' dir='ltr'>quadrigis</span> <span class='ocrx_word' id='word_1_302' title='bbox 299 2134 520 2175; x_wconf 86' lang='lat' dir='ltr'>vehentem</span> <span class='ocrx_word' id='word_1_303' title='bbox 552 2138 787 2175; x_wconf 87' lang='lat' dir='ltr'>transversa</span> <span class='ocrx_word' id='word_1_304' title='bbox 816 2134 992 2174; x_wconf 89' lang='lat' dir='ltr'>incurrit</span> <span class='ocrx_word' id='word_1_305' title='bbox 1021 2134 1173 2174; x_wconf 91' lang='lat' dir='ltr'>misera</span> <span class='ocrx_word' id='word_1_306' title='bbox 1201 2132 1368 2175; x_wconf 82' lang='lat' dir='ltr'>fortuna</span> <span class='ocrx_word' id='word_1_307' title='bbox 1399 2134 1459 2175; x_wconf 90' lang='lat' dir='ltr'>rei</span> <span class='ocrx_word' id='word_1_308' title='bbox 1480 2133 1682 2189; x_wconf 90' lang='lat' dir='ltr'>publicae.</span> <span class='ocrx_word' id='word_1_309' title='bbox 1741 2135 1820 2176; x_wconf 87' lang='lat' dir='ltr'>llic</span> 
     </span>
     <span class='ocr_line' id='line_1_31' title="bbox 56 2195 1866 2249; baseline 0 -14"><span class='ocrx_word' id='word_1_310' title='bbox 56 2207 122 2235; x_wconf 91' lang='lat' dir='ltr'>me</span> <span class='ocrx_word' id='word_1_311' title='bbox 154 2196 277 2236; x_wconf 93' lang='lat' dir='ltr'>dolor</span> <span class='ocrx_word' id='word_1_312' title='bbox 306 2195 453 2249; x_wconf 87' lang='lat' dir='ltr'>tangit,</span> <span class='ocrx_word' id='word_1_313' title='bbox 498 2197 603 2237; x_wconf 91' lang='lat' dir='ltr'>haec</span> <span class='ocrx_word' id='word_1_314' title='bbox 641 2209 741 2237; x_wconf 87' lang='lat' dir='ltr'>cura</span> <span class='ocrx_word' id='word_1_315' title='bbox 777 2195 969 2238; x_wconf 89' lang='lat' dir='ltr'>sollicitat</span> <span class='ocrx_word' id='word_1_316' title='bbox 998 2201 1039 2237; x_wconf 93' lang='lat' dir='ltr'>et</span> <span class='ocrx_word' id='word_1_317' title='bbox 1068 2197 1180 2238; x_wconf 91' lang='lat' dir='ltr'>hunc</span> <span class='ocrx_word' id='word_1_318' title='bbox 1210 2210 1395 2244; x_wconf 89' lang='lat' dir='ltr'>mecum,</span> <span class='ocrx_word' id='word_1_319' title='bbox 1441 2198 1600 2238; x_wconf 88' lang='lat' dir='ltr'>socium</span> <span class='ocrx_word' id='word_1_320' title='bbox 1632 2195 1817 2238; x_wconf 89' lang='lat' dir='ltr'>eiusdem</span> <span class='ocrx_word' id='word_1_321' title='bbox 1833 2210 1866 2236; x_wconf 82' lang='lat'>³0</span> 
     </span>
     <span class='ocr_line' id='line_1_32' title="bbox 56 2256 1819 2314; baseline 0.003 -18"><span class='ocrx_word' id='word_1_322' title='bbox 56 2261 97 2297; x_wconf 89' lang='lat' dir='ltr'>et</span> <span class='ocrx_word' id='word_1_323' title='bbox 127 2256 282 2297; x_wconf 89' lang='lat' dir='ltr'>amoris</span> <span class='ocrx_word' id='word_1_324' title='bbox 313 2262 353 2298; x_wconf 91' lang='lat' dir='ltr'>et</span> <span class='ocrx_word' id='word_1_325' title='bbox 382 2256 539 2299; x_wconf 90' lang='lat' dir='ltr'>iudicii.</span> <span class='ocrx_word' id='word_1_326' title='bbox 598 2257 692 2299; x_wconf 92' lang='lat' dir='ltr'>Tibi</span> <span class='ocrx_word' id='word_1_327' title='bbox 735 2256 944 2306; x_wconf 84' lang='lat' dir='ltr'>favemus,</span> <span class='ocrx_word' id='word_1_328' title='bbox 991 2263 1031 2299; x_wconf 90' lang='lat' dir='ltr'>te</span> <span class='ocrx_word' id='word_1_329' title='bbox 1068 2263 1137 2299; x_wconf 88' lang='lat' dir='ltr'>tua</span> <span class='ocrx_word' id='word_1_330' title='bbox 1173 2256 1256 2300; x_wconf 92' lang='lat' dir='ltr'>srui</span> <span class='ocrx_word' id='word_1_331' title='bbox 1293 2260 1446 2300; x_wconf 90' lang='lat' dir='ltr'>virtute</span> <span class='ocrx_word' id='word_1_332' title='bbox 1476 2259 1688 2314; x_wconf 80' lang='lat' dir='ltr'>cupimus3</span> <span class='ocrx_word' id='word_1_333' title='bbox 1743 2258 1819 2301; x_wconf 90' lang='lat' dir='ltr'>tibi</span> 
     </span>
     <span class='ocr_line' id='line_1_33' title="bbox 55 2320 1817 2377; baseline 0.002 -19"><span class='ocrx_word' id='word_1_334' title='bbox 55 2323 246 2373; x_wconf 89' lang='lat' dir='ltr'>optamus</span> <span class='ocrx_word' id='word_1_335' title='bbox 275 2332 365 2360; x_wconf 89' lang='lat' dir='ltr'>eam</span> <span class='ocrx_word' id='word_1_336' title='bbox 396 2333 486 2361; x_wconf 90' lang='lat' dir='ltr'>rem</span> <span class='ocrx_word' id='word_1_337' title='bbox 521 2321 754 2375; x_wconf 90' lang='lat' dir='ltr'>publicam,</span> <span class='ocrx_word' id='word_1_338' title='bbox 800 2320 842 2362; x_wconf 94' lang='lat' dir='ltr'>in</span> <span class='ocrx_word' id='word_1_339' title='bbox 879 2334 960 2375; x_wconf 91' lang='lat' dir='ltr'>qua</span> <span class='ocrx_word' id='word_1_340' title='bbox 1001 2321 1181 2362; x_wconf 93' lang='lat' dir='ltr'>duorum</span> <span class='ocrx_word' id='word_1_341' title='bbox 1228 2335 1429 2375; x_wconf 85' lang='lat' dir='ltr'>generum</span> <span class='ocrx_word' id='word_1_342' title='bbox 1470 2321 1817 2377; x_wconf 88' lang='lat' dir='ltr'>amplissimorum</span> 
     </span>
     <span class='ocr_line' id='line_1_34' title="bbox 56 2382 1817 2438; baseline 0.002 -17"><span class='ocrx_word' id='word_1_343' title='bbox 56 2394 258 2423; x_wconf 82' lang='lat' dir='ltr'>renovare</span> <span class='ocrx_word' id='word_1_344' title='bbox 287 2382 533 2423; x_wconf 91' lang='lat' dir='ltr'>memoriam</span> <span class='ocrx_word' id='word_1_345' title='bbox 563 2388 685 2437; x_wconf 92' lang='lat' dir='ltr'>atque</span> <span class='ocrx_word' id='word_1_346' title='bbox 715 2396 869 2437; x_wconf 87' lang='lat' dir='ltr'>augere</span> <span class='ocrx_word' id='word_1_347' title='bbox 898 2383 1044 2438; x_wconf 86' lang='lat' dir='ltr'>possiS.</span> <span class='ocrx_word' id='word_1_348' title='bbox 1102 2386 1234 2424; x_wconf 84' lang='lat' dir='ltr'>Tuum</span> <span class='ocrx_word' id='word_1_349' title='bbox 1266 2385 1375 2424; x_wconf 90' lang='lat' dir='ltr'>enim</span> <span class='ocrx_word' id='word_1_350' title='bbox 1396 2384 1558 2433; x_wconf 91' lang='lat' dir='ltr'>sorum,</span> <span class='ocrx_word' id='word_1_351' title='bbox 1592 2390 1705 2425; x_wconf 89' lang='lat' dir='ltr'>tuum</span> <span class='ocrx_word' id='word_1_352' title='bbox 1728 2389 1817 2425; x_wconf 88' lang='lat' dir='ltr'>erat</span> 
     </span>
     <span class='ocr_line' id='line_1_35' title="bbox 54 2442 1815 2500; baseline 0.002 -17"><span class='ocrx_word' id='word_1_353' title='bbox 54 2442 155 2485; x_wconf 91' lang='lat' dir='ltr'>illud</span> <span class='ocrx_word' id='word_1_354' title='bbox 182 2443 453 2495; x_wconf 81' lang='lat' dir='ltr'>curriculum3</span> <span class='ocrx_word' id='word_1_355' title='bbox 496 2450 541 2486; x_wconf 93' lang='lat' dir='ltr'>tu</span> <span class='ocrx_word' id='word_1_356' title='bbox 568 2446 667 2486; x_wconf 87' lang='lat' dir='ltr'>illuc</span> <span class='ocrx_word' id='word_1_357' title='bbox 698 2459 872 2487; x_wconf 76' lang='lat' dir='ltr'>veneras</span> <span class='ocrx_word' id='word_1_358' title='bbox 901 2458 1030 2493; x_wconf 91' lang='lat' dir='ltr'>unus,</span> <span class='ocrx_word' id='word_1_359' title='bbox 1063 2444 1133 2500; x_wconf 90' lang='lat' dir='ltr'>qui</span> <span class='ocrx_word' id='word_1_360' title='bbox 1164 2459 1250 2487; x_wconf 93' lang='lat' dir='ltr'>non</span> <span class='ocrx_word' id='word_1_361' title='bbox 1276 2447 1456 2500; x_wconf 86' lang='lat' dir='ltr'>linguam</span> <span class='ocrx_word' id='word_1_362' title='bbox 1484 2448 1608 2488; x_wconf 88' lang='lat' dir='ltr'>modo</span> <span class='ocrx_word' id='word_1_363' title='bbox 1636 2448 1815 2488; x_wconf 85' lang='lat' dir='ltr'>acuisses</span> 
     </span>
     <span class='ocr_line' id='line_1_36' title="bbox 54 2505 1862 2563; baseline 0 -16"><span class='ocrx_word' id='word_1_364' title='bbox 54 2505 351 2550; x_wconf 85' lang='lat' dir='ltr'>exercitatione</span> <span class='ocrx_word' id='word_1_365' title='bbox 379 2506 564 2555; x_wconf 90' lang='lat' dir='ltr'>dicendi,</span> <span class='ocrx_word' id='word_1_366' title='bbox 597 2510 667 2549; x_wconf 89' lang='lat' dir='ltr'>sed</span> <span class='ocrx_word' id='word_1_367' title='bbox 698 2513 739 2549; x_wconf 88' lang='lat' dir='ltr'>et</span> <span class='ocrx_word' id='word_1_368' title='bbox 764 2511 893 2563; x_wconf 91' lang='lat' dir='ltr'>ipsam</span> <span class='ocrx_word' id='word_1_369' title='bbox 916 2507 1196 2563; x_wconf 90' lang='lat' dir='ltr'>eloquentiam</span> <span class='ocrx_word' id='word_1_370' title='bbox 1217 2507 1556 2563; x_wconf 88' lang='lat' dir='ltr'>locupletavisses</span> <span class='ocrx_word' id='word_1_371' title='bbox 1578 2508 1813 2562; x_wconf 73' lang='lat' dir='ltr'>graviorum</span> <span class='ocrx_word' id='word_1_372' title='bbox 1828 2519 1862 2545; x_wconf 72' lang='lat'>³5</span> 
     </span>
     <span class='ocr_line' id='line_1_37' title="bbox 53 2568 1814 2612; baseline 0.001 -3"><span class='ocrx_word' id='word_1_373' title='bbox 53 2568 206 2610; x_wconf 88' lang='lat' dir='ltr'>artium</span> <span class='ocrx_word' id='word_1_374' title='bbox 229 2569 505 2612; x_wconf 90' lang='lat' dir='ltr'>instrumento</span> <span class='ocrx_word' id='word_1_375' title='bbox 536 2576 577 2611; x_wconf 89' lang='lat' dir='ltr'>et</span> <span class='ocrx_word' id='word_1_376' title='bbox 617 2569 773 2612; x_wconf 92' lang='lat' dir='ltr'>eisdem</span> <span class='ocrx_word' id='word_1_377' title='bbox 809 2570 964 2611; x_wconf 87' lang='lat' dir='ltr'>artibus</span> <span class='ocrx_word' id='word_1_378' title='bbox 1000 2571 1125 2611; x_wconf 91' lang='lat' dir='ltr'>decus</span> <span class='ocrx_word' id='word_1_379' title='bbox 1163 2583 1286 2611; x_wconf 92' lang='lat' dir='ltr'>omne</span> <span class='ocrx_word' id='word_1_380' title='bbox 1328 2569 1492 2612; x_wconf 85' lang='lat' dir='ltr'>virtutis</span> <span class='ocrx_word' id='word_1_381' title='bbox 1525 2585 1618 2611; x_wconf 92' lang='lat' dir='ltr'>cum</span> <span class='ocrx_word' id='word_1_382' title='bbox 1656 2584 1814 2611; x_wconf 87' lang='lat' dir='ltr'>summa</span> 
     </span>
     <span class='ocr_line' id='line_1_38' title="bbox 55 2630 1812 2687; baseline 0 -15"><span class='ocrx_word' id='word_1_383' title='bbox 55 2630 315 2687; x_wconf 90' lang='lat' dir='ltr'>eloquentiae</span> <span class='ocrx_word' id='word_1_384' title='bbox 346 2631 466 2674; x_wconf 91' lang='lat' dir='ltr'>laude</span> <span class='ocrx_word' id='word_1_385' title='bbox 498 2633 720 2674; x_wconf 87' lang='lat' dir='ltr'>iunxisses.</span> <span class='ocrx_word' id='word_1_386' title='bbox 782 2634 877 2674; x_wconf 82' lang='lat'>332.</span> <span class='ocrx_word' id='word_1_387' title='bbox 925 2634 989 2673; x_wconf 87' lang='lat' dir='ltr'>Ex</span> <span class='ocrx_word' id='word_1_388' title='bbox 1023 2637 1064 2673; x_wconf 83' lang='lat' dir='ltr'>te</span> <span class='ocrx_word' id='word_1_389' title='bbox 1095 2631 1251 2687; x_wconf 82' lang='lat' dir='ltr'>duplex</span> <span class='ocrx_word' id='word_1_390' title='bbox 1288 2646 1364 2674; x_wconf 92' lang='lat' dir='ltr'>nos</span> <span class='ocrx_word' id='word_1_391' title='bbox 1402 2633 1528 2674; x_wconf 84' lang='lat' dir='ltr'>afficit</span> <span class='ocrx_word' id='word_1_392' title='bbox 1557 2632 1812 2680; x_wconf 87' lang='lat' dir='ltr'>sollicitudo,</span> 
     </span>
     <span class='ocr_line' id='line_1_39' title="bbox 54 2694 1813 2750; baseline 0.001 -16"><span class='ocrx_word' id='word_1_393' title='bbox 54 2695 167 2749; x_wconf 90' lang='lat' dir='ltr'>quod</span> <span class='ocrx_word' id='word_1_394' title='bbox 206 2700 247 2736; x_wconf 92' lang='lat' dir='ltr'>et</span> <span class='ocrx_word' id='word_1_395' title='bbox 283 2694 372 2750; x_wconf 91' lang='lat' dir='ltr'>ipse</span> <span class='ocrx_word' id='word_1_396' title='bbox 410 2709 455 2737; x_wconf 91' lang='lat' dir='ltr'>re</span> <span class='ocrx_word' id='word_1_397' title='bbox 494 2694 660 2750; x_wconf 86' lang='lat' dir='ltr'>publica</span> <span class='ocrx_word' id='word_1_398' title='bbox 689 2708 831 2736; x_wconf 91' lang='lat' dir='ltr'>careas</span> <span class='ocrx_word' id='word_1_399' title='bbox 859 2700 900 2736; x_wconf 87' lang='lat' dir='ltr'>et</span> <span class='ocrx_word' id='word_1_400' title='bbox 926 2694 993 2736; x_wconf 92' lang='lat' dir='ltr'>illa</span> <span class='ocrx_word' id='word_1_401' title='bbox 1025 2700 1079 2735; x_wconf 90' lang='lat' dir='ltr'>te.</span> <span class='ocrx_word' id='word_1_402' title='bbox 1140 2696 1206 2735; x_wconf 90' lang='lat' dir='ltr'>Tu</span> <span class='ocrx_word' id='word_1_403' title='bbox 1238 2699 1398 2744; x_wconf 86' lang='lat' dir='ltr'>tamen,</span> <span class='ocrx_word' id='word_1_404' title='bbox 1450 2695 1526 2736; x_wconf 88' lang='lat' dir='ltr'>etsi</span> <span class='ocrx_word' id='word_1_405' title='bbox 1556 2708 1719 2736; x_wconf 87' lang='lat' dir='ltr'>cursum</span> <span class='ocrx_word' id='word_1_406' title='bbox 1751 2694 1813 2736; x_wconf 91' lang='lat' dir='ltr'>in-</span> 
     </span>
     <span class='ocr_line' id='line_1_40' title="bbox 54 2755 1811 2813; baseline 0.001 -17"><span class='ocrx_word' id='word_1_407' title='bbox 54 2755 165 2809; x_wconf 87' lang='lat' dir='ltr'>genii</span> <span class='ocrx_word' id='word_1_408' title='bbox 197 2757 278 2804; x_wconf 85' lang='lat' dir='ltr'>tui,</span> <span class='ocrx_word' id='word_1_409' title='bbox 319 2760 469 2807; x_wconf 90' lang='lat' dir='ltr'>Brute,</span> <span class='ocrx_word' id='word_1_410' title='bbox 511 2757 664 2813; x_wconf 88' lang='lat' dir='ltr'>premit</span> <span class='ocrx_word' id='word_1_411' title='bbox 692 2760 793 2798; x_wconf 87' lang='lat' dir='ltr'>haec</span> <span class='ocrx_word' id='word_1_412' title='bbox 830 2756 1067 2812; x_wconf 88' lang='lat' dir='ltr'>importuna</span> <span class='ocrx_word' id='word_1_413' title='bbox 1096 2755 1463 2807; x_wconf 85' lang='lat' dir='ltr'>cladescivitatis,</span> <span class='ocrx_word' id='word_1_414' title='bbox 1508 2759 1669 2798; x_wconf 89' lang='lat' dir='ltr'>contine</span> <span class='ocrx_word' id='word_1_415' title='bbox 1700 2763 1739 2797; x_wconf 89' lang='lat' dir='ltr'>te</span> <span class='ocrx_word' id='word_1_416' title='bbox 1769 2758 1811 2797; x_wconf 94' lang='lat' dir='ltr'>in</span> 
     </span>
     <span class='ocr_line' id='line_1_41' title="bbox 53 2817 1860 2875; baseline 0.001 -18"><span class='ocrx_word' id='word_1_417' title='bbox 53 2817 134 2858; x_wconf 88' lang='lat' dir='ltr'>tuis</span> <span class='ocrx_word' id='word_1_418' title='bbox 171 2819 423 2874; x_wconf 90' lang='lat' dir='ltr'>perennibus</span> <span class='ocrx_word' id='word_1_419' title='bbox 462 2819 608 2862; x_wconf 88' lang='lat' dir='ltr'>studiis</span> <span class='ocrx_word' id='word_1_420' title='bbox 647 2825 689 2860; x_wconf 90' lang='lat' dir='ltr'>et</span> <span class='ocrx_word' id='word_1_421' title='bbox 724 2818 841 2861; x_wconf 86' lang='lat' dir='ltr'>effice</span> <span class='ocrx_word' id='word_1_422' title='bbox 880 2821 946 2868; x_wconf 91' lang='lat' dir='ltr'>id,</span> <span class='ocrx_word' id='word_1_423' title='bbox 996 2818 1108 2875; x_wconf 90' lang='lat' dir='ltr'>quod</span> <span class='ocrx_word' id='word_1_424' title='bbox 1145 2820 1228 2860; x_wconf 93' lang='lat' dir='ltr'>iam</span> <span class='ocrx_word' id='word_1_425' title='bbox 1258 2819 1564 2873; x_wconf 88' lang='lat' dir='ltr'>propemodum</span> <span class='ocrx_word' id='word_1_426' title='bbox 1592 2819 1655 2860; x_wconf 86' lang='lat' dir='ltr'>vel</span> <span class='ocrx_word' id='word_1_427' title='bbox 1688 2819 1860 2872; x_wconf 74' lang='lat' dir='ltr'>plane40</span> 
     </span>
     <span class='ocr_line' id='line_1_42' title="bbox 52 2880 1812 2936; baseline 0.001 -15"><span class='ocrx_word' id='word_1_428' title='bbox 52 2881 190 2935; x_wconf 91' lang='lat' dir='ltr'>potius</span> <span class='ocrx_word' id='word_1_429' title='bbox 218 2880 443 2932; x_wconf 81' lang='lat' dir='ltr'>effeceras,</span> <span class='ocrx_word' id='word_1_430' title='bbox 475 2889 520 2925; x_wconf 91' lang='lat' dir='ltr'>ut</span> <span class='ocrx_word' id='word_1_431' title='bbox 547 2887 585 2924; x_wconf 91' lang='lat' dir='ltr'>te</span> <span class='ocrx_word' id='word_1_432' title='bbox 617 2881 767 2936; x_wconf 90' lang='lat' dir='ltr'>eripias</span> <span class='ocrx_word' id='word_1_433' title='bbox 797 2896 850 2923; x_wconf 79' lang='lat' dir='ltr'>ex</span> <span class='ocrx_word' id='word_1_434' title='bbox 879 2895 952 2930; x_wconf 90' lang='lat' dir='ltr'>ea,</span> <span class='ocrx_word' id='word_1_435' title='bbox 985 2895 1110 2935; x_wconf 90' lang='lat' dir='ltr'>quam</span> <span class='ocrx_word' id='word_1_436' title='bbox 1132 2894 1210 2936; x_wconf 85' lang='lat' dir='ltr'>ego</span> <span class='ocrx_word' id='word_1_437' title='bbox 1237 2884 1424 2935; x_wconf 87' lang='lat' dir='ltr'>congessi</span> <span class='ocrx_word' id='word_1_438' title='bbox 1453 2881 1493 2922; x_wconf 94' lang='lat' dir='ltr'>in</span> <span class='ocrx_word' id='word_1_439' title='bbox 1520 2881 1628 2922; x_wconf 88' lang='lat' dir='ltr'>hunc</span> <span class='ocrx_word' id='word_1_440' title='bbox 1653 2895 1812 2922; x_wconf 92' lang='lat' dir='ltr'>sermo-</span> 
     </span>
     <span class='ocr_line' id='line_1_43' title="bbox 35 2941 1808 2999; baseline 0.001 -16"><span class='ocrx_word' id='word_1_441' title='bbox 35 2953 169 2992; x_wconf 91' lang='lat' dir='ltr'>·nem,</span> <span class='ocrx_word' id='word_1_442' title='bbox 199 2942 318 2985; x_wconf 89' lang='lat' dir='ltr'>turba</span> <span class='ocrx_word' id='word_1_443' title='bbox 343 2950 629 2999; x_wconf 89' lang='lat' dir='ltr'>patronorum.</span> <span class='ocrx_word' id='word_1_444' title='bbox 691 2946 774 2985; x_wconf 78' lang='lat' dir='ltr'>Nec</span> <span class='ocrx_word' id='word_1_445' title='bbox 805 2943 914 2984; x_wconf 91' lang='lat' dir='ltr'>enim</span> <span class='ocrx_word' id='word_1_446' title='bbox 946 2944 1064 2985; x_wconf 89' lang='lat' dir='ltr'>decet</span> <span class='ocrx_word' id='word_1_447' title='bbox 1095 2949 1134 2985; x_wconf 92' lang='lat' dir='ltr'>te</span> <span class='ocrx_word' id='word_1_448' title='bbox 1159 2949 1347 2985; x_wconf 88' lang='lat' dir='ltr'>ornatum</span> <span class='ocrx_word' id='word_1_449' title='bbox 1382 2942 1600 2984; x_wconf 87' lang='lat' dir='ltr'>uberrimis</span> <span class='ocrx_word' id='word_1_450' title='bbox 1630 2941 1808 2991; x_wconf 90' lang='lat' dir='ltr'>artibus,</span> 
     </span>
    </p>
   </div>
   <div class='ocr_carea' id='block_1_3' title="bbox 51 3073 1810 3390">
    <p class='ocr_par' dir='ltr' id='par_1_3' title="bbox 51 3073 1810 3390">
     <span class='ocr_line' id='line_1_44' title="bbox 145 3073 1810 3118; baseline 0 -11"><span class='ocrx_word' id='word_1_451' title='bbox 145 3075 179 3108; x_wconf 88' lang='lat'>8.</span> <span class='ocrx_word' id='word_1_452' title='bbox 207 3084 268 3107; x_wconf 73' lang='lat' dir='ltr'>suo</span> <span class='ocrx_word' id='word_1_453' title='bbox 291 3075 367 3117; x_wconf 79' lang='lat' dir='ltr'>sato</span> <span class='ocrx_word' id='word_1_454' title='bbox 394 3084 472 3108; x_wconf 91' lang='lat' dir='ltr'>cum</span> <span class='ocrx_word' id='word_1_455' title='bbox 499 3076 527 3109; x_wconf 87' lang='lat' dir='ltr'>R</span> <span class='ocrx_word' id='word_1_456' title='bbox 554 3076 624 3109; x_wconf 88' lang='lat' dir='ltr'>sola</span> <span class='ocrx_word' id='word_1_457' title='bbox 651 3076 790 3118; x_wconf 80' lang='lat' dir='ltr'>Meyer,</span> <span class='ocrx_word' id='word_1_458' title='bbox 822 3077 907 3109; x_wconf 88' lang='lat' dir='ltr'>item</span> <span class='ocrx_word' id='word_1_459' title='bbox 935 3074 1097 3108; x_wconf 87' lang='lat' dir='ltr'>Ellendtii</span> <span class='ocrx_word' id='word_1_460' title='bbox 1124 3084 1265 3116; x_wconf 83' lang='lat' dir='ltr'>operae.</span> <span class='ocrx_word' id='word_1_461' title='bbox 1291 3090 1326 3096; x_wconf 94' lang='lat'><strong>—</strong></span> <span class='ocrx_word' id='word_1_462' title='bbox 1355 3075 1411 3107; x_wconf 88' lang='lat'>11.</span> <span class='ocrx_word' id='word_1_463' title='bbox 1428 3074 1606 3113; x_wconf 75' lang='lat' dir='ltr'>praevidit</span> <span class='ocrx_word' id='word_1_464' title='bbox 1625 3073 1746 3108; x_wconf 84' lang='lat' dir='ltr'>Lamb.</span> <span class='ocrx_word' id='word_1_465' title='bbox 1766 3089 1810 3098; x_wconf 91' lang='lat'>—-</span> 
     </span>
     <span class='ocr_line' id='line_1_45' title="bbox 53 3120 1806 3163; baseline -0.001 -9"><span class='ocrx_word' id='word_1_466' title='bbox 53 3120 110 3155; x_wconf 84' lang='lat'>15.</span> <span class='ocrx_word' id='word_1_467' title='bbox 138 3123 368 3154; x_wconf 57' lang='lat' dir='ltr'>vindicavere</span> <span class='ocrx_word' id='word_1_468' title='bbox 391 3123 451 3162; x_wconf 81' lang='lat' dir='ltr'>Lg.</span> <span class='ocrx_word' id='word_1_469' title='bbox 481 3129 618 3162; x_wconf 78' lang='lat' dir='ltr'>praeter</span> <span class='ocrx_word' id='word_1_470' title='bbox 642 3124 701 3155; x_wconf 81' lang='lat'>20.</span> <span class='ocrx_word' id='word_1_471' title='bbox 736 3128 771 3156; x_wconf 90' lang='lat' dir='ltr'>et</span> <span class='ocrx_word' id='word_1_472' title='bbox 796 3132 847 3163; x_wconf 90' lang='lat' dir='ltr'>pr.</span> <span class='ocrx_word' id='word_1_473' title='bbox 875 3123 956 3160; x_wconf 85' lang='lat'>35.,</span> <span class='ocrx_word' id='word_1_474' title='bbox 986 3124 1068 3155; x_wconf 86' lang='lat' dir='ltr'>item</span> <span class='ocrx_word' id='word_1_475' title='bbox 1097 3123 1185 3155; x_wconf 90' lang='lat' dir='ltr'>Ven.</span> <span class='ocrx_word' id='word_1_476' title='bbox 1212 3124 1245 3154; x_wconf 89' lang='lat'>1.</span> <span class='ocrx_word' id='word_1_477' title='bbox 1274 3121 1351 3153; x_wconf 85' lang='lat' dir='ltr'>Vat.</span> <span class='ocrx_word' id='word_1_478' title='bbox 1380 3120 1498 3153; x_wconf 84' lang='lat' dir='ltr'>Ottob.</span> <span class='ocrx_word' id='word_1_479' title='bbox 1537 3120 1606 3153; x_wconf 91' lang='lat' dir='ltr'>Gu.</span> <span class='ocrx_word' id='word_1_480' title='bbox 1634 3123 1667 3154; x_wconf 91' lang='lat'>1.</span> <span class='ocrx_word' id='word_1_481' title='bbox 1695 3122 1729 3154; x_wconf 83' lang='lat'>2.</span> <span class='ocrx_word' id='word_1_482' title='bbox 1757 3121 1806 3160; x_wconf 81' lang='lat' dir='ltr'>R,</span> 
     </span>
     <span class='ocr_line' id='line_1_46' title="bbox 52 3169 1807 3203; baseline -0.001 -2"><span class='ocrx_word' id='word_1_483' title='bbox 52 3169 200 3202; x_wconf 80' lang='lat' dir='ltr'>Lamb.:</span> <span class='ocrx_word' id='word_1_484' title='bbox 228 3170 422 3201; x_wconf 75' lang='lat' dir='ltr'>vindicasse</span> <span class='ocrx_word' id='word_1_485' title='bbox 449 3177 527 3201; x_wconf 83' lang='lat' dir='ltr'>cum</span> <span class='ocrx_word' id='word_1_486' title='bbox 553 3171 626 3203; x_wconf 86' lang='lat' dir='ltr'>aliis</span> <span class='ocrx_word' id='word_1_487' title='bbox 653 3171 692 3202; x_wconf 89' lang='lat' dir='ltr'>E.</span> <span class='ocrx_word' id='word_1_488' title='bbox 723 3186 761 3193; x_wconf 90' lang='lat'>——</span> <span class='ocrx_word' id='word_1_489' title='bbox 807 3170 863 3202; x_wconf 85' lang='lat'>19.</span> <span class='ocrx_word' id='word_1_490' title='bbox 891 3173 1112 3201; x_wconf 83' lang='lat' dir='ltr'>armatorum</span> <span class='ocrx_word' id='word_1_491' title='bbox 1139 3169 1215 3200; x_wconf 85' lang='lat' dir='ltr'>libri</span> <span class='ocrx_word' id='word_1_492' title='bbox 1242 3173 1376 3200; x_wconf 85' lang='lat' dir='ltr'>tantum</span> <span class='ocrx_word' id='word_1_493' title='bbox 1402 3176 1472 3199; x_wconf 90' lang='lat' dir='ltr'>non</span> <span class='ocrx_word' id='word_1_494' title='bbox 1497 3175 1633 3200; x_wconf 80' lang='lat' dir='ltr'>omnes.</span> <span class='ocrx_word' id='word_1_495' title='bbox 1683 3169 1807 3200; x_wconf 82' lang='lat' dir='ltr'>Emen-</span> 
     </span>
     <span class='ocr_line' id='line_1_47' title="bbox 52 3214 1805 3256; baseline -0.002 -8"><span class='ocrx_word' id='word_1_496' title='bbox 52 3217 172 3249; x_wconf 75' lang='lat' dir='ltr'>datum</span> <span class='ocrx_word' id='word_1_497' title='bbox 199 3221 251 3248; x_wconf 82' lang='lat' dir='ltr'>est</span> <span class='ocrx_word' id='word_1_498' title='bbox 276 3218 310 3247; x_wconf 86' lang='lat' dir='ltr'>in</span> <span class='ocrx_word' id='word_1_499' title='bbox 337 3215 399 3256; x_wconf 77' lang='lat' dir='ltr'>Lg.</span> <span class='ocrx_word' id='word_1_500' title='bbox 426 3216 483 3247; x_wconf 83' lang='lat'>20.</span> <span class='ocrx_word' id='word_1_501' title='bbox 511 3217 569 3248; x_wconf 86' lang='grc'>56.</span> <span class='ocrx_word' id='word_1_502' title='bbox 607 3216 673 3248; x_wconf 91' lang='lat' dir='ltr'>Gu.</span> <span class='ocrx_word' id='word_1_503' title='bbox 702 3218 734 3248; x_wconf 81' lang='lat'>¹.</span> <span class='ocrx_word' id='word_1_504' title='bbox 777 3233 816 3240; x_wconf 90' lang='lat'>—</span> <span class='ocrx_word' id='word_1_505' title='bbox 861 3217 918 3248; x_wconf 80' lang='lat'>25.</span> <span class='ocrx_word' id='word_1_506' title='bbox 944 3220 1083 3247; x_wconf 79' lang='lat' dir='ltr'>mortuo</span> <span class='ocrx_word' id='word_1_507' title='bbox 1107 3217 1324 3254; x_wconf 80' lang='lat' dir='ltr'>viverentque</span> <span class='ocrx_word' id='word_1_508' title='bbox 1350 3214 1392 3245; x_wconf 88' lang='lat' dir='ltr'>D.</span> <span class='ocrx_word' id='word_1_509' title='bbox 1427 3214 1488 3254; x_wconf 85' lang='lat' dir='ltr'>Lg.</span> <span class='ocrx_word' id='word_1_510' title='bbox 1515 3214 1548 3247; x_wconf 89' lang='lat'>8.</span> <span class='ocrx_word' id='word_1_511' title='bbox 1576 3215 1634 3246; x_wconf 83' lang='lat'>20.</span> <span class='ocrx_word' id='word_1_512' title='bbox 1662 3214 1720 3247; x_wconf 90' lang='lat'>35.</span> <span class='ocrx_word' id='word_1_513' title='bbox 1747 3214 1805 3246; x_wconf 81' lang='lat'>53.</span> 
     </span>
     <span class='ocr_line' id='line_1_48' title="bbox 51 3261 1807 3302; baseline -0.002 -7"><span class='ocrx_word' id='word_1_514' title='bbox 51 3263 109 3295; x_wconf 80' lang='lat'>56.</span> <span class='ocrx_word' id='word_1_515' title='bbox 136 3264 194 3296; x_wconf 90' lang='grc'>58.</span> <span class='ocrx_word' id='word_1_516' title='bbox 222 3261 278 3294; x_wconf 88' lang='grc'>68.</span> <span class='ocrx_word' id='word_1_517' title='bbox 308 3262 396 3295; x_wconf 88' lang='lat' dir='ltr'>Ven.</span> <span class='ocrx_word' id='word_1_518' title='bbox 422 3263 458 3293; x_wconf 94' lang='lat'>1.</span> <span class='ocrx_word' id='word_1_519' title='bbox 485 3262 563 3295; x_wconf 83' lang='lat' dir='ltr'>Vat.</span> <span class='ocrx_word' id='word_1_520' title='bbox 592 3262 714 3294; x_wconf 84' lang='lat' dir='ltr'>Ottob.</span> <span class='ocrx_word' id='word_1_521' title='bbox 740 3261 807 3295; x_wconf 90' lang='lat' dir='ltr'>Gu.</span> <span class='ocrx_word' id='word_1_522' title='bbox 837 3264 869 3295; x_wconf 85' lang='lat'>1.</span> <span class='ocrx_word' id='word_1_523' title='bbox 895 3263 929 3293; x_wconf 78' lang='lat'>2.</span> <span class='ocrx_word' id='word_1_524' title='bbox 957 3262 1004 3293; x_wconf 75' lang='lat' dir='ltr'>R:</span> <span class='ocrx_word' id='word_1_525' title='bbox 1031 3266 1238 3302; x_wconf 81' lang='lat' dir='ltr'>mortuoque</span> <span class='ocrx_word' id='word_1_526' title='bbox 1261 3262 1416 3292; x_wconf 76' lang='lat' dir='ltr'>viverent</span> <span class='ocrx_word' id='word_1_527' title='bbox 1441 3268 1521 3292; x_wconf 87' lang='lat' dir='ltr'>cum</span> <span class='ocrx_word' id='word_1_528' title='bbox 1547 3262 1671 3294; x_wconf 85' lang='lat' dir='ltr'>ceteris</span> <span class='ocrx_word' id='word_1_529' title='bbox 1697 3262 1734 3293; x_wconf 84' lang='lat' dir='ltr'>E.</span> <span class='ocrx_word' id='word_1_530' title='bbox 1762 3277 1807 3282; x_wconf 89' lang='lat'>—-</span> 
     </span>
     <span class='ocr_line' id='line_1_49' title="bbox 51 3305 1803 3352; baseline -0.001 -12"><span class='ocrx_word' id='word_1_531' title='bbox 51 3309 108 3342; x_wconf 87' lang='grc'><strong>30.</strong></span> <span class='ocrx_word' id='word_1_532' title='bbox 135 3311 235 3352; x_wconf 74' lang='lat' dir='ltr'>anqit</span> <span class='ocrx_word' id='word_1_533' title='bbox 260 3309 412 3342; x_wconf 77' lang='lat' dir='ltr'>Coi-rado</span> <span class='ocrx_word' id='word_1_534' title='bbox 437 3313 579 3342; x_wconf 80' lang='lat' dir='ltr'>auctore</span> <span class='ocrx_word' id='word_1_535' title='bbox 606 3309 728 3341; x_wconf 83' lang='lat' dir='ltr'>Lamb.</span> <span class='ocrx_word' id='word_1_536' title='bbox 757 3326 801 3332; x_wconf 91' lang='lat'>—</span> <span class='ocrx_word' id='word_1_537' title='bbox 825 3310 908 3341; x_wconf 81' lang='lat' dir='ltr'>haec</span> <span class='ocrx_word' id='word_1_538' title='bbox 933 3316 1019 3339; x_wconf 87' lang='lat' dir='ltr'>cura</span> <span class='ocrx_word' id='word_1_539' title='bbox 1044 3308 1084 3339; x_wconf 88' lang='lat' dir='ltr'>D.</span> <span class='ocrx_word' id='word_1_540' title='bbox 1113 3308 1173 3349; x_wconf 80' lang='lat' dir='ltr'>Lg.</span> <span class='ocrx_word' id='word_1_541' title='bbox 1200 3306 1354 3349; x_wconf 83' lang='lat' dir='ltr'>(praeter</span> <span class='ocrx_word' id='word_1_542' title='bbox 1379 3305 1437 3340; x_wconf 82' lang='lat'>53.</span> <span class='ocrx_word' id='word_1_543' title='bbox 1466 3306 1524 3339; x_wconf 88' lang='grc'><strong>68.</strong></span> <span class='ocrx_word' id='word_1_544' title='bbox 1550 3308 1626 3346; x_wconf 85' lang='grc'><strong>70.)</strong></span> <span class='ocrx_word' id='word_1_545' title='bbox 1653 3308 1740 3341; x_wconf 88' lang='lat' dir='ltr'>Ven.</span> <span class='ocrx_word' id='word_1_546' title='bbox 1769 3308 1803 3338; x_wconf 86' lang='lat'>1.</span> 
     </span>
     <span class='ocr_line' id='line_1_50' title="bbox 53 3355 1094 3390; baseline -0.003 -1"><span class='ocrx_word' id='word_1_547' title='bbox 53 3356 173 3390; x_wconf 86' lang='lat' dir='ltr'>Ottob.</span> <span class='ocrx_word' id='word_1_548' title='bbox 202 3356 270 3389; x_wconf 88' lang='lat' dir='ltr'>Gu.</span> <span class='ocrx_word' id='word_1_549' title='bbox 300 3357 334 3389; x_wconf 91' lang='lat'>1.</span> <span class='ocrx_word' id='word_1_550' title='bbox 361 3359 395 3388; x_wconf 84' lang='lat'>2.</span> <span class='ocrx_word' id='word_1_551' title='bbox 421 3356 474 3389; x_wconf 87' lang='lat' dir='ltr'>R:</span> <span class='ocrx_word' id='word_1_552' title='bbox 501 3356 584 3389; x_wconf 79' lang='lat' dir='ltr'>haec</span> <span class='ocrx_word' id='word_1_553' title='bbox 607 3364 660 3389; x_wconf 78' lang='lat' dir='ltr'>mc</span> <span class='ocrx_word' id='word_1_554' title='bbox 684 3364 774 3388; x_wconf 84' lang='lat' dir='ltr'>cura</span> <span class='ocrx_word' id='word_1_555' title='bbox 799 3363 879 3388; x_wconf 85' lang='lat' dir='ltr'>cum</span> <span class='ocrx_word' id='word_1_556' title='bbox 905 3356 1029 3388; x_wconf 78' lang='lat' dir='ltr'>ceteris</span> <span class='ocrx_word' id='word_1_557' title='bbox 1055 3355 1094 3386; x_wconf 84' lang='lat' dir='ltr'>E.</span> 
     </span>
    </p>
   </div>
   <div class='ocr_carea' id='block_1_4' title="bbox 129 3423 1360 3463">
    <p class='ocr_par' dir='ltr' id='par_1_4' title="bbox 129 3423 1360 3463">
     <span class='ocr_line' id='line_1_51' title="bbox 129 3423 1360 3463; baseline 0.007 -9"><span class='ocrx_word' id='word_1_558' title='bbox 129 3427 222 3455; x_wconf 62' lang='lat' dir='ltr'>cicero</span> <span class='ocrx_word' id='word_1_559' title='bbox 243 3427 272 3454; x_wconf 76' lang='grc' dir='ltr'>τ.</span> <span class='ocrx_word' id='word_1_560' title='bbox 293 3427 315 3456; x_wconf 90' lang='grc' dir='ltr'>ι.</span> <span class='ocrx_word' id='word_1_561' title='bbox 1306 3423 1360 3463; x_wconf 80' lang='lat'>26</span> 
     </span>
    </p>
   </div>
  </div>
 </body>
</html>
