2117 3762
631 268 731 307 Llss.
767 266 833 307 lv.
895 264 937 306 C.
969 267 1035 306 46.
1066 266 1133 307 47.
1164 266 1229 307 48.
1261 267 1331 307 49.
1802 273 1848 312 81

101 373 256 415 amicus
287 372 442 413 sentire
474 371 622 427 possit.
670 376 888 426 procurrat
922 371 1124 412 amicitiae
1156 371 1304 412 studio.
1364 369 1527 412 Dictum
1560 375 1693 413 autem
1725 372 1856 415 simile

100 443 161 477 est
193 450 267 488 per
299 434 555 476 brevitatem.
618 436 706 474 Non
739 433 845 473 enim
880 434 952 480 ita,
984 442 1027 475 ut
1060 435 1098 476 iu
1130 434 1276 475 ceteris
1307 431 1453 480 rebus,
1485 446 1551 473 res
1583 435 1632 473 ab
1665 447 1709 474 re
1741 449 1858 489 sepa-

99 504 187 539 rata
220 503 297 543 est.
346 496 415 538 sed
458 503 630 550 utraque
662 509 728 535 rcs
759 499 973 537 coniuncti·
1005 503 1043 537 et
1073 497 1242 537 coul'use
1274 501 1522 550 comparata.
1582 499 1683 536 Ante
1717 497 1858 537 oculos

100 560 280 615 ponendi
311 559 467 611 negotii
499 572 618 599 causa
651 565 837 598 suuictur
868 559 1112 605 similitudo,
1159 573 1249 599 cum
1283 558 1442 599 (licetur
1471 571 1546 613 per
1575 558 1858 616 collationem,

101 622 179 663 sic:
214 622 276 663 [Tti
307 620 591 666 citharoedus,
625 634 715 660 cum
750 620 948 674 prodierit
979 621 1132 675 optime
1163 620 1356 666 vestitus,
1392 620 1496 673 palla
1528 620 1710 661 inaurata
1743 620 1888 662 indu-5

102 690 187 730 tus,
239 698 329 725 cum
362 682 573 737 chlamyde
605 696 834 737 purpurea,
881 683 1088 725 coloribus
1127 682 1250 723 variis
1291 682 1462 731 intexta,
1511 689 1550 724 et
1582 698 1672 724 cum
1705 696 1859 724 corona

103 761 249 793 aurea,
281 745 436 798 maguis
468 743 719 796 fulgentibus
751 746 921 796 gemmis
952 745 1198 790 illuminata,
1231 744 1426 786 citharam
1460 752 1599 786 tenens
1631 745 1861 786 exornatis-

103 810 268 855 simam,
310 822 411 848 auro
443 813 481 847 ct
514 806 641 847 ebore
674 806 928 855 distinctam,
971 807 1057 862 ipse
1089 813 1301 862 praetcrea
1337 807 1468 848 forma
1501 814 1540 849 et
1570 808 1709 861 specie
1740 808 1790 849 sit
1823 813 1863 849 et

103 878 256 912 statura
287 869 474 923 apposita
504 869 555 910 ad
586 869 846 921 dignitatium
897 870 954 917 si,
999 884 1091 910 cum
1134 883 1321 923 magnam
1363 870 1517 924 populo
1559 870 1779 912 commorit
1815 871 1862 911 iis

103 933 228 975 rebus
258 932 630 987 exspectationem,
678 940 870 986 repente,
917 931 1079 973 silentio
1111 930 1238 978 sacto,
1287 945 1430 972 vocem
1463 932 1618 974 emittat
1648 932 1911 974 acerbissi-io

103 1009 210 1036 mam
243 1009 337 1036 cum
369 994 606 1048 turpissimo
638 995 827 1049 corporis
858 1001 993 1040 motu,
1028 1008 1110 1049 quo
1142 994 1286 1034 melius
1319 1000 1487 1035 ornatus
1519 1002 1558 1036 et
1588 996 1718 1049 magis
1740 995 1864 1037 suerit

104 1064 385 1113 exspectatus,
431 1070 481 1098 eo
524 1057 654 1109 magis
686 1057 845 1098 derisus
877 1064 916 1097 et
946 1063 1205 1110 contemptus
1237 1056 1423 1098 eiicitur:
1476 1056 1594 1103 item,
1636 1061 1668 1099 si
1700 1058 1791 1113 quis
1823 1058 1863 1100 in

105 1119 271 1162 excelso
303 1119 394 1161 loco
426 1125 467 1160 et
496 1119 536 1160 in
568 1119 724 1172 magnis
756 1133 802 1160 ae
832 1117 1105 1172 locupletibus
1143 1119 1271 1174 copiis
1303 1119 1526 1161 collocatus
1557 1120 1745 1162 fortunae
1776 1136 1865 1163 mu-

105 1181 276 1224 neribus
307 1189 347 1223 et
377 1189 547 1223 naturae
578 1182 806 1223 commodis
837 1182 1029 1222 omnibus
1059 1180 1304 1231 abundabit;
1357 1181 1390 1223 si
1430 1182 1591 1223 virtutis
1623 1189 1661 1224 et
1691 1184 1862 1233 artium,

106 1260 213 1301 quae
243 1245 406 1287 virtutis
439 1244 657 1298 magistrae
688 1250 801 1291 sunt,
835 1244 990 1297 egebit;
1024 1258 1106 1298 quo
1139 1243 1270 1297 magis
1302 1244 1450 1286 ceteris
1480 1243 1604 1286 rebus
1631 1249 1708 1287 erit
1728 1247 1914 1302 cepio-1⁵

106 1322 174 1350 sus
204 1314 244 1349 et
273 1306 443 1348 illustris
474 1313 514 1347 et
544 1313 821 1361 exspectatus,
865 1320 914 1348 eo
946 1305 1228 1348 vehementius
1261 1306 1424 1348 derisus
1457 1314 1493 1348 et
1526 1313 1783 1361 contemptus
1815 1323 1865 1351 ex

107 1370 219 1412 omni
260 1376 466 1411 conventu
505 1368 710 1410 bonorum
753 1369 954 1410 eiicietur.
1018 1370 1107 1410 Hoc
1147 1368 1301 1416 simile,
1350 1369 1623 1410 exornatione
1654 1371 1867 1427 utriusque

106 1432 168 1474 rei
201 1439 240 1474 et
269 1431 436 1473 alterius
467 1431 641 1472 inertiae
681 1431 849 1472 alterius
881 1431 1050 1472 stultitia
1080 1431 1203 1472 simili
1235 1431 1395 1473 ratione
1426 1431 1594 1480 collata,
1644 1431 1719 1473 sub
1750 1447 1867 1488 aspe-

110 1502 218 1537 ctum
251 1494 435 1536 omnium
466 1508 556 1535 rem
587 1492 773 1535 subiecit.
832 1494 995 1535 Dictum
1018 1499 1152 1535 autem
1175 1499 1238 1535 est
1259 1507 1335 1547 per
1355 1492 1614 1535 collationem
1636 1501 1867 1551 propterea,

109 1557 219 1614 quod
252 1556 466 1610 proposita
497 1555 763 1597 similitudine
793 1556 907 1611 paria
939 1562 1032 1597 sunt
1063 1556 1201 1598 omnia
1232 1556 1374 1601 relata.
1884 1572 1919 1596 20

221 1620 403 1660 XLVIII.
436 1621 501 1660 61.
534 1620 579 1658 In
610 1617 811 1659 similibus
843 1618 1067 1660 observare
1098 1625 1262 1674 oportet
1293 1619 1532 1675 diligenter,
1566 1626 1628 1669 ut,
1660 1635 1750 1663 cum
1782 1636 1871 1664 rem

110 1682 332 1723 afferamus
373 1680 573 1728 similem,
619 1681 735 1722 cuius
775 1680 836 1722 rei
882 1696 1003 1723 causa
1048 1681 1361 1723 similitudinem
1407 1683 1691 1733 attulerimus,
1743 1684 1869 1726 verba

111 1758 278 1801 quoque
309 1742 359 1784 ad
391 1742 697 1784 similitudinem
730 1743 952 1786 habeamus
984 1747 1306 1786 accommodata.
1365 1744 1409 1786 Id
1442 1752 1502 1787 est
1531 1746 1788 1790 huiusmodi:
1825 1749 1874 1789 Ut

111 1806 352 1848 hirundines
397 1806 552 1846 aestivo
594 1812 782 1859 tempore
822 1813 986 1862 praesto
1028 1813 1140 1854 sunt,
1186 1806 1345 1860 frigore
1384 1807 1526 1863 pulsae
1565 1808 1794 1851 recedunt.
1823 1842 1831 1851 .
1860 1842 1869 1850 .

110 1872 174 1911 Ex
198 1868 341 1910 eadem
365 1867 631 1909 similitudine
662 1883 770 1909 nunc
799 1883 875 1924 per
905 1869 1211 1911 translationem
1244 1868 1370 1911 verba
1401 1871 1621 1912 sumimus:
1654 1872 1753 1913 item
1784 1871 1922 1913 salsi25

112 1932 233 1973 amici
263 1944 412 1973 sereno
442 1933 549 1971 vitae
580 1936 769 1986 tempore
800 1938 967 1985 praesto
998 1938 1111 1982 sunt3
1161 1932 1284 1973 simul
1324 1938 1445 1988 atque
1475 1933 1654 1975 hiemem
1684 1934 1874 1976 fortunae

112 1995 310 2042 viderint,
343 1993 535 2035 devolant
568 2008 724 2036 omnes.
785 1994 865 2036 Sed
894 1994 1077 2036 inventio
1109 1994 1306 2035 similium
1337 1994 1466 2036 facilis
1497 1995 1592 2043 erit,
1625 1997 1658 2038 si
1683 1998 1774 2052 quis
1796 1997 1875 2039 sibi

114 2070 257 2099 omnes
286 2070 353 2098 res
385 2057 612 2098 animantes
643 2063 684 2098 et
712 2057 931 2105 inanimas,
963 2063 1096 2099 mutas
1128 2064 1167 2098 et
1196 2057 1434 2112 loquentes,
1478 2056 1587 2100 feras
1618 2065 1658 2100 et
1688 2073 1877 2100 mansue-

113 2126 197 2168 tas,
228 2125 470 2167 terrestres,
504 2119 721 2176 caelestes,
753 2119 998 2166 maritimas,
1039 2118 1234 2166 artificio,
1267 2132 1383 2166 casu,
1418 2124 1562 2161 natura
1593 2128 1872 2177 comparatas,

114 2182 283 2224 usitatas
313 2187 437 2236 atque
466 2181 678 2224 inusitatas
708 2182 949 2239 frequenter
979 2196 1135 2236 ponere
1165 2187 1258 2223 ante
1295 2182 1438 2224 oculos
1478 2185 1632 2237 poterit
1662 2190 1701 2225 et
1731 2198 1783 2226 ex
1814 2184 1875 2226 his
1891 2196 1924 2221 ³0

115 2245 294 2299 aliquam
325 2244 467 2286 venari
497 2244 832 2296 similitudinem,
866 2260 970 2302 quae
1001 2252 1069 2287 aut
1100 2258 1251 2286 ornare
1273 2249 1342 2286 aut
1363 2244 1513 2286 docere
1535 2252 1604 2287 aut
1625 2246 1875 2302 apertiorem

115 2321 204 2350 rem
244 2306 381 2348 facere
417 2313 487 2349 aut
516 2322 673 2364 ponere
703 2315 796 2350 ante
826 2309 970 2351 oculos
999 2307 1142 2364 possit.
1202 2310 1294 2349 Non
1327 2307 1436 2348 enim
1467 2321 1532 2349 res
1561 2313 1645 2350 tota
1676 2315 1784 2350 totae
1815 2308 1876 2350 rei

117 2384 283 2412 necesse
313 2375 375 2412 est
404 2370 549 2413 similis
579 2371 651 2421 sit,
683 2374 755 2414 sed
786 2374 836 2414 ad
866 2371 1016 2428 ipsum,
1050 2370 1101 2413 ad
1131 2369 1244 2426 quod
1274 2369 1534 2420 conferetur,
1565 2370 1876 2414 similitudinem

116 2435 265 2475 habeat
299 2439 479 2488 oportet.

229 2497 378 2536 XLIX.
412 2499 480 2540 62.
511 2496 757 2552 Exemplum
791 2503 852 2540 est
881 2496 1053 2539 alicuius
1083 2495 1179 2539 sacti
1209 2501 1277 2538 aut
1307 2495 1404 2539 dicti
1430 2496 1641 2553 praeteriti
1663 2511 1753 2539 eum
1774 2496 1924 2538 certiss

119 2557 300 2600 auctoris
330 2558 496 2600 nomine
527 2560 772 2614 propositio.
833 2561 879 2601 Id
910 2562 1087 2601 sumitur
1115 2558 1262 2601 iisdem
1293 2559 1344 2601 de
1375 2560 1533 2610 causis,
1576 2561 1726 2617 quibus
1764 2559 1875 2601 simi—

211 2704 246 2737 9.
266 2706 447 2737 commorit
464 2707 506 2738 iis
524 2705 567 2737 P:
596 2707 814 2739 commoverit
831 2708 881 2740 his
898 2706 1090 2738 ABFRTE.
1107 2721 1146 2728 —-—
1163 2706 1218 2737 12.
1241 2706 1320 2738 ‘item
1337 2705 1540 2739 PABFRT:
1567 2708 1620 2738 ita
1639 2707 1675 2738 E.
1693 2722 1721 2729 -
1744 2706 1797 2738 15.
1811 2706 1877 2737 erit

122 2751 280 2791 copiosus
297 2751 461 2784 PABFR:
490 2755 555 2784 erit
573 2755 742 2793 copiosius
755 2754 796 2792 T,
813 2756 971 2795 copiosus
989 2755 1052 2784 erit
1068 2754 1106 2785 E.
1127 2768 1163 2774 ——
1192 2753 1247 2784 16.
1276 2753 1336 2786 Vv.
1351 2756 1381 2786 et
1395 2758 1608 2793 exspectatus
1623 2753 1761 2785 seclusit
1776 2753 1875 2791 Ern..

124 2798 191 2829 del.
212 2797 291 2830 Sch.
307 2814 341 2820 —
371 2799 426 2831 18.
445 2801 592 2832 inertiae
609 2801 707 2833 Leid.
727 2801 790 2832 111.
812 2807 865 2841 et,
887 2805 924 2833 ut
943 2801 1091 2839 videtur,
1111 2800 1159 2831 R:
1179 2801 1326 2832 inertiae
1343 2801 1490 2841 artificis
1514 2800 1586 2836 PE,
1621 2801 1768 2831 inertiae
1793 2801 1880 2830 arti-

122 2844 240 2886 ficiiB.
267 2846 415 2878 inertiae
431 2847 574 2888 artificis
591 2848 717 2879 scilicet
733 2847 833 2880 AFT.
854 2866 894 2872 --
912 2847 968 2879 21.
989 2852 1123 2885 oportet
1143 2847 1311 2879 PBFRT:
1341 2848 1509 2887 oportebit
1528 2846 1598 2879 ΑΕ.
1618 2863 1654 2869 -
1683 2845 1739 2876 23.
1761 2846 1819 2876 Ita
1840 2847 1879 2876 ut

123 2891 282 2922 PBFRT.
311 2909 352 2914 —
378 2893 538 2924 25.1·eem
564 2894 616 2926 PF
644 2899 678 2926 et
702 2902 752 2934 pr.
774 2896 825 2927 A:
854 2897 905 2927 ita
932 2895 1050 2926 BRTE
1079 2899 1113 2926 et
1138 2903 1224 2926 corr.
1248 2897 1289 2924 Α.
1319 2909 1358 2916 -
1385 2893 1441 2924 26.
1468 2892 1582 2932 simul]
1609 2893 1640 2923 si
1664 2893 1756 2923 nives
1780 2893 1824 2931 F,
1850 2893 1880 2923 εἰ

122 2939 237 2970 nivem
263 2938 360 2970 Leid.
383 2939 442 2971 lV.
471 2955 517 2963 —-
542 2940 599 2971 28.
630 2943 823 2973 animantes
849 2942 952 2974 PFT:
980 2943 1160 2972 animatas
1185 2941 1317 2972 ABRE.
1349 2956 1388 2962 —
1415 2941 1592 2970 inanimus
1617 2939 1663 2975 P,
1692 2939 1813 2971 Lamb.
1843 2940 1878 2970 in

71 2989 78 2996 ·
125 2994 192 3026 mg.
214 2986 379 3025 Repett.:
403 2987 619 3019 inanimatas
644 2989 754 3026 BRE,
782 2991 1017 3020 inanimantes
1042 2987 1142 3018 AFT.
1173 3004 1212 3009 —-
1252 2988 1308 3026 29.
1337 2991 1532 3023 εεννωινσε,
1567 2986 1742 3019 caelestes,
1770 2987 1878 3017 mari-

126 3033 230 3064 timus
256 3041 294 3065 ex
322 3032 420 3064 Leid.
452 3033 514 3064 111.
552 3039 586 3066 et
612 3043 650 3067 ex
690 3038 842 3077 vestigiis
869 3042 1065 3069 nostrorum
1092 3042 1148 3066 sex
1181 3036 1397 3073 recepimus:
1445 3036 1621 3064 terrestres
1655 3037 1685 3064 et
1719 3033 1879 3063 caelestes

127 3082 159 3110 et
181 3080 379 3111 maritimas
407 3079 445 3111 E.
471 3095 514 3102 —
542 3080 598 3112 30.
622 3089 750 3120 ponere
775 3087 854 3115 ante
879 3083 994 3114 oculos
1016 3082 1145 3121 poterit
1169 3080 1339 3111 PABRT:
1368 3083 1450 3110 ante
1475 3080 1594 3111 oculos
1609 3080 1737 3119 poterit
1753 3087 1880 3118 ponere

126 3125 194 3158 PE.
225 3142 261 3149 —
307 3126 363 3158 32.
390 3129 483 3157 totae
508 3126 678 3166 PAFRT,
714 3129 783 3161 Ers.
815 3130 915 3161 Voss.
944 3129 991 3160 11.
1019 3128 1084 3159 ΙΙΙ.
1128 3127 1227 3158 Leid.
1257 3128 1284 3158 1.
1314 3126 1375 3157 111.
1403 3125 1484 3155 1V.:
1530 3127 1594 3158 toti
1618 3125 1690 3159 BE.
1741 3125 1879 3166 (Nostra

128 3173 235 3205 forma
254 3171 545 3215 σολοικοφανὴς
563 3175 613 3206 vel
631 3177 745 3214 potius
764 3179 941 3217 antiquior
960 3176 1115 3206 firmatur
1133 3181 1150 3205 a
1169 3174 1346 3205 Prisciano
1374 3180 1407 3210 p.
1427 3171 1508 3203 678.
1535 3173 1581 3204 P:
1609 3172 1703 3211 Idem
1722 3170 1878 3211 (Cicero)

128 3220 176 3252 ad
200 3218 412 3251 Herennium
436 3221 474 3251 in
509 3219 560 3250 VI.
589 3221 702 3253 libro:
728 3223 806 3255 Non
830 3232 885 3254 res
910 3227 986 3254 tota
1013 3226 1105 3253 totae
1129 3221 1182 3250 rei
1208 3228 1337 3251 necesse
1362 3219 1551 3251 estsimilis
1579 3219 1634 3250 sit.
1685 3219 1879 3250 Priscianus

129 3268 234 3306 igitur
257 3268 380 3299 eadem
407 3266 572 3298 librorum
597 3268 768 3301 divisione
795 3278 876 3301 usus
903 3274 972 3306 est,
1000 3276 1088 3308 quae
1117 3270 1293 3305 comparet
1318 3268 1351 3297 in
1377 3268 1501 3298 nostris
1528 3265 1638 3298 Codd.
1655 3265 1721 3297 PF.
1754 3280 1793 3286 —
1819 3264 1876 3294 33.

130 3313 177 3345 ad
200 3312 239 3344 id
261 3314 372 3353 ipsum
399 3322 450 3353 pr.
470 3313 517 3352 P,
546 3313 586 3346 L.
612 3331 657 3336 —
682 3314 738 3347 35.
758 3317 942 3354 praeteriti
968 3315 1111 3347 seclusit.
1135 3312 1240 3350 Ern.,
1270 3312 1338 3344 del.
1364 3311 1446 3344 Sch.
1499 3313 1659 3346 'l'uentur
1683 3320 1762 3344 cum
1789 3315 1879 3343 cete·

131 3361 177 3393 ris
201 3361 302 3393 etiam
329 3361 437 3393 nostri
463 3365 496 3395 et
522 3364 591 3394 est:
620 3360 950 3405 «ἀποφθέγματος
975 3362 1016 3394 ab
1043 3360 1215 3393 historicis
1244 3361 1462 3392 memorium·

208 3431 300 3458 Cicero
319 3431 349 3458 T.
367 3432 389 3462 1.
1369 3431 1395 3472 6
