2117 3762
256 281 341 325 ‘1474
930 281 999 321 DE
1031 280 1358 322 INVENTIONE

259 390 362 430 haec
393 389 493 430 erit:
525 388 594 429 64.
627 389 717 428 Non
749 389 812 427 est
839 399 922 426 una
952 386 1155 439 pecunia;
1187 393 1438 441 propterea,
1473 384 1584 441 quod
1615 382 1744 425 altera
1773 384 1922 440 pupilli
1942 385 2024 426 iam

260 456 350 492 erat
379 450 634 499 adventicia;
670 450 785 489 cuius
814 449 935 488 heres
965 461 1049 488 non
1079 448 1150 489 illo
1180 454 1368 503 tempore
1399 452 1647 489 testamento
1680 448 1900 502 quisquam
1921 448 2024 489 scri-

258 519 352 568 ptus
384 518 496 561 erat,
531 512 564 553 si
595 510 694 566 quid
723 510 883 564 pupillo
913 511 1154 560 accidisset3
1190 516 1230 552 et
1261 511 1312 552 de
1343 511 1474 552 altera
1502 509 1630 565 patris
1658 511 1894 551 etiamnunc
1912 523 2024 550 mor-

259 577 319 616 tui
348 576 538 616 voluntas
567 572 790 628 plurimum
823 570 1010 621 valebat,
1045 586 1152 627 quae
1182 574 1263 613 iam
1293 579 1457 615 mortuo
1490 571 1648 628 pupillo
1681 572 1765 612 suis
1796 570 2022 613 heredibus

227 639 528 679 §concedebah
590 633 794 675 Iudicatio
826 639 910 675 est:
960 636 1102 676 Unane
1133 636 1309 690 pecunia
1340 635 1489 685 suerit3
1532 648 1603 682 ac,
1639 634 1672 674 si
1703 636 1778 674 hac
1810 638 1932 674 erunt
1958 632 2026 674 usi

257 698 558 741 infirmatione:
608 698 734 737 Posse
770 695 914 749 plures
961 711 1051 739 esse
1081 697 1205 738 unius
1236 696 1412 738 heredes
1442 697 1643 752 pecuniae
1674 695 1942 736 dissimilibus
1973 696 2025 735 de

258 762 415 810 causis3
449 760 500 801 de
528 774 578 801 eo
610 760 703 814 ipso
734 758 932 800 iudicatio
964 760 1170 801 nascitur:
1204 759 1419 800 Possintne
1442 759 1628 800 eiusdem
1652 759 1854 813 pecuniae
1884 757 2025 813 plures

259 821 524 865 dissimilibus
563 823 787 875 generibus
828 821 1005 864 heredes
1043 824 1170 862 esse?
1229 822 1365 862 XXII.
1398 823 1511 874 Ergo
1543 835 1625 863 una
1655 823 1697 861 in
1729 819 2025 862 constitutione

257 884 509 926 intellectum
542 889 627 933 est,
680 884 891 940 quomodo
924 890 964 926 et
995 885 1183 926 rationes
1215 889 1257 925 et
1286 883 1495 925 rationum
1526 885 1828 926 infirmationes
1860 888 1902 925 et
1928 895 2027 937 pro-

208 965 242 989 10
259 952 401 1002 pterea
430 945 705 988 iudicationes
734 947 875 1002 plures
908 946 1018 992 [iant.

371 1011 440 1050 65.
487 1011 606 1051 Nunc
645 1010 770 1050 huius
811 1011 976 1063 generis
1014 1012 1238 1065 praecepta
1276 1007 1507 1049 videamus.
1567 1007 1757 1065 Utrisque
1794 1014 1865 1051 aut
1901 1009 2026 1051 etiam

258 1072 476 1121 omnibus,
509 1072 543 1112 si
574 1072 714 1125 plures
744 1070 983 1126 ambigent,
1026 1071 1092 1113 ius
1124 1084 1176 1112 ex
1207 1070 1358 1125 quibus
1390 1072 1515 1111 rebus
1542 1077 1724 1120 constet,
1761 1070 2027 1114 consideran-

258 1135 355 1177 dum
388 1139 464 1175 est.
525 1133 693 1176 Initium
725 1147 825 1189 ergo
857 1136 946 1176 eius
977 1136 1028 1175 ab
1061 1139 1204 1175 natura
1237 1132 1405 1174 ductum
1436 1132 1620 1182 videtum
1654 1133 1856 1188 quaedam
1887 1139 2025 1176 autem

259 1212 312 1239 ex
348 1196 535 1238 utilitatis
575 1197 740 1238 ratione
780 1202 851 1238 aut
889 1196 1111 1251 perspicua
1144 1197 1267 1237 nobis
1298 1200 1367 1237 aut
1399 1196 1579 1236 obscura
1608 1194 1650 1236 in
1682 1198 2027 1239 consuetudinem

207 1276 242 1301 15
259 1260 447 1309 venisse;
484 1262 579 1314 post
609 1263 747 1300 autem
778 1261 1007 1315 approbata
1038 1260 1241 1314 quaedam
1273 1272 1296 1299 a
1328 1257 1630 1299 consuetudine
1663 1263 1733 1298 aut
1762 1273 1785 1300 a
1814 1273 1916 1302 vero
1946 1260 2028 1300 uti-

258 1321 312 1363 lia
348 1322 436 1364 visa
467 1322 632 1376 legibus
662 1334 753 1362 esse
783 1320 965 1372 firmata3
1016 1335 1062 1363 ac
1093 1326 1264 1362 naturae
1296 1321 1465 1376 quidem
1496 1321 1560 1362 ius
1592 1334 1707 1370 esse,
1758 1323 1871 1377 quod
1902 1321 2024 1363 nobis

258 1399 342 1425 non
372 1383 540 1439 opinio,
589 1384 662 1424 sed
694 1382 898 1439 quaedam
927 1384 1067 1425 innata
1096 1383 1159 1425 vis
1189 1383 1357 1432 aflerat,
1405 1388 1451 1424 ut
1482 1382 1756 1437 religionem,
1800 1383 2024 1439 pietatem,

259 1447 456 1501 gratiam,
490 1445 840 1494 vindicationem,
873 1444 1205 1494 observantiam,
1239 1447 1473 1487 veritatem.
1535 1448 1603 1487 66.
1636 1446 1896 1501 Religionem
1920 1461 2026 1495 eam,

259 1524 364 1566 quae
394 1510 437 1550 in
466 1514 579 1550 metu
609 1514 651 1550 et
683 1509 940 1550 caerimonia
973 1512 1148 1551 deorum
1179 1508 1255 1557 sit,
1288 1508 1514 1564 appellant;
1547 1510 1767 1564 pietatem,
1801 1523 1907 1564 quae
1929 1523 2028 1565 erga

209 1589 244 1615 ρο
260 1572 435 1628 patriam
473 1577 542 1613 aut
579 1577 772 1626 parentes
813 1576 883 1613 aut
918 1571 1021 1613 alios
1053 1571 1255 1626 sanguine
1288 1571 1533 1613 coniunctos
1565 1570 1748 1612 officium
1780 1585 2027 1614 conservare

259 1640 450 1685 moneat3
497 1635 693 1689 gratiam,
738 1648 844 1689 quae
874 1636 916 1675 in
946 1636 1149 1676 memoria
1180 1640 1220 1676 et
1249 1635 1584 1676 remuneratione
1617 1632 1851 1675 officiorum
1882 1640 1923 1676 et
1951 1636 2029 1676 ho-

259 1698 373 1740 noris
414 1702 454 1739 et
491 1696 769 1739 amicitiarum
810 1695 1118 1739 observantiam
1158 1702 1321 1747 teneat3
1371 1696 1720 1745 vindicationem,
1777 1710 1854 1750 per
1901 1711 2026 1752 quam

259 1761 344 1803 vim
374 1765 416 1802 et
446 1761 740 1801 contumeliam
771 1759 1035 1802 defendendo
1073 1765 1144 1802 aut
1184 1758 1426 1802 ulciscendo
1456 1760 1750 1815 propulsamus
1781 1774 1805 1801 a
1835 1758 1956 1801 nobis
1987 1764 2029 1801 et

260 1837 285 1865 a
313 1823 487 1870 nostris,
534 1823 606 1877 qui
645 1821 767 1864 nobis
808 1836 898 1864 esse
930 1824 1016 1863 cari
1047 1825 1222 1873 debent,
1275 1828 1315 1864 et
1344 1836 1421 1878 per
1450 1836 1574 1878 quam
1604 1827 1773 1876 peccata
1802 1824 2024 1876 punimur3

209 1901 244 1929 25
261 1885 571 1929 observantiam
585 1916 596 1934 ‚
629 1898 705 1940 per
735 1899 858 1940 quam
889 1890 1022 1926 aetate
1053 1890 1124 1927 aut
1153 1886 1356 1941 sapientia
1375 1890 1447 1926 aut
1467 1887 1626 1926 honore
1648 1890 1717 1926 aut
1737 1884 1875 1939 aliqua
1896 1885 2030 1940 digni-

261 1956 340 1992 tate
372 1947 664 1991 antecedentes
694 1961 892 1989 veremur
922 1953 964 1989 et
995 1948 1193 1998 colimus3
1228 1950 1471 1996 veritatem,
1504 1961 1579 2002 per
1608 1961 1733 2002 quam
1761 1949 1905 1989 damus
1926 1961 2029 2001 ope-

260 2027 367 2062 ram,
397 2026 450 2054 ne
471 2011 569 2068 quid
589 2011 734 2059 aliter,
767 2025 892 2065 quam
915 2010 1322 2059 confirmaverimus,
1356 2009 1427 2051 fiat
1456 2015 1527 2051 aut
1555 2008 1710 2050 factum
1741 2015 1812 2050 aut
1840 2009 2026 2052 futurum

260 2076 326 2116 sit.
388 2076 457 2116 67.
504 2076 563 2115 Ac
594 2078 765 2115 naturae
802 2072 969 2128 quidem
1007 2074 1098 2114 iura
1135 2075 1272 2115 minus
1303 2074 1391 2128 ipsa
1422 2077 1681 2127 quaeruntur
1711 2070 1763 2113 ad
1791 2073 1896 2113 hanc
1927 2085 2028 2114 con-

259 2139 531 2186 troversiam,
578 2139 689 2192 quod
728 2149 864 2192 neque
895 2137 938 2177 in
970 2135 1049 2177 hoc
1081 2136 1190 2177 civili
1221 2139 1312 2177 iure
1343 2140 1563 2177 versantur
1594 2140 1635 2175 et
1664 2148 1688 2175 a
1718 2133 1879 2189 vulgari
1908 2135 2028 2177 intel-

209 2200 430 2255 aoligentia
470 2200 697 2241 remotiora
741 2203 858 2248 sunt;
910 2200 963 2239 ad
1005 2197 1318 2240 similitudinem
1363 2211 1464 2239 vero
1508 2196 1686 2252 aliquam
1729 2203 1798 2238 aut
1842 2196 1895 2239 ad
1937 2212 2028 2240 rem

259 2261 588 2317 amplificandam
624 2274 747 2316 saepe
785 2265 879 2302 sunt
917 2259 1150 2302 inferenda.
1209 2261 1528 2303 Consuetudinis
1565 2265 1704 2301 autem
1734 2261 1798 2301 ius
1830 2273 1922 2302 esse
1952 2273 2029 2316 pu-

259 2329 372 2366 tatur
399 2325 465 2371 id,
512 2322 623 2380 quod
658 2323 870 2365 voluntate
922 2324 1109 2365 omnium
1148 2323 1236 2364 sine
1279 2325 1371 2377 lege
1401 2327 1584 2364 vetustas
1615 2324 1917 2376 comprobarit.
1979 2324 2027 2365 In

261 2402 312 2429 ea
340 2392 479 2429 autem
509 2389 715 2442 quaedam
756 2392 851 2429 sunt
891 2388 982 2428 iura
1020 2389 1110 2443 ipsa
1148 2387 1230 2428 iam
1262 2392 1375 2428 certa
1402 2390 1576 2441 propter
1605 2390 1867 2427 vetustatem.
1930 2386 2024 2435 Quo

261 2451 305 2492 in
335 2464 488 2504 genere
519 2455 560 2491 et
589 2450 670 2491 alia
700 2455 793 2491 sunt
825 2452 954 2491 multa
986 2455 1026 2491 et
1056 2464 1200 2491 eorum
1232 2448 1363 2490 multo
1393 2448 1572 2490 maxima
1603 2462 1724 2502 pars,
1773 2461 1878 2503 quae
1906 2460 2028 2503 prae-

212 2528 248 2556 as
261 2518 374 2554 tores
405 2511 568 2554 edicere
599 2518 866 2555 consuerunt.
930 2511 1143 2563 Quaedam
1183 2517 1321 2553 autem
1358 2524 1511 2564 genera
1541 2510 1643 2551 iuris
1673 2511 1754 2551 iam
1787 2515 1898 2551 certa
1929 2523 2028 2552 con-

261 2574 482 2618 suetudine
510 2576 620 2617 facta
647 2581 759 2627 sunt;
791 2577 904 2632 quod
925 2589 1077 2630 genus,
1110 2581 1296 2629 pactum,
1327 2587 1425 2629 par,
1458 2574 1698 2614 iudicatum.
1760 2573 1827 2614 68.
1858 2573 2026 2613 Pactum

262 2643 352 2689 est,
387 2637 500 2694 quod
527 2639 635 2680 inter
665 2638 826 2693 aliquos
856 2640 1078 2687 convenit,
1113 2639 1225 2693 quod
1254 2637 1337 2678 iam
1367 2636 1423 2678 ita
1453 2637 1606 2677 iustum
1637 2639 1826 2689 putatur,
1859 2639 1906 2676 ut
1932 2635 2025 2675 iure

263 2706 474 2758 praestare
506 2700 680 2744 dicatur.
741 2703 842 2752 Par,
891 2703 1004 2757 quod
1033 2700 1078 2742 in
1107 2713 1253 2742 omnes
1283 2698 1501 2755 aequabile
1533 2703 1608 2740 est.
1668 2696 1926 2746 Iudicatum,
1974 2695 2025 2738 de

358 2856 391 2888 1.
415 2855 544 2896 pupilli
566 2856 639 2888 iam
664 2859 739 2888 erat
764 2853 876 2887 PAR:
917 2855 991 2886 iam
1015 2856 1091 2887 erat
1112 2852 1243 2894 pupilli
1268 2852 1310 2885 E.
1348 2869 1394 2874 —
1433 2852 1468 2884 4.
1504 2851 1631 2883 valebit
1666 2859 1743 2883 cum
1771 2849 1866 2883 Cass.
1895 2852 1929 2882 et
1954 2847 2022 2881 Gu-

266 2902 462 2935 Schiltzius.
491 2903 549 2944 (Ut
573 2909 663 2942 nos,
706 2905 813 2934 nostri
842 2899 1010 2943 etROud.)
1047 2918 1092 2923 —
1128 2902 1162 2933 5.
1201 2900 1339 2932 cedebat
1365 2899 1482 2932 Schol.
1509 2898 1610 2931 Leid.
1638 2898 1702 2929 111.
1737 2912 1778 2919 —-
1817 2897 1850 2929 6.
1887 2896 2025 2928 heredes

263 2951 433 2990 pecuniae
457 2950 568 2983 PAR:
594 2951 764 2990 pecuniae
789 2949 926 2981 heredes
951 2949 989 2980 E.
1018 2964 1058 2970 -
1085 2948 1119 2979 8.
1148 2947 1282 2979 heredes
1307 2955 1376 2979 esse
1401 2946 1545 2983 VPAR,
1571 2945 1625 2976 L:
1654 2952 1724 2977 esse
1749 2945 1886 2976 heredes
1911 2943 1951 2975 E.
1979 2958 2023 2964 —

266 2996 302 3028 9.
336 3000 523 3037 propterea
548 2997 637 3029 PAR
663 3001 698 3030 et
723 2996 833 3029 Codd.
871 2995 994 3026 Bruti:
1036 2999 1219 3035 praeterea
1245 2994 1286 3025 E.
1329 3008 1370 3016 -
1413 2993 1470 3024 12.
1506 2992 1796 3024 considerandum
1828 2995 1878 3022 est
1907 2989 2020 3021 PAR:

269 3047 317 3075 est
335 3043 625 3076 considerandum
643 3045 682 3076 E.
707 3060 742 3067 —-
772 3044 828 3075 15.
855 3043 1026 3084 quaedam
1053 3051 1075 3073 a
1091 3042 1170 3073 PR:
1198 3039 1368 3081 quaedam
1394 3043 1457 3072 aut
1481 3048 1503 3070 a
1521 3039 1593 3070 ΑΕ.
1612 3055 1653 3061 -
1681 3043 1744 3071 aut
1759 3046 1840 3069 vero
1868 3033 2023 3077 (partic.)

267 3089 348 3122 Ald.
375 3090 425 3129 L,
452 3090 648 3123 Schutzius.
675 3090 732 3132 (Ut
757 3099 840 3129 nos,
878 3086 1026 3130 VPAR.)
1052 3105 1095 3112 —
1135 3087 1192 3119 24.
1217 3087 1387 3127 punimur
1412 3095 1462 3126 pr.
1491 3086 1541 3124 P,
1581 3094 1621 3118 ex
1648 3085 1825 3118 Ciceronis
1851 3083 1943 3116 haud
1970 3085 2024 3114 in-

268 3136 445 3176 frequenti
470 3146 560 3170 usu:
586 3139 754 3179 punimus
779 3137 805 3168 E
834 3145 913 3169 cum
938 3137 1000 3168 AR
1025 3139 1059 3167 et
1085 3143 1174 3166 corr.
1200 3133 1240 3165 P.
1271 3150 1308 3157 —
1337 3133 1395 3165 26.
1422 3141 1629 3165 veneramur
1653 3133 1683 3164 Α
1707 3133 1860 3171 aliique,
1886 3137 2024 3162 venere-

267 3191 349 3214 mur
375 3182 482 3215 Oxou.
511 3194 612 3222 usus,
639 3190 678 3217 ut
701 3184 841 3218 volebat
866 3184 891 3215 E
908 3207 917 3222 ,
946 3185 991 3215 ita
1016 3181 1169 3220 scilicet,
1197 3184 1236 3211 ut
1260 3189 1362 3221 seqq.
1391 3182 1494 3213 etiam
1521 3180 1702 3212 indicativi
1730 3181 1765 3211 in
1783 3178 2022 3210 coniunctivos

268 3234 503 3262 mutarentur.
533 3247 573 3254 —
598 3231 655 3264 31.
683 3231 962 3264 consuetudinem
987 3239 1038 3270 pr.
1065 3229 1091 3261 P
1108 3252 1116 3267 ,
1155 3228 1439 3259 consuetudinum
1463 3226 1492 3257 A
1518 3230 1552 3259 et
1577 3235 1665 3258 corr.
1694 3225 1731 3259 P.
1761 3242 1798 3248 -
1834 3224 1892 3256 33.
1919 3231 2023 3264 quae-

270 3277 355 3308 dam
378 3281 460 3308 sunt
483 3278 565 3309 iura
589 3278 702 3310 PAR:
728 3280 812 3311 iura
835 3281 916 3309 sunt
939 3277 1112 3318 quaedam
1137 3275 1210 3308 VE.
1250 3290 1285 3296 -
1329 3274 1386 3306 37.
1415 3271 1565 3314 aliquos]
1591 3281 1678 3315 quos
1701 3272 1740 3303 P.
1760 3288 1803 3293 -
1827 3272 1900 3303 iuri
1919 3271 2020 3304 Voss.

270 3323 319 3356 Π.
347 3323 397 3361 L,
424 3323 549 3356 Graev.
575 3340 620 3346 ——-
660 3324 716 3357 38.
743 3328 925 3365 praestare
949 3324 1039 3355 PAR
1067 3324 1243 3361 ceterique
1270 3320 1348 3354 libri
1375 3323 1475 3354 noti:
1498 3321 1680 3362 praestari
1704 3319 1732 3352 E
1759 3319 1851 3352 coni.
1879 3316 1949 3352 Ct'r.
1977 3317 2021 3353 ad

273 3369 358 3405 Her.
387 3369 420 3408 2,
447 3370 503 3402 13.
522 3394 531 3410 ,
558 3371 617 3403 ubi
644 3372 685 3404 de
712 3372 817 3406 forma
843 3374 953 3406 activa
979 3380 1049 3404 non
1077 3370 1259 3403 dubitavit.
