2117 3762
726 267 826 309 LIB.
858 265 911 308 11.
973 264 1017 308 C.
1054 267 1118 308 13.
1154 266 1219 310 1'4.
1257 267 1321 309 15.
1816 271 1894 311 233

268 376 336 417 59.
369 375 481 416 llaec
513 387 605 415 cum
635 372 702 414 ille
734 371 927 422 dixisset,
963 374 1070 423 Quid
1102 379 1188 422 est,
1221 374 1375 429 inquit,
1410 372 1584 415 Catule?
1617 373 1792 415 Caesar:
1826 373 1894 416 ubi

154 443 275 486 sunt,
320 439 388 493 qui
431 437 651 478 Antonium
693 436 846 476 Graece
886 443 1036 489 negant
1071 436 1204 478 scire?
1256 443 1356 492 quot
1385 437 1604 478 historicos
1640 435 1894 478 nominavitl

154 513 277 557 quam
321 500 524 548 scienter,
568 511 690 553 quam
730 498 899 551 proprie
944 501 993 540 do
1037 512 1120 540 uno
1160 512 1325 555 quoque
1368 497 1498 540 dixitt
1552 499 1597 539 Id
1643 497 1895 546 mehercule,

153 563 285 619 inquit
330 563 521 610 Catulus,
573 559 780 601 admirans
820 560 917 602 illud
961 564 1040 602 iam
1080 563 1218 603 mirari
1251 563 1416 609 desino,
1468 561 1579 616 quod
1609 560 1738 602 multo
1769 559 1897 614 magis

154 633 248 667 ante
271 624 472 672 mirabar,
506 623 612 664 hunc
627 654 636 670 ,
670 636 762 664 cum
785 622 884 665 haec
906 626 1104 670 nesciret,
1136 626 1177 670 in
1201 623 1374 665 dicendo
1397 637 1518 677 posse
1540 629 1712 665 tantum.
1761 623 1925 677 Atqui,⁵

155 687 319 735 Catule,
352 687 482 742 inquit
511 687 734 733 Antonius,
768 700 849 727 non
881 700 957 741 ego
988 686 1204 728 utilitatem
1235 685 1413 740 aliquam
1444 688 1495 727 ad
1526 684 1743 727 dicendum
1774 697 1899 726 aucu-

153 764 256 805 pans
295 751 443 791 horum
485 745 613 788 libros
650 753 689 788 et
720 748 939 790 nonnullos
970 749 1072 790 alios
1102 751 1174 789 sed
1206 748 1488 789 delectationis
1520 761 1662 796 eausa,
1705 761 1797 789 cum
1838 752 1901 788 est

154 812 306 859 otium,
339 812 478 865 legere
510 808 639 851 soleo.
701 812 766 851 60.
801 813 909 861 Quid
942 815 1072 866 ergo?
1113 816 1196 858 est,
1238 808 1424 857 fatebor,
1459 809 1611 865 aliquid
1642 816 1805 860 tamen;
1837 814 1897 858 ut,

154 887 247 915 cum
276 875 317 915 in
346 872 432 914 sole
462 872 667 913 ambulem
688 904 698 921 ,
745 873 906 916 etiamsi
938 889 1014 928 ego
1047 875 1100 914 oh
1131 871 1242 914 aliud
1271 870 1500 920 ambulem,
1546 871 1634 913 fieri
1666 879 1800 913 tamen
1830 885 1901 913 na-

154 942 268 983 tura,
317 940 362 975 ut
391 935 577 983 eolorer,
625 935 703 982 sic,
750 951 840 978 cum
881 937 980 978 istos
1018 935 1144 977 libros
1184 934 1233 975 ad
1265 935 1466 975 Misenum
1508 933 1613 987 (nam
1645 936 1799 976 Romae
1830 934 1950 976 vino

152 998 259 1050 licet)
291 995 513 1039 studiosius
556 998 755 1051 legerim,
808 1001 940 1040 sentio
980 999 1143 1041 illorum
1191 1003 1298 1039 tactu
1341 998 1570 1038 orationem
1611 1011 1744 1038 meam
1784 998 1900 1052 quasi

153 1060 344 1102 colorari.
408 1060 487 1100 Sed
532 1073 582 1100 ne
627 1059 746 1100 latius
786 1063 863 1101 hoc
904 1060 1022 1102 vobis
1052 1066 1197 1114 patere
1229 1060 1437 1108 videatur,
1487 1061 1588 1100 haee
1620 1059 1829 1101 dumtaxat
1859 1059 1902 1101 in

154 1121 319 1165 Graecis
349 1120 558 1176 intelligo,
592 1135 697 1177 quae
727 1121 830 1177 ipsi,
864 1123 933 1178 qui
968 1123 1242 1178 scripserunt,
1295 1122 1516 1164 voluerunt
1548 1122 1669 1176 vulgo
1702 1122 1895 1177 intelligi:

152 1187 220 1226 61.
252 1183 295 1226 in
324 1183 594 1239 philosophos
617 1189 776 1226 vestros
809 1186 841 1225 si
864 1187 1026 1240 quando
1050 1185 1198 1233 incidi,
1232 1184 1431 1239 deceptus
1455 1184 1659 1226 indicibus
1680 1184 1898 1234 librorum,

152 1249 223 1304 qui
253 1254 346 1288 sunt
366 1245 451 1287 fere
471 1246 658 1300 inscripti
680 1249 730 1288 de
754 1247 876 1289 rebus
899 1248 1006 1290 notis
1029 1254 1069 1290 et
1090 1247 1316 1289 illustribus
1332 1279 1342 1296 ‚
1377 1251 1427 1289 de
1448 1248 1598 1289 virtute
1613 1279 1623 1296 ,
1658 1251 1706 1289 de
1728 1247 1897 1296 iustitia,
1914 1259 1949 1285 1⁵

152 1309 203 1352 de
232 1311 474 1357 honestate,
521 1310 572 1350 de
602 1308 836 1364 voluptate,
884 1309 1262 1364 verbum‘prorsus
1292 1309 1447 1351 nullum
1479 1309 1687 1363 intelligo3
1721 1309 1777 1350 ita
1808 1315 1903 1351 sunt

152 1371 334 1427 angustis
374 1376 413 1412 et
452 1371 623 1412 concisis
663 1371 1006 1425 disputationibus
1046 1372 1205 1427 illigati.
1266 1373 1414 1413 Poetas
1455 1374 1624 1413 omnino
1662 1374 1778 1426 quasi
1820 1371 1901 1413 alia

153 1434 326 1490 quadam
356 1433 496 1487 lingua
524 1433 683 1475 locutos
713 1447 796 1475 non
828 1449 959 1477 conor
989 1436 1204 1490 attingere.
1267 1437 1367 1477 Cum
1396 1437 1459 1476 his
1489 1447 1576 1481 me,
1607 1439 1652 1474 ut
1681 1435 1784 1481 dixi,
1827 1432 1902 1475 oh-

153 1499 283 1545 lecto‚
315 1496 385 1553 qui
415 1510 482 1538 res
514 1501 646 1551 gestas
677 1502 745 1537 aut
775 1500 984 1540 orationes
1014 1499 1266 1554 scripserunt
1286 1511 1380 1539 suas
1403 1502 1471 1538 aut
1492 1496 1561 1550 qui
1582 1495 1637 1536 ita
1658 1497 1898 1552 loquuntur,

152 1566 197 1603 ut
225 1560 444 1602 videantur
473 1559 651 1600 voluisse
693 1572 782 1601 esse
822 1559 963 1610 nobis,
1009 1560 1079 1616 qui
1108 1574 1193 1602 non
1222 1574 1363 1602 sumus
1393 1557 1683 1607 eruditissimi,
1732 1557 1903 1599 familia·
1915 1571 1952 1597 20

153 1636 235 1665 res.
295 1624 384 1664 XV.
430 1623 498 1662 62.
532 1620 613 1663 Sed
642 1620 738 1663 illuc
768 1625 925 1664 redeo:
969 1623 1194 1672 videtisne,
1238 1628 1435 1677 quantum
1465 1635 1612 1663 munus
1643 1620 1695 1662 sit
1724 1620 1900 1663 oratoris

152 1685 354 1728 historia?
403 1685 522 1726 Haud
553 1683 637 1725 scio
668 1698 720 1725 an
750 1683 917 1727 flumine
947 1686 1147 1728 orationis
1178 1691 1217 1727 et
1245 1686 1439 1727 varietate
1473 1686 1726 1733 maximum3
1768 1696 1901 1737 neque

153 1761 242 1790 eam
287 1748 454 1803 reperio
498 1760 670 1802 usquam
710 1750 928 1803 separatim
977 1749 1218 1790 instructam
1264 1750 1474 1789 rhetorum
1519 1747 1775 1801 praeceptis;
1826 1745 1901 1787 sita

152 1816 246 1852 sunt
275 1811 385 1851 enim
415 1815 510 1850 ante
540 1808 698 1850 oeulos.
759 1812 861 1852 Nam
901 1811 992 1866 quis
1032 1811 1164 1852 nescit
1192 1810 1366 1866 primam
1398 1823 1488 1851 esse
1519 1809 1714 1850 historiae
1746 1810 1899 1863 legem,

151 1887 204 1915 ne
234 1871 331 1927 quid
359 1870 451 1912 falsi
481 1873 619 1912 dicere
649 1870 829 1914 audeat?
878 1872 1027 1915 deinde
1067 1887 1119 1915 ne
1152 1872 1252 1928 quid
1280 1872 1370 1914 veri
1399 1885 1483 1914 non
1514 1870 1691 1913 audeat?
1736 1886 1787 1912 ne
1819 1885 1902 1926 qua
1915 1883 1950 1910 25

152 1934 334 1991 suspicio
364 1935 520 1988 gratiae
551 1935 602 1976 sit
630 1933 673 1975 in
702 1935 953 1978 scribendo?
999 1949 1050 1977 ne
1081 1950 1163 1992 qua
1192 1934 1435 1976 simultatis?
1493 1937 1560 1975 63.
1602 1935 1715 1974 Haec
1745 1933 1902 1974 scilicet

151 1997 416 2040 fundamenta
447 2002 543 2038 nota
573 2002 666 2038 sunt
695 1997 899 2043 omnibus.
974 2000 1067 2054 Ipsa
1107 2002 1242 2039 autem
1283 1995 1568 2038 exaedificatio
1609 1997 1740 2051 posita
1772 2001 1833 2036 est
1860 1995 1902 2038 in

153 2062 278 2103 rebus
309 2064 351 2102 et
379 2060 532 2100 verbis.
595 2061 749 2101 Rerum
789 2059 895 2101 ratio
927 2060 1115 2102 ordinem
1146 2066 1378 2116 temporum
1408 2059 1638 2107 desiderat,
1684 2058 1902 2113 regionum

153 2121 496 2178 descriptionem
546 2120 632 2163 vult
678 2122 822 2171 etiam,
870 2136 964 2165 eum
1007 2123 1048 2165 in
1088 2126 1211 2165 rebus
1250 2123 1408 2177 magnis
1445 2122 1727 2176 memoriaque
1770 2120 1902 2176 dignis

154 2185 324 2227 consilia
352 2185 554 2240 primum,
585 2184 734 2226 deinde
764 2190 876 2234 acta,
921 2192 1064 2242 postea
1095 2192 1266 2228 eventus
1298 2189 1614 2241 exspectentur,
1659 2189 1699 2225 et
1729 2185 1779 2224 de
1809 2196 1952 2227 con-³0

154 2247 255 2289 siliis
284 2244 524 2301 significari,
557 2245 657 2301 quid
685 2251 861 2304 scriptor
889 2247 1064 2304 probet,
1098 2254 1138 2290 et
1168 2248 1210 2290 in
1240 2246 1364 2290 rebus
1395 2246 1520 2303 gestis
1551 2247 1776 2300 declarari,
1820 2259 1903 2287 non

155 2309 288 2352 solum
318 2307 417 2364 quid
446 2314 579 2350 actum
610 2314 680 2350 aut
709 2310 863 2352 dictum
885 2311 961 2360 sit,
995 2313 1066 2353 sed
1088 2311 1211 2353 etiam
1234 2313 1444 2367 quomodo
1466 2326 1476 2361 ;
1511 2314 1552 2350 et
1571 2322 1663 2350 eum
1685 2307 1735 2350 de
1757 2313 1905 2349 eventu

154 2370 342 2421 dicatur,
375 2375 420 2412 ut
448 2383 594 2412 causae
624 2372 885 2425 explicentur
912 2386 1056 2416 omnes
1085 2373 1151 2416 vel
1181 2386 1299 2415 casus
1329 2375 1396 2415 vel
1426 2371 1650 2428 sapientiae
1681 2372 1747 2413 vel
1778 2376 1905 2411 teme-

153 2433 307 2483 ritatis,
337 2432 633 2489 hominumque
663 2436 849 2489 ipsorum
879 2450 964 2478 non
993 2437 1129 2478 solum
1158 2450 1226 2478 res
1257 2440 1394 2492 gestae
1425 2434 1498 2478 sed
1528 2436 1674 2483 etiam,
1708 2433 1778 2489 qui
1800 2432 1905 2474 fama

248 2587 283 2619 1.
311 2585 435 2619 Catulo
461 2586 504 2618 R.
537 2603 570 2608 —
598 2586 632 2618 4.
659 2584 785 2628 inquit]
814 2587 905 2621 discit
930 2589 975 2620 R.
1004 2604 1042 2610 —
1069 2588 1243 2619 admirari
1267 2586 1307 2618 B.
1331 2604 1366 2610 —
1395 2587 1428 2619 8.
1459 2587 1682 2619 Distinximus
1709 2594 1783 2617 cum
1803 2584 1902 2616 Lam-

156 2635 239 2668 hlno
265 2637 300 2666 et
325 2633 522 2666 Ellendtto:
567 2632 659 2672 Quid
684 2643 762 2676 erqo
788 2636 868 2667 est?
902 2636 1039 2677 fatebor
1064 2634 1090 2666 E
1109 2657 1118 2669 .
1161 2633 1252 2673 Quid
1277 2636 1326 2666 est
1351 2643 1432 2675 erqo
1457 2634 1555 2666 Leid.
1585 2633 1682 2673 prob.
1711 2632 1829 2663 Bakio.
1861 2648 1898 2654 —-

155 2686 193 2713 ut
217 2690 286 2714 om.
313 2680 356 2712 R.
385 2695 424 2702 —
450 2679 485 2712 9.
514 2681 649 2712 etiamst
673 2690 732 2722 eqo
758 2681 798 2713 ob
824 2682 923 2714 aliud
948 2692 987 2715 ex
1012 2682 1071 2723 Lg.
1092 2681 1148 2713 36.
1177 2682 1226 2712 T:
1254 2681 1388 2713 etiamsi
1413 2689 1474 2721 eqo
1501 2680 1607 2712 aliam
1632 2680 1670 2711 ob
1697 2687 1835 2710 causam
1859 2678 1899 2713 Β,

156 2728 292 2760 etiamsi
316 2735 375 2769 090
401 2726 442 2758 ob
467 2726 574 2759 aliam
601 2736 745 2758 causam
771 2728 880 2760 Codd.
908 2729 951 2761 al.
969 2752 978 2766 ,
1013 2730 1041 2760 R
1058 2751 1066 2767 ,
1103 2727 1238 2760 etiamsi
1261 2728 1370 2759 aliam
1396 2728 1436 2759 ob
1463 2735 1604 2758 causam
1630 2727 1669 2758 E.
1707 2740 1744 2747 —
1788 2729 1903 2755 tamen

157 2778 290 2806 natura
316 2773 426 2806 Codd.
453 2774 524 2805 al.:
566 2779 698 2806 natura
721 2777 835 2806 tamen
859 2775 939 2816 (Βῖ)
967 2776 1017 2814 Ε,
1053 2779 1184 2806 natura
1208 2775 1250 2806 R.
1282 2791 1319 2797 —
1365 2775 1420 2805 11.
1447 2774 1559 2815 leqero
1586 2773 1632 2809 B,
1661 2771 1758 2803 Leid.
1787 2777 1820 2802 et
1843 2771 1900 2802 alii

158 2822 368 2861 complures.
389 2835 428 2842 —-
453 2821 592 2852 illorum
618 2826 714 2853 tactu
739 2823 931 2854 orationem
953 2830 1065 2854 meam
1081 2821 1107 2852 B
1135 2819 1192 2861 (de
1213 2830 1283 2861 quo
1303 2821 1437 2852 dubitat
1455 2821 1488 2851 h.
1510 2820 1531 2851 1.
1553 2819 1705 2854 Ellendt;
1732 2817 1791 2849 sed
1812 2818 1901 2850 clare

157 2869 222 2900 hoc
247 2867 329 2898 mihi
355 2870 511 2898 notatum
536 2866 621 2908 estz)
647 2869 801 2906 aliique:
828 2869 970 2900 illorum
994 2873 1099 2900 cantu
1126 2870 1319 2900 orationem
1341 2876 1451 2899 meam
1470 2866 1549 2902 ΒΤ,
1577 2866 1770 2896 orationem
1795 2873 1903 2896 meam

155 2915 298 2945 illorum
323 2917 420 2944 tactu
445 2914 486 2944 E.
514 2912 566 2952 (ln
592 2923 659 2955 mg.
689 2915 891 2954 exemplaris
919 2916 1104 2948 Beruensis
1132 2915 1194 2945 Ed.
1223 2915 1382 2946 Lambini
1408 2913 1509 2945 1566.
1545 2920 1647 2943 manu
1676 2911 1716 2942 V.
1749 2910 1792 2941 D.
1821 2910 1899 2943 Sec.

158 2961 278 2994 XVl.:
312 2957 431 2999 cantu]
457 2959 539 2991 alias
563 2964 681 3000 statu,
709 2962 790 2993 alias
815 2960 941 3001 tactu.)
975 2978 1010 2984 —
1040 2961 1096 2992 13.
1122 2961 1276 3004 intelligo
1303 2970 1370 2992 om.
1391 2960 1431 2992 R.
1456 2977 1492 2982 —
1518 2958 1621 2998 vulqo
1642 2958 1680 2994 B,
1700 2956 1809 2989 Codd.
1831 2958 1899 2989 ah:

157 3018 180 3041 a
203 3007 303 3049 vulyo
340 3005 411 3037 RE.
440 3021 480 3028 —
522 3007 578 3039 15.
606 3009 663 3049 qui
697 3008 807 3041 Codd.
848 3010 918 3046 al.,
954 3008 1006 3040 R:
1045 3015 1110 3049 quo
1146 3007 1191 3043 B,
1229 3007 1324 3049 quod
1351 3007 1388 3038 E.
1429 3021 1468 3028 —-
1506 3004 1562 3035 17.
1595 3000 1753 3043 concisis]
1791 3003 1904 3044 longis

157 3055 231 3087 ΑΒ.
257 3069 300 3076 -·
335 3052 454 3083 aliena
477 3052 520 3083 R·
560 3069 599 3076 —
643 3054 697 3086 18.
725 3064 829 3098 coqor
865 3056 935 3088 ΑΒ.
978 3071 1013 3077 -
1058 3054 1113 3085 19.
1142 3057 1205 3085 aut
1237 3055 1410 3086 orationes
1434 3052 1481 3088 B,
1511 3050 1619 3082 Codd.
1650 3050 1719 3082 aL:
1757 3054 1819 3081 aut
1844 3052 1905 3092 qui

158 3102 337 3134 orationes
362 3099 435 3130 RE.
474 3096 542 3138 (De
567 3099 625 3131 AB
653 3110 722 3133 non
748 3103 878 3142 liquet,
916 3102 976 3134 sed
1003 3102 1106 3133 etiam
1133 3099 1198 3132 Gu.
1226 3100 1259 3131 3.
1287 3109 1354 3131 orn.
1383 3098 1471 3138 qui.)
1510 3112 1549 3119 —
1586 3096 1643 3128 20.
1669 3096 1816 3128 voluisse
1837 3107 1904 3130 esse

157 3148 256 3180 nobis
280 3164 294 3170 -
318 3161 330 3167 -
353 3144 545 3187 familiares
568 3146 628 3177 AB
654 3149 805 3189 aliique:
832 3150 977 3180 voluisse
1001 3148 1099 3179 nobis
1122 3163 1135 3169 -
1159 3162 1173 3168 ·
1197 3155 1266 3178 esse
1289 3145 1481 3187 familiares
1499 3143 1570 3174 RE.
1592 3160 1630 3166 —
1658 3143 1899 3184 eruditissimi]

155 3193 416 3235 prudentissimi
434 3191 505 3222 ΑΒ.
524 3207 565 3212 —-
595 3192 652 3225 22.
679 3204 784 3234 neque
809 3203 883 3226 eam
913 3196 938 3226 B
963 3195 1117 3234 aliique:
1144 3201 1250 3234 neque
1274 3196 1388 3223 tamen
1413 3200 1486 3222 eam
1505 3190 1577 3222 RE.
1600 3205 1639 3212 -
1666 3189 1722 3221 23.
1750 3200 1902 3229 unquam

161 3242 200 3272 Α.
230 3256 269 3264 -
301 3241 353 3271 ita
376 3237 447 3270 ΑΒ.
478 3253 517 3259 -
555 3237 611 3270 25.
637 3248 680 3271 rte
704 3250 773 3282 qua
798 3257 811 3264 —
835 3257 846 3262 -
871 3251 912 3274 ne
937 3240 1019 3282 qua]
1046 3248 1150 3279 neque
1174 3256 1187 3262 -
1212 3255 1225 3261 -
1249 3246 1353 3278 neque
1378 3237 1448 3267 ΑΒ.
1478 3253 1516 3259 -
1551 3236 1608 3268 29.
1637 3236 1903 3275 descriptionum

160 3287 201 3319 B.
220 3304 262 3310 —
288 3295 364 3318 cum
382 3283 510 3326 (quom)
529 3283 699 3318 Ellendtio
717 3292 855 3319 auctore
875 3295 953 3319 nos:
983 3288 1146 3329 quoniam
1165 3285 1233 3324 ET,
1263 3284 1352 3324 quod
1369 3286 1484 3314 tamen
1501 3283 1558 3315 AB
1573 3306 1582 3321 ,
1609 3285 1772 3324 quoniam
1789 3286 1903 3314 tamen

159 3334 203 3366 R.
233 3349 270 3355 —
295 3332 461 3364 memoria
485 3330 556 3361 BR.
587 3347 626 3354 —
667 3332 725 3364 30.
752 3337 988 3373 exspectentur
1015 3333 1070 3364 AB
1097 3336 1131 3364 et
1155 3332 1216 3372 Lg.
1243 3330 1426 3362 meliores:
1455 3332 1698 3370 exspectantur
1724 3329 1828 3361 RET.
1858 3345 1898 3352 —-

160 3380 217 3414 31.
242 3378 343 3413 rebus
367 3379 411 3413 iis
433 3378 536 3421 gestis
561 3377 602 3411 B.
628 3395 666 3401 -
697 3378 754 3413 32.
782 3377 966 3422 quomodo]
995 3388 1080 3423 quae
1106 3378 1150 3411 R.
1178 3395 1219 3402 —
1260 3376 1317 3410 34.
1345 3375 1442 3419 sama
1464 3385 1535 3411 non
1559 3376 1671 3410 solum
1695 3385 1736 3410 ac
1760 3376 1831 3409 AB.
