2117 3762
795 265 892 306 LlB.
926 265 953 306 l.
1015 265 1056 305 C.
1091 267 1153 306 10.
1188 268 1250 307 11.
1815 272 1889 312 181

149 385 311 414 censeo.
374 372 477 411 Satis
508 370 547 412 id
579 376 639 412 est
670 384 883 424 magnum,
934 370 1042 425 quod
1075 378 1191 425 potes
1222 378 1453 425 praestare.
1500 377 1543 413 ut
1584 371 1622 413 in
1655 372 1815 415 iudiciis
1845 389 1892 417 ea

148 447 289 478 causa,
322 447 609 489 quamcunque
641 439 682 474 tu
713 432 837 481 dicis,
871 433 1018 474 melior
1048 441 1086 475 ct
1117 432 1373 487 probabilior
1402 449 1491 476 esse
1522 433 1732 484 videatur;
1779 443 1822 477 ut
1852 437 1893 478 in

148 495 407 537 contionibus
445 502 483 537 et
522 496 562 536 in
604 494 817 536 sententiis
862 495 1043 536 dicendis
1089 496 1139 537 ad
1182 501 1510 552 persuadendum
1558 506 1623 540 tua
1670 501 1894 552 plurimum

147 558 279 599 valeat
301 557 463 606 orati03
504 556 680 612 denique
712 563 755 598 ut
784 557 1053 612 prudentibus
1085 560 1256 607 diserte,
1289 562 1420 603 stultis
1453 564 1573 603 etiam
1604 576 1700 603 vere
1723 563 1890 604 videare

148 623 302 663 dicere.
366 622 455 661 Hoc
484 619 657 674 amplius
688 619 720 660 si
752 619 851 674 quid
881 621 1059 675 poteris,
1092 634 1173 661 non
1206 622 1245 663 id
1269 623 1369 664 mihi
1393 623 1599 666 videbitur
1620 631 1786 673 orator,
1820 627 1922 666 sed⁵

149 684 319 725 Crassus
348 697 421 725 sua
453 685 627 739 quadam
659 683 850 738 propria,
885 697 967 724 non
997 685 1204 724 communi
1236 691 1445 727 oratorum
1478 686 1667 729 facultate
1699 701 1834 743 posse.

256 747 329 787 xl.
370 747 439 786 45.
486 747 589 786 Tum
620 744 711 793 ille,
747 747 836 785 Non
868 759 981 794 sum,
1016 747 1170 799 inquit,
1203 749 1390 796 nescius,
1427 751 1646 797 Scaevola,
1681 750 1755 791 ista
1786 749 1893 791 inter

150 811 327 852 Graecos
357 807 439 849 dici
470 813 509 848 et
540 808 758 862 disceptari
791 809 940 849 solere.
1003 809 1148 848 Audivi
1180 809 1289 849 enim
1321 824 1502 852 summos
1535 813 1748 861 homines,
1799 827 1891 854 cum

147 877 342 928 quaestor
380 884 432 910 ex
462 871 703 911 Macedonia
735 871 937 911 venissem
982 871 1186 918 Athenas,
1232 870 1401 913 florente
1432 875 1674 923 Academia,
1722 882 1763 917 ut
1794 882 1894 917 tem-

146 933 316 987 poribus
347 931 427 972 illis
457 930 689 979 serebatur,
722 947 812 973 cum
846 947 936 973 eam
969 933 1216 973 Charmadas
1247 940 1286 974 et
1308 933 1579 976 Clitomachus
1610 945 1649 979 et
1669 938 1892 980 Aeschines
1906 950 1941 974 10

146 995 399 1037 obtinebant.
471 995 568 1034 Erat
612 996 731 1035 etiam
775 997 1065 1042 Metrodorus,
1112 996 1180 1048 qui
1223 1008 1313 1036 cum
1356 996 1436 1037 illis
1478 1013 1559 1039 una
1604 1001 1736 1054 ipsum
1778 1000 1892 1042 illum

147 1058 400 1098 Carneadem
433 1057 669 1109 diligentius
700 1056 911 1105 audierat,
945 1056 1154 1097 hominem
1186 1057 1370 1099 omnium
1403 1059 1443 1100 in
1474 1059 1677 1110 dicendo,
1711 1068 1755 1103 ut
1786 1063 1893 1103 fere-

144 1121 289 1167 batur,
331 1119 577 1159 acerrimum
611 1126 650 1159 et
680 1119 1041 1172 copiosissimum;
1086 1118 1331 1175 vigebatque
1363 1121 1526 1163 auditor
1555 1124 1734 1165 Panaetii
1776 1124 1885 1166 illius

143 1182 202 1223 tui
231 1182 498 1223 Mnesarchus
539 1188 578 1222 et
608 1182 865 1235 Peripatetici
898 1182 1063 1224 Critolai
1095 1181 1326 1232 Diodorus;
1368 1186 1435 1224 46.
1471 1185 1588 1226 mnlti
1618 1193 1734 1227 erant
1765 1201 1887 1241 prae-

143 1251 256 1286 terea
287 1245 384 1284 clari
415 1244 455 1283 in
486 1243 744 1298 philosophia
775 1251 814 1285 et
846 1244 1032 1292 nobiles,
1066 1258 1088 1284 a
1120 1244 1269 1298 quibus
1301 1248 1492 1288 omnibus
1523 1262 1604 1288 una
1635 1262 1764 1303 paene
1786 1263 1888 1290 voce
1903 1265 1939 1290 1⁵

142 1307 288 1363 repelli
320 1312 528 1347 oratorem
572 1320 595 1346 a
633 1305 922 1360 gubernaculis
965 1306 1203 1355 civitatum,
1256 1308 1419 1349 excludi
1461 1308 1511 1350 ab
1553 1310 1664 1351 omni
1707 1311 1892 1353 doctrina

144 1383 365 1423 rerumque
409 1370 614 1409 maiorum
653 1369 823 1409 scientia
864 1382 911 1409 ac
951 1375 1106 1410 tantum
1147 1368 1187 1409 iu
1228 1370 1379 1411 iudicia
1411 1376 1451 1412 et
1481 1373 1761 1414 contiunculas
1791 1379 1892 1414 tam-

144 1446 266 1487 quam
296 1431 338 1472 in
370 1430 534 1485 aliquod
565 1430 779 1485 pistrinum
812 1430 977 1472 detrudi
1008 1437 1047 1472 et
1079 1431 1287 1487 compingi
1318 1432 1525 1474 videbam.
1586 1437 1654 1476 47.
1702 1437 1780 1477 Sed
1812 1449 1890 1489 ego

142 1508 279 1550 neque
310 1493 390 1535 illis
421 1493 676 1534 assentiebar
705 1507 839 1549 neque
870 1495 1017 1535 harum
1049 1494 1369 1549 disputationum
1399 1495 1605 1537 inventori
1646 1502 1687 1538 et
1716 1497 1891 1553 principi

143 1558 265 1610 longe
297 1557 480 1596 omnium
510 1557 551 1596 in
583 1558 756 1596 dicendo
788 1555 1033 1610 gravissimo
1064 1562 1104 1596 et
1134 1557 1495 1611 eloquentissimO,
1539 1561 1727 1609 Platoni,
1775 1560 1890 1601 cuius
1903 1581 1940 1607 20

143 1625 230 1660 tum
269 1618 436 1660 Athenis
476 1631 567 1659 cum
608 1618 838 1659 Charmada
883 1618 1117 1673 diligentius
1148 1619 1229 1673 legi
1262 1620 1480 1674 Gorgiam3
1522 1636 1604 1675 quo
1635 1623 1677 1663 in
1708 1622 1813 1664 libro
1848 1623 1890 1664 in

143 1682 224 1722 hoc
262 1681 440 1722 maxime
478 1679 712 1721 admirabar
755 1683 993 1729 Platonem,
1045 1683 1155 1737 quod
1199 1682 1297 1722 mihi
1328 1684 1370 1723 in
1401 1683 1636 1725 oratoribus
1667 1684 1906 1727 irridendis>

143 1745 232 1797 ipse
271 1757 360 1784 esse
400 1749 540 1784 orator
580 1757 763 1784 summus
803 1743 1034 1785 videbatur.
1095 1745 1220 1785 Verbi
1253 1744 1362 1785 enim
1393 1748 1674 1788 controversia
1704 1747 1786 1788 iam
1817 1747 1890 1789 diu

143 1804 308 1859 torquet
344 1805 532 1846 homines
576 1805 800 1847 Graeculos
838 1806 1110 1847 contentionis
1142 1807 1376 1862 cupidiores
1407 1822 1529 1862 quam
1560 1809 1756 1850 veritatis.
1817 1809 1884 1850 48.

141 1871 242 1910 Nam
271 1870 303 1908 si
335 1867 426 1923 quis
457 1867 563 1908 hunc
594 1869 733 1908 statuit
763 1881 852 1909 esse
883 1875 1091 1910 oratorem
1111 1901 1120 1916 ‚
1166 1869 1235 1923 qui
1267 1872 1551 1912 tantummodo
1581 1870 1623 1911 in
1654 1872 1744 1912 iure
1777 1877 1816 1912 et
1845 1872 1886 1911 in
1901 1893 1936 1918 25

142 1929 305 1972 iudiciis
343 1929 475 1985 possit
518 1936 588 1971 aut
631 1932 739 1985 apud
778 1931 979 1984 populum
1011 1931 1150 1972 autin
1180 1938 1325 1973 senatu
1355 1934 1520 1987 copiose
1562 1932 1698 1989 loqui,
1751 1940 1888 1975 tamen

142 1993 240 2035 huic
269 1992 347 2048 ipsi
377 1993 503 2033 multa
535 1993 690 2033 tribuat
720 1998 760 2033 et
789 1995 987 2034 concedat
1016 2007 1186 2034 necesse
1217 2001 1289 2035 est.
1350 1997 1491 2050 Neque
1523 1995 1631 2036 enim
1654 1996 1741 2037 sine
1763 1998 1890 2037 multa

142 2054 459 2111 pertractatione
504 2054 686 2096 omnium
731 2068 871 2096 rerum
915 2056 1174 2110 publicarum
1224 2070 1360 2111 neque
1400 2057 1488 2098 sine
1532 2057 1694 2112 legum,
1745 2058 1887 2107 moris,

142 2117 243 2159 iuris
273 2117 444 2158 scientia
486 2130 621 2172 neque
660 2123 803 2158 natura
841 2118 1057 2159 hominum
1087 2118 1293 2173 incognita
1324 2133 1369 2160 ac
1399 2118 1584 2161 moribus
1613 2121 1655 2161 in
1686 2119 1751 2161 his
1790 2120 1890 2174 ipsis

143 2182 269 2221 rebus
299 2179 396 2220 satis
427 2178 572 2220 callide
603 2181 759 2221 versari
790 2184 830 2220 et
859 2180 990 2235 perite
1020 2186 1169 2234 potest.
1232 2183 1312 2231 Qui
1344 2188 1479 2222 autem
1510 2181 1609 2223 haec
1631 2184 1938 2236 cognoverit‚30

144 2242 231 2284 sine
262 2243 413 2296 quibus
443 2255 493 2282 ne
524 2242 590 2283 illa
613 2242 778 2297 quidem
809 2244 978 2284 minima
1006 2244 1048 2284 in
1078 2245 1211 2284 causis
1234 2244 1450 2299 quisquam
1469 2250 1581 2285 recte
1610 2244 1716 2285 tueri
1738 2250 1886 2299 potest,

145 2302 243 2359 quid
272 2303 368 2345 huic
397 2305 541 2345 abesse
581 2306 733 2358 poterit
772 2306 822 2346 de
860 2308 1129 2347 maximarum
1168 2320 1308 2347 rerum
1349 2308 1551 2348 scientia?
1602 2306 1672 2347 Sin
1714 2306 1889 2347 oratoris

145 2366 247 2407 nihil
276 2367 338 2407 vis
368 2379 457 2406 esse
488 2365 563 2406 nisi
597 2367 854 2420 composite,
889 2374 1053 2416 ornate,
1101 2371 1269 2422 copiose
1304 2369 1441 2423 loqui,
1477 2382 1653 2423 quaero,
1683 2369 1725 2409 id
1756 2370 1890 2423 ipsum

145 2430 215 2485 qui
244 2428 373 2482 possit
403 2428 564 2482 assequi
595 2428 684 2469 sine
715 2442 761 2470 ea
806 2429 1001 2478 scientia,
1048 2444 1169 2485 quam
1212 2431 1251 2472 ei
1290 2445 1374 2472 non
1413 2430 1667 2473 conceditis?
1692 2431 1889 2472 =Dicendi

145 2492 254 2532 enim
284 2490 439 2539 virtus,
486 2490 565 2531 nisi
605 2491 669 2540 ei,
717 2493 786 2546 qui
826 2491 958 2542 dicet,
1002 2505 1075 2541 ea,
1123 2495 1175 2534 de
1205 2495 1354 2549 quibus
1397 2493 1528 2542 dicet,
1571 2499 1764 2549 percepta
1794 2495 1886 2541 sint,
1902 2516 1937 2542 35

146 2559 307 2594 exstare
349 2565 432 2594 non
475 2558 622 2607 potest.
684 2555 751 2597 49.
798 2553 1100 2603 Quamobrem,
1146 2556 1179 2595 si
1210 2561 1351 2596 ornate
1381 2552 1541 2597 locutus
1571 2561 1656 2603 est,
1703 2557 1807 2596 sicut
1850 2561 1891 2595 et

145 2614 276 2657 fertur
316 2620 356 2656 ct
393 2613 493 2656 mihi
529 2614 719 2664 videtur,
771 2616 965 2671 physicus
1005 2616 1075 2658 ille
1115 2618 1406 2667 Democritus,
1466 2619 1657 2659 materies
1697 2616 1768 2658 illa
1811 2615 1888 2657 suit

239 2745 271 2777 1.
296 2751 411 2788 potest
433 2751 677 2789 praestareque
703 2748 742 2779 B.
771 2765 807 2771 —
833 2748 866 2780 3.
894 2752 925 2781 et
950 2750 986 2780 in
1011 2749 1187 2781 sententiis
1205 2749 1230 2780 Β
1249 2749 1403 2790 aliique:
1431 2754 1463 2782 et
1486 2751 1659 2782 sententiis
1677 2750 1736 2788 Lg.
1757 2758 1889 2786 omnes,

147 2793 221 2824 RE.
255 2809 288 2814 —
315 2794 350 2825 4.
376 2794 518 2826 videare
543 2796 653 2827 dicere
679 2796 757 2827 BR:
787 2795 898 2828 dicere
920 2796 1072 2828 videaris
1100 2796 1139 2827 E.
1164 2812 1207 2818 —-
1233 2797 1266 2828 5.
1292 2798 1422 2836 poterit
1447 2797 1487 2827 B.
1519 2813 1556 2819 —
1584 2797 1639 2827 10.
1666 2805 1742 2828 cum
1766 2797 1791 2827 B
1818 2796 1892 2828 alii-

149 2849 239 2879 que:
268 2839 360 2879 quod
387 2841 454 2872 RE.
482 2857 522 2863 —
551 2841 745 2874 Carnedeas
771 2842 812 2873 R.
843 2860 883 2865 —
909 2844 965 2874 11.
993 2851 1066 2873 una
1092 2843 1197 2874 etiam
1217 2843 1331 2885 ipsum
1357 2844 1398 2874 R.
1420 2859 1459 2864 —
1488 2843 1544 2874 12.
1574 2842 1786 2874 Carneadem
1811 2850 1890 2874 cum

149 2886 242 2918 libris
269 2883 320 2918 R':
352 2887 584 2919 Charmadam
610 2889 647 2920 Ε.
677 2904 715 2912 -
747 2888 921 2920 hominum
947 2889 1109 2920 Ellendtii
1136 2897 1275 2928 operae.
1303 2907 1343 2911 —
1370 2888 1543 2930 serebatur
1572 2889 1620 2926 R,
1648 2889 1758 2920 Codd.
1788 2889 1891 2927 pleri-

150 2941 243 2972 que:
270 2932 403 2974 serebat
427 2933 475 2971 Β,
502 2935 657 2974 ferebant
685 2936 724 2967 E.
755 2952 795 2957 —
825 2935 879 2966 13.
907 2936 1112 2977 viqebatque
1137 2935 1164 2966 B
1191 2936 1345 2976 aliique:
1372 2936 1507 2976 vigebat
1534 2935 1605 2966 RE.
1635 2950 1675 2956 —
1702 2936 1757 2967 14.
1786 2934 1893 2967 Crito-

149 2980 228 3011 laus
252 2984 282 3011 et
310 2979 485 3010 Diodorus
507 2981 550 3012 R.
579 2998 615 3004 —-
658 2983 711 3014 15.
742 2983 831 3013 clari
857 2982 882 3012 B
908 2982 1061 3022 aliique:
1097 2983 1273 3021 praeclari
1299 2983 1370 3014 RE.
1401 3000 1437 3005 —
1476 2983 1531 3013 20.
1560 2984 1590 3013 ec
1616 2981 1892 3022 eloquentissimo

149 3031 289 3058 auctore
315 3025 480 3057 Matthiae
506 3027 645 3059 seclusit
673 3029 714 3063 Τ.
743 3026 789 3068 (et
815 3028 1068 3069 eleqantissimo
1094 3029 1222 3061 mavolt
1246 3029 1405 3066 Bakius.)
1432 3045 1471 3050 —
1498 3028 1554 3059 2¹.
1583 3026 1758 3060 Carneade
1782 3028 1826 3062 R.
1852 3045 1894 3051 —

148 3073 186 3103 in
210 3072 285 3114 hoc}
313 3072 372 3103 hoc
398 3081 476 3103 cum
503 3074 561 3114 Lg.
589 3073 699 3106 Codd.
728 3075 851 3107 decem
877 3076 917 3107 T.
951 3093 986 3098 —
1015 3075 1072 3106 22.
1100 3076 1137 3106 in
1161 3081 1241 3107 ante
1268 3075 1469 3106 oratoribus
1494 3083 1561 3106 om.
1587 3073 1627 3105 Β.
1655 3091 1697 3096 —-
1721 3075 1779 3107 23.
1805 3073 1891 3116 iam]

149 3123 220 3150 tam
246 3119 289 3151 R.
317 3136 354 3141 —
399 3118 455 3149 24·
495 3120 643 3152 homines
669 3121 857 3154 Graeculos
883 3122 993 3154 Codd.
1020 3123 1101 3162 aliq.
1129 3121 1180 3153 R:
1209 3120 1393 3153 Graeculos
1417 3121 1566 3152 homines
1592 3120 1661 3152 BE.
1696 3137 1738 3143 —
1779 3121 1835 3154 25.
1863 3126 1895 3154 et

150 3165 261 3197 Codd.
289 3165 396 3205 ευρ-τ
425 3170 486 3197 aut
511 3166 614 3198 BRE.
641 3184 685 3189 -—-
719 3168 776 3199 28.
801 3170 910 3200 moris
936 3168 1045 3200 Codd.
1074 3168 1140 3199 ab:
1170 3176 1304 3200 morum
1332 3168 1401 3198 RE.
1431 3165 1497 3206 (De
1526 3167 1551 3198 B
1577 3175 1616 3198 ex
1643 3176 1718 3200 mea
1743 3169 1896 3200 collatio-

150 3221 193 3245 ne
219 3220 288 3244 non
317 3211 462 3251 liquet.)
483 3228 520 3234 —
547 3212 605 3244 33.
632 3213 727 3254 loqui
753 3214 864 3246 Codd.
893 3215 963 3246 al.:
992 3215 1105 3255 eloqui
1131 3211 1172 3255 (B
1184 3214 1216 3253 ⁶3)
1241 3214 1312 3245 RE.
1334 3228 1374 3234 —-
1401 3212 1456 3244 34.
1476 3213 1660 3245 conceditis
1686 3214 1795 3247 Codd.
1822 3216 1892 3246 at.:

150 3259 306 3290 concedis
332 3257 465 3298 (BJRE.
498 3275 532 3281 —-
564 3258 620 3290 35.
648 3258 691 3300 ei]
719 3264 750 3291 et
779 3260 819 3292 B.
849 3278 886 3284 —
915 3261 1024 3296 dicet,
1053 3270 1093 3292 ca
1111 3259 1220 3292 Codd.
1242 3261 1309 3291 ah:
1334 3259 1421 3290 dicet
1447 3264 1478 3291 et
1501 3268 1542 3291 ea
1559 3259 1640 3299 BR,
1665 3261 1768 3298 dicit,
1796 3269 1835 3292 ea
1854 3261 1893 3292 E.

153 3322 190 3327 —
219 3305 306 3336 dicet
333 3304 443 3337 Codd.
471 3304 514 3336 al.
543 3307 646 3337 ettam
673 3305 721 3344 Β,
760 3306 810 3339 R:
838 3306 924 3339 dicit
950 3308 990 3339 E.
1032 3323 1071 3331 ·-
1111 3305 1167 3338 36.
1195 3308 1285 3339 sicut
1310 3310 1340 3337 et
1365 3305 1477 3346 fertur
1503 3306 1530 3338 B
1555 3307 1711 3348 aliique:
1751 3308 1841 3339 sicut
1865 3309 1896 3339 et

150 3351 265 3394 serunt
287 3351 316 3383 R
334 3376 343 3392 ,
369 3352 458 3384 sicut
483 3350 594 3392 fertur
620 3351 659 3384 E.
