2117 3762
772 282 815 323 C.
849 282 917 323 80.
951 284 1018 325 81.
1052 283 1120 326 82.
1735 292 1815 333 391

59 388 247 430 LXXXI.
293 388 354 430 Sit
394 402 492 430 sane
527 390 604 435 ita,
652 389 836 443 inquam:
887 387 959 429 sed
990 389 1208 433 redeamus
1246 389 1298 433 ad
1337 404 1455 438 eum,
1502 390 1572 446 qui
1602 391 1682 433 iam
1712 407 1818 437 unus

61 455 209 498 restat,
252 451 542 498 Hortensium,
585 456 671 491 tum
702 448 752 491 de
783 449 990 493 nobismet
1020 454 1138 508 ipsis,
1184 453 1380 509 quoniam
1409 453 1452 495 id
1482 453 1631 502 etiam,
1670 457 1816 504 Brute,

58 512 264 568 postulas,
314 527 444 569 pauca
482 512 681 554 dicemus.
744 514 1001 569 Quamquam
1040 514 1228 557 facienda
1258 515 1415 558 mentio
1445 522 1528 562 est,
1573 522 1618 558 ut
1649 518 1818 571 quidem

58 574 159 616 mihi
189 574 372 624 videtur,
403 578 583 617 duorum
611 573 959 625 adolescentium,
993 579 1085 631 qui,
1117 577 1152 619 si
1183 577 1338 620 diutius
1368 577 1589 627 vixissent,
1622 592 1815 633 magnam

59 644 197 679 essent
225 638 487 695 eloquentiae
516 635 680 678 laudem
711 640 936 680 consecuti.
1832 663 1846 686 ⁵

168 703 264 744 280.
294 703 338 743 C.
360 701 583 743 Curionem
616 705 677 748 te,
709 702 840 755 inquit
869 703 1045 749 Brutus,
1078 706 1120 742 et
1149 701 1194 741 C.
1218 701 1422 744 Licinium
1443 701 1613 745 Calvum
1634 704 1818 746 arbitror

58 762 207 808 dicere.
263 765 413 812 Recte,
445 762 639 816 inquam,
673 761 905 805 arbitraris:
938 777 1117 820 quorum
1138 762 1307 820 quidem
1337 764 1440 806 alter
1468 766 1525 806 ita
1554 764 1676 807 facile
1705 766 1818 808 solu-

57 832 179 882 teque
208 827 348 869 verbis
379 824 573 867 volvebat
602 827 699 867 satis
729 826 936 868 interdum
967 833 1132 875 acutas,
1183 829 1350 867 crebras
1381 827 1550 883 quidem
1581 833 1694 870 certe
1723 842 1817 870 sen-

56 888 224 936 tentias,
254 893 301 929 ut
328 886 429 928 nihil
458 894 600 942 posset
628 890 811 929 ornatius
842 902 956 938 esse,
988 888 1090 930 nibil
1111 888 1362 942 expeditius.
1420 892 1554 944 Atque
1577 889 1643 932 hic
1667 903 1813 946 parum

56 965 80 992 a
109 951 315 1004 magistris
344 950 552 990 institutus
583 956 768 991 naturam
800 950 942 992 babuit
979 950 1266 992 admirabilem
1305 953 1355 992 ad
1396 950 1632 995 dicendum.
1691 952 1864 1000 Indu-10

55 1012 195 1054 striam
226 1025 311 1053 non
340 1025 430 1052 sum
463 1018 682 1065 expertus:
716 1012 897 1054 studium
919 1019 1032 1054 certe
1061 1013 1153 1054 fuit.
1216 1015 1297 1063 Qui
1327 1013 1361 1055 si
1392 1027 1458 1056 me
1487 1015 1632 1057 audire
1662 1015 1816 1058 voluis-

54 1081 138 1123 set,
170 1079 216 1115 ut
244 1080 462 1127 coeperat,
493 1076 674 1115 honores
705 1088 829 1130 quam
860 1087 960 1129 opes
991 1077 1190 1131 consequi
1220 1078 1446 1118 maluisset.
1506 1077 1712 1127 Quidnam
1735 1085 1812 1128 est,

53 1135 206 1192 inquit,
237 1136 371 1177 istuc?
420 1142 460 1177 et
490 1135 838 1192 quemadmodum
872 1137 1118 1191 distinguis?
1167 1139 1264 1179 281.
1306 1140 1397 1180 Hoc
1426 1138 1580 1188 modo,
1627 1142 1810 1197 inquam.

54 1199 156 1240 Cum
196 1200 330 1240 honos
372 1200 424 1239 sit
462 1198 692 1253 praemium
733 1200 897 1241 virtutis
927 1199 1081 1241 iudicio
1114 1201 1336 1256 studioque
1367 1201 1521 1244 civium
1552 1202 1732 1244 delatum
1762 1205 1814 1245 ad

52 1259 256 1316 aliquem,
302 1261 373 1314 qui
403 1274 498 1302 eum
530 1261 765 1309 sententiis,
806 1262 877 1317 qui
906 1261 1113 1316 suffragiis
1145 1265 1318 1319 adeptus
1349 1270 1437 1313 est,
1469 1266 1505 1306 is
1535 1265 1637 1306 mihi
1669 1272 1710 1307 et
1738 1269 1861 1311 ho·15

52 1329 193 1364 nestus
223 1328 263 1363 et
292 1324 521 1364 honoratus
551 1322 730 1364 videtur.
793 1325 875 1373 Qui
905 1330 1042 1365 autem
1073 1325 1291 1367 occasione
1322 1326 1480 1382 aliqua,
1521 1329 1644 1368 etiam
1674 1328 1812 1370 invitis

51 1386 136 1427 suis
166 1384 350 1434 civibus,
383 1393 528 1427 nactus
560 1392 621 1427 est
649 1386 893 1439 imperium,
927 1392 972 1427 ut
1000 1386 1068 1428 ille
1088 1387 1302 1442 cupiebat,
1335 1390 1447 1430 hunc
1467 1402 1620 1431 nomen
1641 1390 1812 1432 honoris

50 1447 269 1501 adeptum,
320 1461 404 1490 non
443 1450 645 1490 honorem
685 1455 800 1504 puto.
860 1450 976 1499 Quae
1007 1451 1041 1490 si
1077 1449 1148 1491 ille
1187 1450 1332 1492 audire
1370 1453 1588 1501 voluisset,
1633 1455 1813 1494 maxima

51 1524 146 1552 cum
176 1509 307 1564 gratia
337 1517 377 1551 et
406 1510 538 1565 gloria
581 1510 632 1552 ad
671 1524 873 1552 summam
913 1511 1226 1565 amplitudinem
1262 1516 1538 1568 pervenisset,
1584 1517 1812 1557 ascendens

52 1571 250 1627 gradibus
281 1573 615 1627 magistratuum,
646 1579 691 1614 ut
728 1579 846 1628 pater
883 1575 972 1615 eius
1009 1573 1189 1624 fecerat,
1236 1582 1282 1617 ut
1311 1575 1461 1631 reliqui
1492 1576 1689 1619 clariores
1719 1578 1811 1621 viri.
1825 1597 1861 1622 20

52 1637 169 1686 Quae
199 1636 368 1690 quidem
399 1638 523 1677 etiam
555 1650 648 1678 cum
678 1638 724 1677 P.
749 1638 920 1685 Crasso,
969 1638 1026 1678 M.
1056 1638 1129 1684 F.,
1173 1651 1268 1678 cum
1304 1637 1425 1680 initio
1455 1639 1600 1680 aetatis
1629 1638 1680 1682 ad
1711 1640 1813 1682 ami-

50 1699 188 1739 citiam
218 1712 262 1739 se
292 1711 428 1739 meam
459 1699 723 1746 contulisset,
770 1712 893 1754 saepe
924 1698 1060 1752 egisse
1090 1712 1158 1740 me
1187 1699 1387 1749 arbitror,
1435 1713 1528 1742 cum
1559 1715 1655 1743 eum
1687 1702 1814 1744 vehe-

50 1768 213 1803 menter
246 1764 462 1811 hortarer,
512 1769 557 1804 ut
586 1776 676 1804 eam
707 1761 839 1803 laudis
869 1760 977 1801 viam
1007 1761 1279 1803 rectissimam
1316 1777 1407 1804 esse
1445 1764 1636 1810 duceret,
1687 1778 1811 1819 quam

49 1824 230 1867 maiores
275 1826 364 1866 eius
409 1826 447 1865 ei
491 1827 630 1866 tritam
677 1824 956 1878 reliquissent.
1018 1826 1114 1865 282.
1161 1826 1262 1865 Erat
1307 1824 1417 1865 enim
1457 1838 1551 1866 cum
1597 1825 1809 1868 institutus

51 1886 232 1941 optime,
283 1892 371 1928 tum
409 1889 531 1928 etiam
563 1886 748 1942 perfecte
777 1886 983 1941 planeque
1015 1885 1225 1935 eruditus,
1275 1886 1493 1942 ineratque
1525 1892 1566 1929 et
1593 1889 1807 1943 ingenium
1823 1907 1858 1933 25

49 1950 147 1990 satis
176 1962 272 1990 acre
303 1955 344 1990 et
374 1949 573 1991 orationis
603 1963 687 1991 non
718 1949 930 2002 inelegans
961 1949 1107 2002 copia;
1140 1954 1440 2005 praetereaque
1463 1951 1551 1991 sine
1572 1953 1809 2005 arrogantia

49 2014 185 2065 gravis
224 2025 316 2053 esse
352 2011 573 2053 videbatur
611 2019 651 2054 et
687 2012 775 2053 sine
814 2011 991 2065 segnitia
1030 2013 1309 2053 verecundus.
1371 2011 1454 2054 Sed
1490 2014 1602 2054 hunc
1642 2027 1809 2069 quoque

49 2072 266 2116 absorbuit
293 2080 432 2116 aestus
462 2076 630 2131 quidam
659 2074 849 2116 insolitae
878 2073 1210 2115 adolescentibus
1231 2076 1411 2129 gloriae3
1444 2075 1538 2131 qui,
1572 2075 1667 2130 quia
1688 2090 1812 2118 nava-

48 2143 112 2179 rat
141 2138 260 2178 miles
291 2150 465 2191 operam
494 2136 762 2192 imperatori,
795 2138 1092 2191 imperatorem
1122 2150 1166 2178 se
1198 2137 1334 2178 statim
1365 2152 1456 2179 esse
1487 2138 1700 2191 cupiebat;
1744 2140 1809 2180 cui

49 2200 211 2241 muneri
251 2213 342 2240 mos
383 2199 590 2240 maiorum
633 2205 809 2240 aetatem
848 2205 1026 2246 certam,
1071 2205 1225 2241 sortem
1265 2199 1463 2242 incertam
1508 2200 1688 2256 reliquit.
1749 2202 1859 2243 Ita³o

49 2262 292 2315 gravissimo
334 2275 408 2302 suo
448 2274 568 2307 casu,
620 2262 717 2302 dum
762 2260 854 2317 Cyri
895 2267 937 2302 et
975 2262 1202 2303 Alexandri
1241 2262 1386 2303 similis
1417 2275 1508 2304 csse
1538 2262 1689 2310 voluit,
1739 2263 1811 2318 qui

49 2337 168 2365 suum
198 2336 364 2364 cursum
397 2329 748 2372 transcurrerent,
782 2329 823 2364 et
851 2326 898 2364 L.
924 2326 1060 2366 Crassi
1091 2330 1130 2366 et
1155 2324 1381 2366 multorum
1404 2325 1647 2366 Crassorum
1668 2326 1811 2366 inven-

49 2393 114 2428 tus
136 2392 198 2428 est
219 2385 532 2427 dissimillimus.
593 2387 800 2429 LXXXII.
832 2387 929 2427 283.
954 2386 1035 2428 Sed
1061 2388 1111 2428 ad
1131 2387 1300 2428 Calvum
1326 2410 1380 2418 —-
1402 2390 1436 2428 is
1456 2388 1566 2429 enim
1583 2387 1704 2429 nobis
1724 2394 1811 2428 erat

48 2450 287 2505 propositus
307 2472 362 2478 —
391 2453 671 2489 revertamur:
706 2448 777 2503 qui
798 2455 942 2490 orator
969 2449 1047 2490 fuit
1077 2463 1170 2490 cum
1200 2449 1345 2491 litteris
1368 2449 1570 2491 eruditior
1591 2463 1711 2505 quain
1734 2452 1810 2492 Cu-

48 2511 134 2560 rio,
166 2517 254 2553 tum
285 2510 408 2551 etiam
438 2510 666 2551 accuratius
689 2512 897 2564 quoddam
920 2510 1083 2552 dicendi
1105 2517 1145 2552 et
1165 2511 1409 2566 exquisitius
1430 2510 1630 2553 afferebat
1651 2525 1804 2566 genus:
1823 2527 1856 2553 ³⁵

49 2575 162 2628 quod
191 2587 443 2628 quamquam
474 2572 655 2614 scienter
684 2572 978 2627 eleganterque
1008 2572 1235 2622 tractabat,
1287 2574 1461 2615 nimium
1501 2580 1637 2615 tamen
1675 2575 1809 2628 inqui-

48 2651 144 2678 rens
173 2638 216 2678 in
246 2651 290 2678 se
322 2642 446 2690 atque
477 2636 564 2689 ipse
594 2648 686 2676 sese
717 2636 946 2677 observans
968 2641 1260 2691 metuensque,
1292 2650 1343 2678 ne
1364 2636 1558 2678 vitiosum
1579 2635 1804 2691 colligeret,

50 2700 172 2740 etiam
203 2712 346 2740 verum
379 2697 620 2752 sanguinem
651 2699 920 2751 deperdebat.
979 2699 1122 2753 Itaque
1161 2699 1250 2740 eius
1282 2701 1415 2740 oratio
1447 2698 1576 2740 nimia
1604 2697 1807 2751 religione

49 2765 258 2802 attenuata
287 2763 421 2802 doctis
451 2766 492 2801 et
521 2765 673 2800 attente
705 2759 965 2802 audientibus
995 2766 1084 2801 erat
1110 2760 1303 2806 illustris:
1338 2775 1362 2803 a
1390 2760 1650 2802 multitudine
1670 2766 1807 2801 autem

50 2828 92 2863 et
119 2835 143 2863 a
172 2821 286 2872 soro,
319 2823 385 2864 cui
414 2829 510 2863 nata
540 2822 777 2878 eloquentia
807 2830 890 2871 est,
923 2822 1216 2865 devorabatur.
1820 2838 1856 2863 [ιο

163 2885 259 2926 2ss».
292 2887 397 2926 Tum
427 2887 601 2933 Brutus,
634 2884 812 2925 Atticum
845 2899 913 2933 se,
946 2885 1101 2941 inquit,
1136 2885 1282 2928 Calvus
1313 2890 1454 2926 noster
1484 2883 1565 2926 dici
1597 2889 1806 2926 oratorem

50 2945 234 2989 volebat:
282 2948 380 2988 inde
418 2953 506 2988 erat
543 2948 620 2988 ista
651 2946 839 2994 exilitas,
885 2960 1009 3001 quam
1039 2947 1110 2989 ille
1141 2950 1193 2989 de
1225 2947 1426 2990 industria
1456 2946 1803 3002 consequebatur.

141 3135 175 3167 7.
205 3134 318 3170 alter,
358 3133 451 3174 quod
474 3134 548 3164 veri
572 3135 684 3166 simile
708 3133 954 3174 (verisimiliter
980 3132 1040 3175 R.)
1072 3135 1235 3173 dixisset,
1272 3135 1323 3166 ita
1352 3134 1442 3166 libri.
1471 3134 1650 3169 Emblema
1680 3135 1806 3169 delevi·

51 3190 127 3214 mus
158 3184 348 3221 praeeunte
377 3179 521 3214 Lamb.;
557 3181 699 3212 seclusit
724 3182 765 3213 E.
795 3199 832 3204 —
860 3182 894 3212 9.
922 3190 1051 3221 parum
1074 3191 1097 3213 a
1122 3182 1301 3223 maqistris
1327 3180 1403 3212 libri
1431 3185 1464 3214 et
1489 3182 1543 3214 R:
1580 3192 1602 3214 a
1626 3185 1807 3224 mayistris

48 3237 180 3270 parum
205 3229 244 3260 E.
275 3241 313 3248 -
357 3225 413 3257 13.
439 3226 530 3257 istuc
557 3226 632 3257 libri
660 3233 694 3259 et
718 3228 774 3259 R:
814 3228 906 3259 istud
934 3228 972 3258 E.
1003 3243 1043 3250 —
1085 3228 1142 3259 17.
1179 3229 1251 3258 suis
1277 3236 1345 3258 orn.
1372 3227 1416 3259 D.
1447 3227 1515 3259 Gu.
1544 3229 1577 3261 1.
1604 3229 1639 3260 2.
1678 3230 1803 3262 Dresd.

51 3276 168 3308 Peter.
195 3291 238 3297 -
278 3272 336 3304 28.
364 3271 528 3304 insolitae
554 3273 629 3304 libri
663 3278 696 3304 et
719 3275 772 3306 R:
798 3284 868 3306 non
894 3274 1054 3306 insolitae
1079 3283 1157 3306 cum
1183 3274 1328 3306 Ascens.
1355 3282 1426 3306 sec.
1454 3275 1576 3308 Lamb.
1610 3276 1649 3308 E.
1678 3293 1717 3299 —
1745 3276 1802 3307 34.

51 3323 120 3363 suit
153 3321 274 3362 Meyer
300 3323 335 3351 et
360 3318 502 3350 Ellendt
533 3322 586 3354 (ex
623 3324 719 3357 parte
754 3328 831 3351 cum
858 3320 1035 3358 Coi-rado,
1070 3323 1129 3362 qui
1155 3319 1293 3354 volebat
1314 3320 1406 3362 suit,
1431 3320 1528 3363 sed):
1554 3321 1678 3363 fuisset
1701 3322 1802 3361 libri,

52 3367 129 3401 RE.
157 3384 198 3391 —
223 3367 281 3400 42.
310 3365 574 3400 consectabatur
598 3365 720 3399 Lamb.
772 3366 841 3400 Cir.
869 3365 908 3408 ἕ.
936 3365 1016 3398 287.
