2117 3762
265 262 348 303 386
1042 260 1243 301 BRUTUS

265 364 483 422 magnifice
512 369 552 408 te
582 365 790 408 laudatum
820 364 945 416 puto,
992 376 1117 418 quem
1147 377 1230 406 non
1261 363 1395 406 solum
1424 361 1655 418 principem
1686 364 1810 416 atque
1838 361 2028 405 invento-

264 444 352 471 rem
383 432 526 483 copiae
557 429 729 475 dixerit,
774 439 881 480 quae
914 430 1002 466 erat
1030 439 1180 479 magna
1208 427 1322 477 laus,
1357 429 1428 468 scd
1459 426 1583 467 etiam
1614 427 1721 466 bene
1752 425 1944 468 meritum
1975 424 2026 466 de

263 493 409 547 populi
438 492 610 534 Romani
640 489 808 531 nomine
840 493 880 530 et
911 488 1121 541 dignitate.
1181 489 1274 537 Quo
1307 491 1417 530 enim
1449 502 1534 530 uno
1565 487 1835 529 vincebamur
1865 502 1889 528 a
1918 488 2025 529 victa

266 556 459 602 Graecia,
504 554 547 595 id
587 557 658 593 aut
688 556 883 605 ereptum
911 550 991 591 illis
1023 555 1085 591 est
1114 555 1184 591 aut
1214 556 1323 593 certe
1352 550 1472 594 nobis
1503 565 1597 592 cum
1628 549 1708 591 illis
1740 551 2026 591 communica-

233 623 364 660 ⁵tum.
424 619 520 658 255.
565 617 683 656 Hanc
710 620 876 664 autem,
916 613 1075 668 inquit,
1109 612 1285 667 gloriam
1316 614 1681 668 testimoniumque
1714 612 1900 654 Caesaris
1930 617 2026 653 tuae

262 682 429 736 quidem
463 677 760 731 supplicationi
787 691 892 726 non,
936 677 1008 718 sed
1042 674 1262 728 triumphis
1296 676 1521 717 multorum
1548 681 1771 731 antepono.
1833 677 1884 716 Et
1910 679 2026 716 recte

261 744 452 798 quidem,
485 741 674 795 inquam,
707 743 856 783 Brute:
898 741 1024 780 modo
1055 737 1107 779 sit
1135 738 1218 778 hoc
1250 737 1436 779 Caesaris
1466 738 1627 788 iudicii,
1659 751 1743 779 non
1774 736 2028 779 benevolen-

259 806 340 848 tiae
371 803 668 846 testimonium.
728 803 823 845 Plus
854 803 964 844 enim
994 807 1106 843 certe
1139 799 1274 842 attulit
1303 799 1399 841 huic
1437 802 1592 856 populo
1632 800 1863 855 dignitatis,
1916 801 2029 854 quis-

259 867 350 924 quis
381 871 444 908 est
471 866 566 916 ille,
614 866 648 907 si
677 865 804 907 modo
835 870 898 907 051
928 863 1103 919 aliquis,
1147 863 1219 919 qui
1247 875 1333 903 non
1362 862 1581 905 illustravit
1610 863 1757 912 modo,
1798 862 1872 905 sed
1903 863 2027 904 etiam

208 940 245 965 10
260 931 403 985 genuit
439 931 482 971 in
521 932 598 971 hac
637 928 742 970 urbe
782 926 946 970 dicendi
985 926 1172 981 copiam,
1223 938 1346 980 quam
1383 924 1468 974 illi,
1519 927 1590 980 qui
1627 929 1826 981 Ligurum
1863 924 2029 967 castella

258 997 625 1048 expugnaverunt3
658 1005 711 1033 ex
741 993 893 1046 quibus
923 989 1042 1031 multi
1073 994 1193 1038 sunt,
1225 993 1272 1030 ut
1292 986 1432 1036 scitis,
1464 987 1679 1041 triumphi.
1741 991 1837 1030 256.
1871 991 2028 1031 Verum

257 1055 424 1112 quidem
454 1057 488 1097 si
520 1057 667 1097 audire
696 1057 913 1104 volumus,
965 1052 1128 1094 omissis
1168 1050 1248 1092 illis
1281 1050 1430 1092 divinis
1462 1050 1665 1100 consiliis,
1717 1052 1869 1106 quibus
1902 1063 2027 1104 saepe

257 1121 479 1161 constituta
521 1123 584 1160 est
620 1120 925 1171 imperatorum
967 1114 1169 1170 sapientia
1207 1113 1316 1155 salus
1355 1112 1531 1154 civitatis
1562 1119 1632 1154 aut
1660 1115 1760 1156 belli
1790 1120 1860 1156 aut
1889 1114 2025 1162 domi,

255 1182 386 1224 multo
415 1195 589 1237 magnus
619 1186 764 1222 orator
793 1182 979 1233 praestat
1007 1176 1176 1218 minutis
1206 1175 1544 1229 imperatoribus.
1569 1200 1624 1207 —
1654 1178 1706 1218 At
1734 1177 1906 1233 prodest
1935 1175 2029 1231 plus

205 1252 241 1279 1⁵
257 1246 500 1301 imperator.
533 1267 588 1275 —
618 1244 722 1293 Quis
751 1245 900 1296 negat?
932 1239 1014 1283 Sed
1033 1244 1171 1281 tamen
1192 1262 1247 1269 --
1267 1253 1353 1279 11011
1382 1243 1522 1280 11101110
1553 1253 1607 1280 110
1637 1241 1738 1281 1111111
1768 1240 2026 1288 acclametis;

256 1313 318 1350 est
356 1312 518 1357 autem,
573 1307 688 1363 quod
727 1305 900 1351 sentias,
947 1302 1112 1344 dicendi
1142 1302 1250 1343 liber
1278 1302 1396 1343 locus
1425 1317 1504 1343 -ε
1552 1301 1694 1343 111311111
1740 1301 1844 1344 1111111
1891 1301 2027 1343 Crassi

254 1386 379 1413 unam
408 1384 486 1427 pro
517 1372 587 1412 Μ’.
621 1369 746 1412 Curio
779 1367 1004 1409 dictionem
1034 1379 1158 1421 quam
1188 1364 1433 1406 castellanos
1463 1364 1696 1419 triumphos
1736 1366 1834 1407 duo.
1875 1387 1928 1394 -—
1977 1364 2030 1404 At

253 1434 346 1490 plus
384 1432 574 1476 interfuit
613 1432 677 1472 rei
715 1429 906 1486 publicae
947 1429 1164 1470 castellum
1206 1427 1296 1482 capi
1336 1428 1536 1481 Ligurum
1566 1441 1690 1483 quam
1722 1429 1831 1468 bene
1861 1425 2030 1468 defendi

255 1511 420 1539 causam
449 1495 518 1538 Μ’.
543 1493 674 1537 Curii.
700 1517 755 1524 -
785 1494 883 1534 257.
918 1489 1066 1535 Credo,
1126 1492 1208 1531 Sed
1237 1489 1552 1531 Atheniensium
1582 1503 1751 1546 quoque
1781 1489 1873 1545 plus
1902 1490 2031 1530 inter-

204 1566 241 1592 20
255 1562 333 1602 fuit
369 1559 490 1601 firma
525 1562 634 1600 tecta
672 1556 716 1597 in
757 1553 980 1597 domiciliis
1018 1551 1175 1594 babere
1213 1566 1337 1608 quam
1376 1551 1590 1595 Minervae
1621 1554 1785 1607 signum
1817 1565 1870 1593 ex
1900 1553 2030 1593 ebore

255 1622 604 1680 pulcherrimum;
649 1624 788 1660 tamen
828 1630 907 1677 ego
936 1630 1004 1658 me
1035 1615 1224 1657 Phidiam
1256 1629 1346 1656 esse
1377 1614 1542 1655 mallem
1573 1628 1696 1670 quam
1727 1615 1795 1657 vel
1825 1615 2029 1668 optimum

255 1687 422 1729 fabrum
463 1682 702 1738 tignarium.
766 1682 907 1730 Quare
952 1693 1059 1728 non,
1111 1682 1310 1733 quantum
1352 1679 1527 1733 quisque
1567 1677 1718 1732 prosit,
1769 1680 1842 1720 sed
1888 1675 2031 1732 quanti

256 1750 433 1806 quisque
470 1748 543 1796 sit,
590 1742 908 1802 ponderandum
948 1747 1032 1792 est;
1078 1741 1326 1796 praesertim
1368 1754 1460 1781 cum
1502 1740 1625 1794 pauci
1658 1740 1831 1796 pingere
1862 1741 2030 1795 egregie

254 1813 417 1869 possint
436 1816 508 1852 aut
527 1808 683 1863 fingere
697 1838 709 1857 ‚
742 1804 926 1860 operarii
946 1810 1084 1846 autem
1106 1809 1177 1845 aut
1192 1802 1319 1845 baiuli
1340 1806 1484 1844 deesse
1501 1817 1586 1843 non
1607 1805 1782 1857 possint.
1843 1805 2028 1846 LXXIV.

205 1881 241 1907 2⁵
257 1878 352 1919 258.
392 1877 474 1916 Sed
503 1887 657 1927 perge,
689 1871 915 1924 Pomponi,
951 1870 1002 1910 de
1035 1870 1208 1910 Caesare
1240 1874 1280 1909 et
1308 1868 1466 1914 redde,
1501 1879 1606 1920 quae
1636 1871 1809 1908 restant.

376 1940 521 1979 Solum
557 1936 748 1992 quidem,
795 1933 929 1989 inquit
964 1931 1059 1980 ille,
1108 1936 1148 1972 et
1185 1930 1304 1986 quasi
1333 1928 1647 1970 fundamentum
1678 1931 1858 1971 oratoris
1887 1929 2027 1980 vides,

256 2003 512 2046 locutionem
548 1999 809 2040 emendatam
851 2000 893 2036 et
935 1994 1150 2044 Latinam;
1195 1995 1311 2034 cuius
1347 2006 1475 2047 penes
1513 2005 1618 2047 quos
1647 1993 1737 2033 laus
1769 1994 1903 2034 adhuc
1930 1992 2028 2041 fuit,

257 2080 341 2108 non
381 2064 461 2105 fuit
500 2061 673 2103 rationis
713 2064 784 2101 aut
822 2057 1019 2100 scientiae
1068 2058 1141 2098 sed
1183 2056 1300 2109 quasi
1337 2054 1473 2096 bonae
1512 2054 1838 2097 consuetudinis.
1912 2055 2030 2098 Mitto

259 2130 303 2171 C.
327 2126 536 2174 Laelium,
582 2126 629 2165 P.
655 2123 918 2178 Scipionem:
970 2119 1116 2161 aetatis
1155 2118 1266 2160 illius
1304 2120 1381 2159 ista
1420 2116 1498 2158 fuit
1534 2116 1623 2158 laus
1668 2122 1880 2174 tamquam
1910 2119 2031 2160 inno-

208 2200 244 2226 30
259 2189 415 2232 00111130
446 2190 504 2230 510
535 2188 681 2229 Latine
710 2183 930 2239 loquendi:
974 2196 1049 2224 nec
1080 2182 1267 2222 omnium
1297 2185 1458 2230 tamen;
1512 2193 1608 2220 nam
1638 2178 1805 2222 illorum
1835 2179 2031 2235 aequales

260 2252 486 2296 Caecilium
527 2255 568 2292 et
604 2247 830 2290 Pacuvium
865 2246 973 2287 male
1011 2244 1173 2285 locutos
1210 2243 1414 2285 videmus.
1474 2243 1555 2283 Sed
1594 2256 1741 2284 omnes
1780 2247 1868 2284 tum
1912 2241 2029 2292 fere,

260 2314 331 2372 qui
361 2329 437 2355 nec
467 2317 583 2355 extra
621 2309 770 2352 urbem
809 2309 914 2350 hanc
953 2309 1145 2350 vixerant
1174 2319 1251 2347 1100
1281 2319 1353 2347 005
1384 2305 1523 2360 aliqua
1552 2302 1770 2347 barbaries
1800 2304 2030 2350 domestica

258 2377 561 2424 infuscaverat,
593 2379 707 2416 recte
736 2373 1027 2428 loquebantur.
1087 2368 1170 2410 Sed
1198 2371 1306 2410 hanc
1329 2374 1441 2410 certe
1462 2382 1552 2409 rem
1574 2369 1827 2411 deteriorem
1847 2374 2030 2412 vetustas

258 2439 359 2482 fecit
388 2445 428 2481 et
456 2441 613 2480 Romae
644 2442 684 2478 et
712 2436 756 2478 in
787 2434 973 2478 Graecia.
1036 2434 1337 2474 Confluxerunt
1367 2431 1477 2473 enim
1508 2435 1549 2472 et
1577 2432 1761 2473 Athenas
1792 2437 1833 2473 et
1860 2431 1905 2474 in
1924 2434 2031 2474 hanc

213 2513 247 2541 35
261 2506 410 2546 urbem
450 2502 569 2544 multi
607 2500 820 2555 inquinate
856 2498 1074 2552 loquentes
1113 2510 1165 2537 ex
1202 2496 1378 2538 diversis
1412 2493 1531 2535 locis.
1594 2495 1687 2544 Quo
1718 2494 1849 2549 magis
1880 2508 2033 2550 expur-

262 2568 421 2623 gandus
452 2570 515 2607 est
544 2576 681 2606 sermo
713 2569 753 2604 et
782 2559 1016 2603 adhibenda
1047 2564 1256 2614 tamquam
1287 2559 1464 2600 obrussa
1482 2558 1615 2606 ratio,
1648 2571 1754 2612 quae
1774 2557 1928 2599 mutari
1946 2570 2033 2599 non

261 2634 423 2686 potest,
469 2642 546 2669 nec
584 2624 783 2669 utendum
822 2624 1069 2679 pravissima
1099 2619 1407 2663 consuetudinis
1442 2619 1600 2673 regula.
1660 2622 1757 2661 259.
1802 2622 1850 2661 T.
1881 2619 2032 2661 Flami-

262 2693 432 2741 ninum,
479 2691 551 2746 qui
579 2703 672 2731 cum
705 2689 759 2740 Q.
784 2686 962 2728 Metello
994 2683 1139 2726 consul
1167 2683 1266 2733 fuit,
1299 2684 1418 2738 pueri
1447 2682 1641 2725 vidimus.
1701 2681 2031 2724 Existimabatur

263 2757 372 2796 bene
413 2753 580 2802 Latine,
634 2750 707 2792 sed
745 2751 902 2791 litteras
942 2745 1167 2789 nesciebat.
1230 2748 1398 2788 Catulus
1436 2750 1525 2787 erat
1559 2745 1629 2786 ille
1661 2745 1830 2800 quidem
1860 2745 2031 2787 minime

215 2827 250 2854 ¹³0
265 2817 481 2866 indoctus,
528 2820 574 2857 ut
612 2828 637 2856 a
674 2819 714 2855 te
752 2812 890 2869 paullo
922 2817 983 2852 est
1013 2815 1107 2852 ante
1140 2810 1316 2851 dictum:
1363 2807 1440 2851 sed
1468 2815 1605 2850 tamen
1633 2808 1814 2852 suavitas
1843 2807 1958 2852 vocis
1989 2812 2031 2851 01

359 3018 394 3051 4.
422 3026 499 3050 cum
525 3013 667 3048 Graecis
693 3023 711 3047 e
738 3014 840 3055 gloss.
867 3013 911 3045 D.
938 3013 1000 3054 Lg.
1029 3013 1063 3045 8.
1091 3013 1148 3045 51.
1176 3011 1233 3045 53.
1262 3011 1409 3051 aliisque
1436 3013 1591 3050 septem,
1620 3008 1687 3042 Gu.
1716 3011 1749 3043 1.
1776 3011 1811 3044 2.
1837 3010 1961 3044 Dresd.
1981 3011 2026 3051 R,

269 3065 384 3098 Peter.
408 3082 445 3088 -
473 3065 508 3096 5.
534 3068 705 3095 nantuac
722 3077 735 3083 —
752 3078 767 3085 ·
790 3061 1059 3101 supplicationi,
1085 3060 1144 3092 sed
1170 3060 1321 3091 Ernestii
1346 3054 1533 3098 suspicio.)
1561 3075 1599 3080 —
1627 3058 1662 3090 6.
1688 3066 1760 3090 non
1783 3058 1893 3090 solum
1908 3059 1966 3090 sed
1983 3059 2027 3090 D.

270 3113 332 3152 Lg.
351 3113 407 3143 20.
436 3111 505 3143 Gu.
525 3111 558 3142 1.
579 3111 612 3141 2.
640 3109 767 3141 Dresd.
817 3109 862 3140 Ut
886 3116 970 3145 nos,
998 3109 1103 3139 ceteri
1131 3109 1165 3138 et
1189 3106 1242 3144 R,
1271 3105 1313 3137 de
1340 3113 1409 3144 qua
1437 3108 1528 3136 errat
1552 3104 1703 3137 Ellendt.
1731 3122 1774 3128 —
1800 3106 1855 3137 14.
1882 3113 2030 3145 maynus

271 3158 334 3198 Lg.
361 3166 500 3196 omnes,
532 3157 622 3190 Ven.
644 3157 677 3188 1.
706 3154 826 3188 Ottob.
854 3155 904 3186 R:
931 3156 1047 3194 magiis
1073 3161 1152 3185 cum
1179 3152 1244 3184 Gu.
1266 3153 1299 3184 1.
1329 3156 1363 3184 et
1388 3151 1557 3184 Ascensio
1587 3152 1628 3183 E.
1658 3169 1696 3175 —
1740 3150 1796 3183 16.
1824 3152 1942 3184 Crassi
1965 3152 2027 3193 Lg.

273 3212 405 3242 omnes,
432 3205 521 3237 Ven.
540 3205 574 3235 1.
595 3203 738 3236 Ottob.:
764 3201 804 3233 L.
826 3202 942 3234 Crassi
957 3201 1030 3232 RE.
1050 3217 1094 3222 —-
1121 3199 1178 3232 17.
1208 3199 1275 3230 duo
1300 3198 1360 3239 Lg.
1389 3208 1511 3231 omnes
1537 3196 1689 3239 (praeter
1707 3197 1765 3230 20.
1785 3196 1859 3238 35.)
1886 3198 1974 3230 Ven.
1992 3200 2026 3231 1.

271 3252 352 3283 Vat.
381 3250 446 3281 Gu.
475 3253 513 3282 1:
542 3251 627 3282 duos
647 3258 725 3282 cum
751 3249 828 3281 aliis
853 3248 926 3280 RE.
954 3265 996 3270 —
1021 3247 1079 3279 27.
1109 3247 1334 3278 elocutionem
1359 3245 1401 3276 D.
1424 3245 1490 3277 Gu.
1511 3245 1545 3277 1.
1564 3246 1598 3276 2.
1618 3245 1745 3278 Dresd.
1771 3245 1823 3284 R,
1848 3244 1964 3277 Peter.
1987 3263 2025 3270 -

272 3298 329 3331 32.
357 3297 524 3329 barbaria
549 3297 610 3338 Lg.
637 3297 694 3329 35.
721 3296 811 3329 Ven.
840 3295 874 3326 2.
903 3295 945 3327 R.
972 3292 1156 3335 (barbaria
1180 3293 1218 3324 in
1243 3293 1429 3324 domestica
1453 3289 1511 3331 R.)
1538 3310 1581 3316 —
1615 3291 1672 3325 36.
1699 3288 1893 3334 tamquam]
1919 3301 2029 3335 quan-

272 3349 346 3378 tum
371 3343 448 3376 libri
476 3347 510 3375 ct
535 3343 592 3383 R,
619 3352 723 3384 quam
749 3342 839 3375 Edd.
868 3342 951 3383 aliq.
979 3345 1062 3376 vett.
1091 3340 1248 3374 Correxit
1272 3339 1465 3373 Manutius.
