2117 3762
696 276 793 316 LIB.
827 275 899 315 111.
962 277 1005 318 C.
1040 277 1105 318 43.
1134 277 1201 321 M.
1230 278 1299 319 45.
1795 277 1874 320 327

126 380 235 432 Quid
265 384 390 435 ergo?
439 383 515 423 iste
547 381 737 429 Crassus,
784 382 976 436 quoniam
1009 383 1095 423 eius
1125 381 1307 425 abuteris
1345 382 1535 431 nomine.
1581 381 1680 436 quid
1721 383 1872 428 efficit?

123 445 232 486 idem
271 443 370 486 illud
407 445 583 490 scilicet,
633 449 678 485 ut
715 443 781 485 ille
823 443 907 484 vult
938 450 978 483 et
1008 458 1085 496 ego
1124 445 1270 488 vellem
1313 447 1459 488 melius
1499 444 1707 500 aliquanto
1748 461 1870 501 quam

122 506 333 548 Albucius.
395 508 544 548 Verum
575 505 617 546 in
647 518 712 545 me
744 504 909 559 quidem
936 505 1030 547 lusit
1051 506 1141 555 ille,
1175 514 1218 549 ut
1239 509 1358 549 solet.
1423 510 1515 549 172.
1550 507 1632 549 Sed
1653 514 1873 550 esttamen

121 571 221 611 haec
261 569 477 612 collocatio
517 567 798 609 conservanda
837 567 1081 618 verborum,
1134 572 1184 610 de
1215 584 1295 625 qua
1325 572 1505 624 loquor;
1558 584 1662 626 quae
1693 570 1873 613 iunctam

121 632 351 674 orationem
397 632 541 679 efficit,
588 643 691 685 quae
737 633 1048 679 cohaerentem,
1097 646 1202 686 quae
1243 632 1403 680 lenem,
1455 646 1561 686 quae
1603 633 1905 688 aequabiliters

121 693 331 736 fluentem.
392 694 438 736 Id
466 693 764 749 assequemini,
798 694 831 735 si
854 693 977 735 verba
1009 700 1196 736 extrema
1227 708 1321 736 cuin
1354 696 1701 749 consequentibus
1731 695 1875 750 primis

120 759 177 799 ita
206 759 404 811 iungetis,
435 762 479 797 ut
508 768 612 796 neve
642 769 787 808 aspere
818 762 1064 797 concurrant
1093 768 1196 797 neve
1228 754 1381 797 vastius
1412 755 1671 799 diducantur.
1731 759 1876 801 XLIV.

124 823 217 861 173.
264 822 380 861 Hanc
423 817 677 871 diligentiam
716 818 982 872 subsequitur
1021 817 1169 859 modus
1211 818 1334 858 etiam
1375 823 1414 859 et
1454 818 1589 860 forma
1629 817 1873 870 verborum,

121 881 233 939 quod
270 882 352 922 iam
383 893 549 927 vereor,
599 894 649 921 ne
693 880 787 922 huic
829 882 972 922 Catulo
1012 880 1200 922 iideatur
1230 893 1321 920 esse
1352 880 1523 934 puerile.
1583 883 1736 924 Versus
1767 882 1875 924 enim

120 951 282 987 veteres
313 943 370 984 illi
400 944 441 984 in
472 944 547 983 hac
578 943 710 984 soluta
741 944 930 984 oratione
961 944 1285 997 propemodum,
1318 945 1395 983 hoc
1419 949 1502 990 est,
1534 958 1729 986 numeros
1751 958 1924 1001 quos-10

120 1006 238 1055 dam,
289 1004 407 1047 nobis
452 1019 541 1046 esse
585 1005 843 1047 adhibendos
891 1012 1149 1060 putaverunt.
1218 1005 1568 1058 Interspirationis
1610 1009 1740 1055 enim,
1789 1022 1874 1050 non

119 1068 422 1122 defatigationis
460 1074 624 1109 nostrae
660 1082 794 1122 neque
835 1067 1099 1109 librariorum
1134 1066 1241 1108 notis
1281 1068 1353 1107 sed
1390 1070 1611 1109 verborum
1642 1075 1684 1110 et
1712 1074 1875 1111 senten-

119 1130 267 1172 tiarum
298 1131 421 1171 modo
453 1130 732 1186 interpunctas
762 1131 962 1171 clausulas
993 1129 1033 1171 in
1064 1126 1321 1171 orationibus
1353 1142 1442 1170 esse
1471 1129 1714 1181 voluerunt3
1746 1130 1870 1186 idque

117 1195 312 1248 princeps
342 1195 542 1234 Isocrates
573 1193 796 1234 instituisse
827 1192 986 1240 fertur,
1036 1197 1081 1232 ut
1117 1190 1372 1232 inconditam
1410 1192 1675 1248 antiquorum
1713 1193 1875 1235 dicendi

118 1257 457 1296 consuetudinem
498 1254 781 1296 delectationis
811 1260 934 1324 atque
965 1254 1128 1295 aurium
1161 1267 1310 1302 causa,
1353 1255 1703 1308 quemadmodum
1732 1255 1923 1298 scribit2s

118 1317 344 1372 discipulus
375 1319 462 1358 eius
492 1320 738 1366 Naucrates,
771 1317 954 1359 numeris
985 1317 1272 1372 adstringeret.
1337 1320 1430 1359 174.
1465 1320 1650 1373 Namque
1669 1322 1769 1360 haee
1791 1322 1873 1361 duo

118 1379 281 1426 musici,
314 1379 385 1433 qui
416 1385 533 1421 erant
563 1379 770 1436 quondam
801 1379 935 1421 eidem
965 1385 1135 1435 po'etae,
1143 1349 1388 1421 Dmachinati
1419 1379 1471 1422 ad
1492 1381 1745 1436 voluptatem
1767 1388 1874 1430 sunt,

117 1456 283 1484 versum
315 1449 436 1498 atque
467 1449 654 1491 cantum,
689 1447 731 1483 ut
759 1447 799 1483 et
829 1441 1052 1483 verborum
1083 1455 1257 1483 numero
1291 1448 1332 1483 et
1362 1456 1512 1485 vocum
1541 1443 1666 1486 modo
1697 1446 1873 1486 delecta-

118 1505 230 1548 tione
261 1504 472 1546 vincerent
501 1473 663 1546 aurium
694 1505 939 1546 satietatem.
1001 1505 1114 1545 llaec
1143 1503 1269 1558 igitur
1299 1506 1406 1554 duo,
1454 1505 1570 1547 vocis
1608 1505 1700 1548 dico
1732 1509 1876 1549 mode-

118 1568 319 1610 rationem
351 1573 392 1608 et
421 1570 646 1609 verborum
677 1566 1008 1615 conclusionem,
1040 1569 1177 1621 quoad
1207 1566 1407 1608 orationis
1437 1569 1633 1610 severitas
1663 1570 1748 1624 pati
1779 1583 1875 1622 pos·
1888 1585 1924 1610 20

118 1635 204 1679 set,
251 1644 275 1670 a
304 1630 467 1683 po'etiea
497 1629 548 1672 ad
579 1630 858 1685 eloquentiam
890 1628 1141 1670 traducenda
1171 1627 1396 1670 duxerunt.
1461 1632 1553 1674 175.
1585 1632 1631 1672 In
1662 1644 1744 1685 quo
1774 1631 1875 1674 illud

118 1699 180 1735 est
210 1695 275 1735 vel
305 1694 551 1740 maximum,
583 1695 694 1749 quod
721 1706 868 1734 versus
898 1693 941 1733 in
972 1691 1159 1733 oratione
1189 1690 1223 1732 si
1256 1690 1433 1733 efficitur
1464 1693 1752 1736 coniunctione
1784 1708 1874 1736 ver-

117 1754 286 1803 borum,
329 1755 473 1796 vitium
513 1761 594 1804 est3
648 1760 688 1796 et
724 1761 861 1796 tamen
892 1768 983 1796 eam
1014 1753 1352 1795 coniunctionem
1384 1754 1504 1796 sicuti
1534 1769 1700 1797 versum
1731 1771 1875 1799 nume-

117 1831 212 1859 rose
250 1820 397 1859 cadere
437 1823 478 1859 et
516 1816 719 1873 quadrare
763 1823 803 1858 et
841 1816 986 1870 perlici
1026 1816 1231 1858 volumus.
1292 1819 1436 1872 Neque
1467 1823 1611 1860 estex
1640 1819 1777 1861 multis
1807 1833 1874 1862 res

116 1893 219 1928 una,
267 1894 372 1934 quae
414 1883 544 1933 magis
583 1886 792 1921 oratorem
829 1881 880 1920 ab
920 1879 1114 1933 imperito
1153 1877 1315 1920 dicendi
1360 1881 1588 1935 ignaroque
1632 1880 1924 1936 distinguat,2⁵

116 1955 238 1996 quam
279 1941 391 1996 quod
428 1942 496 1983 ille
538 1942 654 1982 rudis
694 1941 903 1983 incondite
935 1941 1092 1989 fundit,
1145 1947 1342 1995 quantum
1371 1947 1528 1996 potest,
1579 1949 1618 1985 et
1646 1943 1710 1991 id,
1763 1947 1874 1999 quod

117 2004 239 2053 dicit,
271 2004 443 2058 spiritu,
477 2017 559 2044 non
591 2010 694 2051 arte,
736 2003 1003 2051 determinat,
1046 2008 1186 2043 orator
1216 2009 1354 2044 autem
1383 2005 1440 2045 sic
1470 2004 1601 2059 illigat
1630 2006 1874 2048 sententiam

115 2068 277 2115 verbis,
326 2072 372 2108 ut
410 2080 500 2107 eam
541 2080 715 2107 numero
762 2068 941 2120 quodam
988 2065 1280 2120 complectatur
1321 2071 1361 2107 et
1401 2066 1596 2108 adstricto
1639 2073 1679 2109 et
1718 2070 1869 2111 soluto.

119 2131 212 2170 176.
258 2131 362 2170 Nam
400 2143 494 2170 cum
532 2128 663 2169 vinxit
700 2129 835 2170 modis
876 2135 916 2170 et
950 2127 1107 2176 forma,
1156 2128 1311 2170 relaxat
1341 2133 1380 2170 et
1408 2129 1557 2172 liberat
1585 2132 1872 2174 immutatione

117 2190 296 2240 ordinis,
338 2196 382 2232 ut
411 2190 539 2232 verba
567 2205 702 2246 neque
734 2191 898 2246 alligata
929 2191 1009 2233 sint
1039 2190 1157 2246 quasi
1187 2197 1302 2232 certa
1332 2191 1469 2247 aliqua
1500 2192 1591 2248 lege
1623 2208 1770 2235 versus
1801 2208 1873 2236 ne·
1886 2207 1921 2233 ³0

117 2267 198 2310 que
227 2253 284 2294 ita
313 2256 468 2302 soluta,
498 2259 544 2294 ut
573 2259 783 2307 vagentur.
841 2256 965 2296 XLV.
1001 2255 1192 2304 Quonam
1221 2253 1349 2307 igitur
1378 2257 1502 2296 modo
1536 2262 1692 2298 tantum
1725 2271 1872 2298 munus

115 2316 372 2364 insistemus,
422 2322 467 2357 ut
509 2315 761 2358 arbitremur
804 2330 879 2358 nos
924 2318 1031 2358 hanc
1077 2318 1160 2359 vim
1204 2330 1426 2359 numerose
1469 2318 1632 2359 dicendi
1672 2319 1872 2374 consequi

116 2381 268 2434 posse?
314 2380 407 2420 Non
438 2384 499 2420 est
529 2392 595 2419 res
627 2385 709 2419 tam
740 2377 919 2420 difficilis
951 2393 1074 2434 quam
1104 2381 1354 2420 necessaria.
1417 2381 1528 2421 Nihil
1559 2387 1620 2422 est
1649 2381 1758 2423 enim
1790 2388 1871 2423 tam

116 2448 305 2483 tenerum
337 2455 472 2496 neque
505 2447 585 2483 tam
615 2440 795 2482 flexibile
827 2455 961 2496 neque
992 2441 1104 2497 quod
1134 2448 1216 2483 tam
1238 2442 1358 2483 facile
1379 2448 1593 2498 sequatur,
1625 2457 1869 2499 quocunque

117 2506 262 2551 ducas,
310 2517 434 2558 quam
465 2503 614 2545 oratio.
678 2506 771 2544 177.
818 2506 883 2545 Ex
913 2504 988 2545 hac
1018 2518 1184 2552 versuS‚
1235 2519 1289 2546 ex
1321 2507 1464 2546 eadem
1496 2505 1680 2559 dispares
1709 2508 1870 2548 numeri
1884 2517 1918 2544 ³⁵

116 2566 410 2617 conficiuntur3
455 2581 508 2607 ex
540 2568 617 2606 hac
645 2567 749 2607 haec
779 2567 901 2608 etiam
932 2569 1064 2609 soluta
1094 2567 1218 2609 variis
1247 2569 1381 2609 modis
1411 2568 1717 2624 multorumque
1748 2582 1871 2623 gene-

115 2642 210 2671 rum
249 2631 400 2671 oratio.
461 2631 551 2671 Non
593 2629 702 2671 enim
742 2635 836 2671 sunt
881 2629 959 2671 alia
1003 2631 1230 2680 sermonis,
1282 2630 1360 2672 alia
1399 2631 1671 2672 contentionis
1715 2629 1866 2680 verba;

117 2705 253 2747 neque
284 2705 335 2733 ex
365 2692 445 2733 alio
479 2705 632 2746 genere
663 2694 715 2733 ad
746 2706 864 2734 usum
896 2693 1209 2747 quotidianum,
1257 2692 1337 2733 alio
1379 2696 1430 2734 ad
1467 2706 1629 2734 scenam
1660 2705 1871 2747 pompam-

210 2802 243 2832 1.
270 2801 419 2842 efficitur
437 2801 479 2833 R.
503 2818 542 2824 —
569 2803 602 2832 2.
631 2802 722 2833 idem
746 2802 848 2841 illud]
876 2802 963 2833 illud
987 2803 1122 2843 quidem
1140 2803 1212 2834 ΑΒ.
1239 2809 1282 2824 -’-
1307 2803 1381 2835 vult
1407 2804 1465 2834 ΑΒ
1490 2803 1640 2843 aliique:
1667 2802 1776 2834 voluit
1794 2802 1867 2834 RE.

120 2864 160 2870 —
187 2848 220 2879 5.
248 2847 350 2879 levem
375 2848 415 2879 R.
447 2865 485 2870 —
512 2849 545 2880 6.
574 2850 614 2879 ld
640 2858 707 2880 om.
735 2850 807 2880 ΑΒ.
836 2865 874 2870 -
901 2849 1008 2879 verba
1034 2859 1102 2881 om.
1135 2850 1207 2881 ΑΒ.
1238 2866 1274 2872 -
1302 2850 1337 2881 7.
1368 2849 1646 2890 iungentur-AB.
1669 2865 1705 2870 —
1733 2854 1769 2879 ut
1786 2857 1870 2880 neve

118 2895 178 2926 ΑΒ
196 2895 349 2934 aliique,
376 2895 431 2926 R:
456 2900 497 2926 ut
520 2904 562 2927 ne
588 2896 626 2927 E.
647 2912 688 2917 —
715 2905 755 2927 ne
779 2896 913 2926 vastius
932 2896 1002 2926 ΑΒ.
1033 2911 1072 2917 -
1100 2896 1318 2928 deducantur
1336 2897 1408 2933 AB,
1429 2897 1468 2927 R.
1498 2911 1540 2918 —
1566 2896 1622 2926 10.
1650 2891 1724 2934 hoc]
1750 2895 1809 2926 Ιιοε
1828 2896 1866 2929 Β.

120 2940 185 2982 (De
211 2942 238 2972 A
264 2950 331 2972 non
359 2940 498 2981 liquet.)
523 2958 565 2963 —
592 2947 640 2974 est
667 2951 734 2974 om-
762 2942 833 2973 ΑΒ.
861 2958 897 2963 -
930 2943 985 2972 11.
1014 2944 1103 2973 enim
1128 2952 1196 2974 om.
1216 2944 1288 2974 AB.
1312 2960 1349 2966 -
1381 2943 1434 2974 12.
1463 2941 1701 2982 librariorum]
1730 2941 1869 2973 liberio-

119 2996 198 3019 rum
222 2988 275 3022 A.
303 2987 386 3018 liber
412 2996 529 3019 eorum
555 2989 594 3020 Β.
632 3005 670 3011 ..,-
715 2989 771 3020 15.
799 2996 888 3030 quae
913 2988 1101 3020 admodum
1126 2990 1168 3021 A.
1209 3005 1255 3012 -—
1300 2990 1356 3020 17.
1382 2989 1490 3020 eidem
1514 2988 1623 3019 Codd.
1652 2988 1722 3020 aL:
1765 2988 1869 3020 iidem

119 3033 206 3075 (AB)
235 3034 305 3065 ΒΕ.
334 3050 374 3055 -
402 3034 456 3065 18.
483 3043 643 3067 versuum
666 3040 768 3075 acque
793 3040 957 3066 cantuum
976 3035 1015 3066 R.
1041 3052 1076 3058 —
1105 3039 1136 3066 et
1161 3041 1241 3068 ante
1266 3037 1446 3067 verborum
1471 3042 1539 3066 om.
1560 3034 1631 3068 AB,
1652 3034 1693 3066 R.
1718 3050 1757 3057 —
1783 3035 1869 3067 dele-

120 3082 270 3114 ctatione
295 3080 434 3112 seclusit
468 3081 505 3112 E.
544 3098 586 3103 —
629 3083 684 3114 20.
710 3087 825 3121 posset
851 3082 908 3112 AB
935 3082 1088 3120 aliique:
1128 3084 1237 3122 possit
1262 3083 1334 3113 RE.
1373 3097 1419 3104 —-
1458 3082 1514 3111 21.
1542 3081 1793 3113 traducendam
1818 3083 1866 3120 B,

120 3127 339 3160 traducenda
365 3134 433 3158 esse
450 3126 492 3158 R.
515 3144 549 3150 —
581 3128 743 3160 dixerunt
763 3129 801 3159 B.
825 3145 863 3150 —
893 3128 948 3158 22.
979 3128 1030 3158 vel
1055 3137 1123 3159 om.
1150 3130 1193 3168 Α,
1213 3129 1253 3160 Τ.
1284 3144 1320 3150 -
1349 3125 1436 3166 eam]
1463 3128 1565 3158 eciam
1589 3128 1660 3165 ΑΒ,
1679 3128 1719 3159 Β.
1745 3144 1778 3150 -
1807 3128 1864 3160 24.

120 3172 253 3214 cadere]
285 3173 400 3205 sedere
427 3173 498 3211 ΑΒ,
518 3174 558 3205 Β.
581 3191 619 3197 ——
644 3176 806 3216 perficere
831 3175 872 3206 R.
901 3191 939 3196 —
966 3178 1013 3205 est
1039 3183 1106 3206 om.
1126 3175 1197 3206 ΑΒ.
1220 3192 1257 3198 -
1286 3174 1342 3205 26.
1369 3177 1538 3214 quantum
1558 3178 1672 3213 potest
1698 3183 1766 3206 om.
1792 3175 1865 3206 AB.

122 3237 162 3245 —
193 3220 249 3252 29.
275 3221 391 3251 iuna-it
417 3219 460 3250 R.
489 3235 532 3242 —
556 3219 671 3259 forma
696 3224 727 3251 ct
750 3222 859 3252 modis
883 3222 932 3258 A,
965 3221 1098 3252 modis:
1123 3220 1239 3261 forma
1264 3224 1295 3252 et
1321 3221 1457 3252 relaxat
1483 3220 1525 3252 R.
1554 3237 1595 3243 —-
1637 3221 1693 3252 30.
1721 3221 1868 3263 alliyata

119 3283 134 3290 -
157 3285 172 3290 -
195 3276 302 3308 neque
329 3275 397 3298 om.
426 3266 466 3298 B.
495 3282 534 3288 —
562 3266 618 3298 31.
645 3265 772 3307 soluta]
796 3268 910 3298 solvat
936 3267 975 3298 B.
1006 3283 1042 3289 -
1085 3271 1223 3298 tantum
1248 3276 1316 3298 om.
1343 3267 1415 3298 AB.
1452 3282 1486 3288 —
1531 3266 1587 3298 32.
1614 3276 1775 3299 numeros
1800 3268 1867 3299 eda·-

120 3313 218 3348 cendi
237 3314 274 3345 B.
305 3330 342 3336 —
369 3313 531 3353 consequi
553 3322 651 3353 posse
676 3314 811 3344 dicendi
830 3316 871 3345 R.
894 3329 932 3336 —
960 3313 1014 3345 33.
1042 3317 1115 3344 tam
1138 3314 1334 3346 necessaria
1351 3314 1423 3345 AB.
1446 3331 1482 3338 -
1511 3313 1568 3346 35.
1595 3321 1638 3346 ex
1661 3315 1725 3347 Ιιαο
1751 3313 1866 3346 eadem

120 3360 161 3394 Β.
189 3376 232 3383 —
257 3359 314 3394 36.
341 3360 421 3393 haec
446 3368 516 3393 om.
542 3360 614 3391 ΑΒ.
644 3376 683 3382 -
710 3359 766 3392 37.
793 3363 872 3392 sunt
899 3369 966 3392 om.
995 3359 1039 3392 R.
1068 3376 1108 3383 —
1133 3359 1190 3393 38.
1219 3360 1435 3393 cotidianum
1458 3359 1499 3393 B.
