2117 3762
710 294 751 336 C.
782 295 848 334 70.
880 295 948 334 71.
982 294 1049 334 72.
1083 293 1150 333 73.
1725 291 1805 332 385

52 399 228 443 similem
251 403 336 442 tui?
367 403 450 442 Nae
474 413 573 454 ege,
608 399 801 454 inquam,
835 400 866 439 si
900 399 953 440 ita
984 405 1068 447 est,
1101 397 1226 440 velim
1259 395 1332 438 tibi
1365 408 1459 438 eum
1489 394 1653 450 placere
1683 410 1804 452 quam

52 465 246 504 maxime.
308 463 431 518 Atqui
465 470 505 503 et
536 463 591 502 ita
621 467 705 509 est,
740 461 893 516 inquit,
928 468 968 502 ct
997 464 1263 502 veliementer
1294 459 1447 515 placet:
1480 473 1557 498 nec
1588 472 1685 499 vero
1719 460 1805 499 sine

55 540 190 567 causa.
252 529 354 567 Nam
387 532 426 566 et
456 523 598 565 didicit
619 531 681 571 et,
717 525 879 564 omissis
911 523 1057 564 ceteris
1088 523 1256 571 studiis,
1289 535 1417 563 unum
1448 522 1489 562 id
1522 522 1605 575 egit
1635 534 1808 576 seseque

55 588 306 643 quotidianis
343 585 760 629 commentationibus
800 587 1000 628 acerrime
1040 585 1242 628 exercuit.
1305 587 1400 626 250.
1450 586 1592 639 Itaque
1624 589 1664 624 et
1693 583 1809 624 lectis

52 653 183 692 utitur
223 652 360 692 verbis
401 657 441 691 et
478 650 764 703 frequentibus
804 657 844 691 ct
881 649 1101 705 splendore
1138 648 1252 689 vocis
1292 653 1332 687 et
1371 648 1569 699 dignitate
1600 651 1736 687 motus
1767 645 1837 686 lits

53 714 286 769 speciosum
319 719 359 754 et
387 712 570 760 illustre,
604 714 714 765 quod
747 711 918 760 dicitur;
963 712 1182 765 omniaque
1213 712 1271 751 sic
1303 715 1545 765 suppetunt,
1576 715 1620 750 ut
1651 709 1688 750 ci
1720 708 1811 749 nul-

54 777 134 816 lam
168 778 313 817 deesse
342 774 534 816 virtutem
567 773 744 814 oratoris
775 781 934 829 putem;
968 775 1229 827 maximeque
1258 773 1486 813 laudandus
1517 777 1596 820 est,
1628 772 1698 827 qui
1729 772 1810 812 hoc

53 845 241 895 tempore
271 839 385 891 ipso,
426 850 518 878 cum
551 836 699 884 liceat,
742 836 782 877 iu
815 839 894 877 boc
923 835 1132 877 communi
1163 839 1307 876 nostro
1338 839 1378 875 et
1408 834 1526 889 quasi
1555 835 1669 875 satali
1700 834 1809 874 malo

56 901 295 943 consoletur
323 912 368 941 se
397 912 490 940 cum
521 898 773 940 conscientia
803 899 984 954 optimae
1017 897 1184 945 mentis,
1216 903 1302 938 tum
1334 897 1453 938 etiam
1482 896 1750 952 usurpatione
1772 901 1814 937 et

57 962 326 1005 renovatione
357 960 582 1005 doctrinae.
642 961 737 1004 Vidi
768 963 878 1002 enim
908 960 1116 1018 Mytilenis
1147 973 1284 1013 nuper
1303 958 1438 1000 virum
1459 964 1610 1014 atque,
1641 965 1686 1000 ut
1709 957 1862 1008 dixi‚10

55 1025 139 1067 vidi
168 1026 287 1081 plane
319 1025 468 1065 virum.
530 1027 672 1078 ltaque
714 1037 806 1064 cum
846 1036 939 1064 eum
971 1028 1091 1064 antea
1121 1023 1180 1063 tui
1211 1021 1388 1063 similem
1421 1023 1462 1062 in
1493 1023 1669 1063 dicendo
1699 1020 1814 1063 vide-

53 1088 152 1134 rim,
183 1093 268 1128 tum
299 1099 398 1128 vero
429 1101 537 1128 nunc
568 1101 591 1128 a
622 1085 862 1127 doctissimo
892 1086 985 1127 viro
1016 1085 1198 1138 tibique,
1233 1089 1277 1125 ut
1305 1082 1515 1132 intellexi,
1548 1083 1813 1132 amicissimo,

55 1148 250 1205 Cratippo
294 1150 538 1189 instructum
579 1150 691 1190 omni
734 1147 852 1203 copia
891 1148 1022 1188 multo
1052 1145 1244 1188 videbam
1274 1145 1534 1187 similiorem.
1595 1148 1691 1186 251.
1738 1148 1816 1188 Hic

53 1226 151 1267 ego.
183 1213 290 1259 Etsi,
322 1213 515 1266 inquam,
550 1211 601 1253 de
624 1210 771 1266 optimi
794 1209 871 1251 viri
900 1208 1105 1263 nobisque
1136 1209 1374 1249 amicissimi
1405 1207 1596 1249 laudibus
1625 1207 1816 1250 lubenter

53 1274 198 1325 audio,
251 1281 387 1316 tamen
427 1277 595 1317 incurro
635 1277 675 1316 in
716 1276 961 1316 memoriam
992 1273 1273 1314 communium
1306 1272 1590 1320 miseriarum,
1638 1282 1863 1325 quarum1⁵

53 1336 306 1379 oblivionem
349 1352 554 1392 quaerens
594 1340 704 1380 hunc
746 1339 879 1393 ipsum
919 1348 1154 1378 sermonem
1194 1333 1376 1389 produxi
1412 1333 1590 1388 longius.
1653 1335 1732 1374 Sed
1763 1332 1814 1375 de

54 1400 228 1441 Caesare
271 1402 394 1453 cupio
433 1401 600 1449 audire,
649 1401 748 1455 quid
790 1401 956 1440 tandem
994 1399 1156 1439 Atticus
1195 1395 1366 1438 iudicet.
1427 1398 1596 1437 LXXII.
1646 1398 1698 1436 Et
1726 1395 1814 1444 ille,

52 1463 292 1511 Praeclare,
325 1464 480 1518 inquit,
515 1462 589 1504 tibi
620 1467 805 1510 constas,
835 1467 881 1503 ut
911 1461 961 1503 de
992 1460 1067 1509 iis,
1101 1460 1172 1514 qui
1204 1473 1311 1500 nunc
1340 1459 1441 1506 sint,
1473 1457 1574 1499 nibil
1604 1457 1705 1498 velis
1726 1459 1816 1511 ipse

54 1523 218 1566 dicere:
269 1531 310 1566 et
339 1525 508 1566 hercule
540 1525 572 1566 si
611 1526 668 1566 sic
699 1538 864 1580 ageres,
896 1529 940 1565 ut
970 1524 1021 1564 de
1050 1522 1100 1563 iis
1134 1521 1272 1576 egisti,
1304 1522 1374 1576 qui
1398 1522 1478 1561 iam
1513 1522 1666 1562 mortui
1696 1526 1814 1570 sunt,

54 1589 261 1629 neminem
291 1593 336 1628 ut
363 1587 739 1641 praetermitteres,
773 1600 850 1628 nae
877 1592 919 1628 tu
951 1587 994 1627 in
1025 1584 1178 1626 multos
1213 1584 1437 1625 Autronios
1465 1588 1506 1624 et
1542 1583 1728 1625 Staienos
1755 1583 1817 1625 in-
1830 1594 1866 1620 20

54 1663 256 1692 curreres.
319 1652 457 1700 Quare
487 1650 573 1692 sive
608 1653 712 1691 hanc
739 1648 900 1691 turbam
930 1647 1114 1702 effugere
1140 1645 1310 1688 voluisti
1347 1647 1433 1687 sive
1465 1647 1621 1688 veritus
1658 1660 1725 1696 es,
1762 1660 1816 1688 ne

55 1713 147 1768 quis
179 1726 222 1753 se
253 1718 323 1753 aut
353 1713 619 1768 praeteritum
652 1720 722 1755 aut
752 1728 835 1755 non
865 1712 962 1755 satis
1000 1711 1211 1752 laudatum
1252 1709 1370 1764 queri
1413 1713 1575 1764 posset,
1626 1707 1677 1750 de
1718 1710 1819 1752 Cae-

55 1789 146 1816 sare
184 1781 320 1816 tamen
357 1778 527 1830 potuisti
568 1776 728 1824 dicere,
771 1775 1015 1831 praesertim
1057 1785 1150 1814 cum
1191 1776 1231 1813 et
1269 1777 1384 1813 tuum
1420 1773 1470 1812 de
1502 1770 1610 1812 illius
1649 1770 1816 1825 ingenio

54 1837 316 1880 notissimum
350 1838 547 1880 iudicium
571 1845 677 1881 esset
703 1853 777 1880 nec
807 1839 915 1880 illius
946 1839 997 1878 de
1020 1841 1090 1877 tuo
1117 1833 1354 1875 obscurum.
1416 1836 1512 1875 252.
1547 1832 1628 1874 Sed
1659 1838 1815 1881 tamen,

54 1901 205 1949 Brute,
240 1900 375 1955 inquit
398 1901 576 1950 Atticus,
621 1903 672 1943 de
703 1903 876 1943 Caesare
907 1900 1060 1953 etipse
1088 1897 1141 1938 ita
1170 1896 1307 1938 iudico
1340 1900 1381 1937 et
1407 1895 1458 1937 de
1488 1898 1568 1936 hoc
1593 1894 1717 1936 huius
1749 1908 1818 1948 ge·
1832 1906 1867 1932 2⁵

54 1962 167 2004 neris
199 1964 403 2004 acerrimo
424 1965 708 2006 existimatore
730 1962 971 2018 saepissime
992 1959 1115 2002 audio
1142 1959 1257 2000 illum
1281 1957 1466 2000 omnium
1493 1957 1581 1999 sere
1604 1963 1819 1999 oratorum

54 2026 197 2066 Latine
237 2025 355 2080 loqui
394 2026 721 2081 elegantissim03
770 2039 845 2066 nec
884 2023 927 2065 id
965 2023 1100 2065 solum
1141 2022 1370 2063 domestica
1400 2020 1725 2068 consuetudine,
1772 2025 1819 2060 ut

56 2087 212 2129 dudum
243 2087 294 2130 de
323 2088 564 2129 Laeliorum
594 2093 634 2129 et
663 2089 898 2129 Muciorum
928 2084 1093 2126 familiis
1114 2083 1409 2131 audiebamus,
1439 2085 1536 2132 sed,
1570 2095 1818 2138 quamquam

55 2151 98 2192 id
126 2164 294 2207 quoque
322 2153 448 2193 credo
477 2150 628 2198 fuisse,
662 2156 800 2192 tamen
829 2154 874 2190 ut
902 2152 1012 2190 esset
1041 2146 1224 2203 perfecta
1255 2146 1325 2187 illa
1354 2148 1461 2187 bene
1492 2143 1689 2201 loquendi
1711 2146 1816 2192 laus,

57 2215 196 2256 multis
220 2213 368 2255 litteris
398 2220 439 2256 et
468 2215 519 2255 iis
547 2212 714 2269 quidem
742 2212 970 2255 reconditis
1001 2216 1042 2252 et
1074 2208 1288 2263 exquisitis
1319 2222 1566 2262 summoque
1603 2206 1740 2248 studio
1779 2210 1872 2247 etao

60 2275 273 2331 diligentia
293 2282 355 2318 est
383 2282 650 2318 consecutus:
680 2278 780 2317 253.
812 2276 881 2330 qui
904 2274 1028 2316 etiam
1055 2272 1098 2313 in
1125 2271 1317 2312 maximis
1348 2268 1686 2325 occupationibus
1707 2270 1758 2309 ad
1779 2275 1819 2309 te

58 2338 219 2394 ipsum,
267 2337 402 2393 inquit
439 2339 482 2379 in
511 2351 578 2378 me
608 2339 793 2386 intuens,
835 2336 886 2378 de
917 2335 1079 2378 ratione
1110 2334 1254 2375 Latine
1285 2332 1480 2388 loquendi
1512 2330 1818 2373 accuratissime

57 2400 270 2457 scripserit
295 2399 514 2457 primoque
544 2402 586 2441 in
614 2399 724 2441 libro
749 2398 923 2446 dixerit,
962 2398 1170 2439 verborum
1198 2396 1384 2437 delectum
1413 2396 1607 2448 orviqinem
1636 2407 1714 2434 esse
1743 2394 1820 2433 elo-

57 2466 255 2518 quentiae;
302 2464 601 2518 tribueritque,
648 2461 704 2503 mi
735 2464 884 2511 Brute,
931 2461 1029 2502 huic
1063 2464 1231 2506 nostro,
1277 2457 1349 2512 qui
1383 2470 1449 2498 me
1484 2459 1535 2498 de
1570 2456 1640 2497 illo
1676 2454 1819 2496 maluit

58 2540 181 2582 quam
211 2539 254 2568 se
285 2525 442 2573 dicere,
476 2527 641 2566 laudem
672 2523 946 2578 singularem;
977 2535 1072 2563 nam
1102 2520 1267 2575 scripsit
1296 2521 1362 2560 his
1393 2517 1552 2567 verbis,
1585 2531 1678 2560 cum
1709 2516 1815 2557 hunc
1831 2529 1866 2556 ³⁵

57 2589 227 2631 nomine
256 2595 365 2631 esset
395 2587 563 2629 affatus:
597 2601 644 2628 ae
671 2588 731 2636 si,
763 2592 807 2626 ut
836 2587 1007 2639 coyitaca
1028 2585 1237 2637 praeclare
1266 2583 1394 2636 eloqui
1416 2587 1596 2635 possent,
1639 2580 1818 2620 nonnulli

59 2653 188 2693 studio
218 2658 252 2694 et
280 2666 355 2693 usu
386 2652 705 2697 elaboraverunt,
743 2650 856 2689 cuius
886 2654 920 2688 te
942 2659 1066 2700 paene
1089 2646 1312 2698 principem
1341 2646 1474 2697 copiae
1503 2650 1617 2696 atque
1645 2643 1816 2682 incento-

60 2725 143 2754 rem
179 2714 268 2755 bene
305 2715 351 2754 de
388 2714 544 2754 nomine
579 2725 627 2753 ae
662 2712 852 2764 diqnitate
882 2710 1022 2762 populi
1061 2709 1233 2749 Romam·
1266 2708 1452 2748 meritum
1479 2719 1558 2747 esse
1588 2704 1817 2746 existimare

60 2776 255 2817 debemus.-
299 2778 402 2818 hunc
434 2777 594 2830 facilem
629 2780 663 2815 et
701 2774 974 2827 quotidianum
1012 2772 1166 2811 novisse
1203 2782 1418 2810 sermonem
1449 2781 1552 2808 nunc
1572 2779 1651 2820 pro
1680 2765 1816 2806 relicto

62 2844 116 2880 est
144 2839 373 2880 habendum.
452 2838 640 2881 LXXIII.
683 2836 780 2878 251».
822 2837 927 2876 Tum
957 2835 1132 2882 Brutus,
1169 2831 1313 2874 Amice
1350 2830 1539 2878 hercule,
1578 2829 1732 2884 inquit,
1774 2831 1863 2868 etz-o

156 3002 191 3036 5.
219 3006 251 3036 et
276 3006 355 3035 ante
380 3011 413 3035 v.
438 3002 612 3044 dignitate
636 3009 705 3034 om.
734 2999 792 3040 Lg.
821 3002 957 3039 praeter
980 2997 1035 3028 20.
1062 2996 1119 3028 39.
1147 2995 1234 3029 Ven.
1263 2996 1296 3028 1.
1324 2995 1367 3026 R·
1389 3011 1426 3019 —
1454 2992 1489 3025 8.
1516 2995 1687 3033 quantum
1711 2991 1815 3024 liceat

65 3048 175 3083 «Alit»
199 3049 290 3090 apud
310 3049 409 3081 Grut·
431 3066 469 3073 —
500 3049 556 3082 19.
577 3048 709 3080 hercule
734 3047 810 3078 libri
837 3049 969 3078 tantum
996 3052 1065 3076 non
1092 3051 1211 3075 omnes
1227 3065 1236 3080 ‚
1264 3042 1314 3073 R:
1342 3040 1451 3072 hercle
1470 3039 1496 3071 E
1517 3047 1593 3071 cum
1612 3039 1673 3079 Lg.
1692 3038 1749 3071 20.
1771 3054 1813 3062 -

63 3098 122 3130 20.
149 3097 308 3129 δεαῑεηοε
335 3095 375 3128 Ε.
410 3112 452 3117 -
493 3095 551 3127 22.
574 3098 689 3135 posset
714 3094 864 3126 Ernestii
891 3092 980 3123 coni.
1009 3091 1145 3122 firmant
1174 3097 1266 3121 nune
1291 3087 1334 3119 D.
1361 3088 1422 3128 Lg.
1451 3090 1587 3126 praeter
1611 3084 1669 3116 39.
1687 3108 1696 3124 ,
1731 3087 1815 3117 item

63 3144 154 3177 Ven.
181 3145 213 3176 1.
244 3141 362 3174 ottob.
390 3140 458 3174 Gu.
485 3143 518 3174 1.
545 3142 581 3173 2.
624 3141 748 3173 Dresd.
776 3142 826 3175 R:
865 3143 942 3170 ante
968 3137 1050 3168 Ern.
1079 3135 1231 3169 edebant
1251 3134 1373 3174 possit.
1405 3148 1442 3154 —
1481 3132 1538 3164 26.
1577 3133 1815 3164 existimatore

64 3191 109 3223 Ι).
135 3191 195 3232 Lg.
225 3192 362 3229 praeter
387 3187 420 3219 8.
449 3187 515 3220 Gu.
549 3190 582 3220 1.
607 3188 641 3218 2.
669 3187 792 3220 Dresd.
820 3186 869 3217 R:
906 3184 1131 3217 aestimatore
1155 3183 1216 3222 Lg.
1253 3181 1288 3212 8.
1331 3179 1450 3212 Ottob.
1485 3184 1520 3211 et
1551 3186 1629 3210 cum
1654 3178 1813 3211 Manutio

65 3238 107 3270 Ε.
134 3253 175 3261 ·-
201 3235 259 3268 31.
285 3236 345 3276 qui
371 3234 573 3266 Schutzius:
609 3234 694 3274 quin
719 3241 797 3266 cum
824 3232 918 3263 tibris
944 3230 1014 3262 RE.
1041 3244 1086 3252 —
1121 3229 1168 3261 ad
1192 3234 1224 3260 te
1250 3227 1309 3268 Lg.
1340 3226 1374 3258 8.
1405 3225 1463 3258 35.
1490 3224 1548 3258 39.
1575 3225 1634 3256 51.
1664 3225 1722 3257 56.
1753 3224 1811 3256 58.

67 3284 187 3317 ottob.
215 3283 292 3315 Vat.
320 3281 387 3314 Gu.
415 3281 448 3312 1.
475 3280 509 3311 2.
536 3281 586 3312 R:
626 3288 703 3311 cum
737 3280 784 3311 ad
816 3283 847 3311 te
872 3286 950 3310 cum
977 3277 1100 3308 ceteris
1127 3276 1165 3307 Ε.
1194 3290 1235 3296 -
1276 3273 1333 3305 36.
1361 3281 1402 3305 ac
1427 3272 1481 3308 εἰ,
1515 3276 1556 3305 ut
1581 3270 1641 3312 Lg.
1665 3271 1722 3303 53.
1752 3270 1809 3302 68.

66 3332 124 3363 70.
145 3331 185 3363 R.
205 3329 348 3362 Lamb.:
375 3337 415 3360 ac
439 3327 470 3358 n·
496 3335 573 3359 cum
598 3327 723 3358 ceteris
742 3326 783 3357 Ε.
808 3342 845 3349 -
875 3323 987 3363 eloqui
1013 3322 1112 3354 libri:
1140 3320 1252 3361 eloqui
1275 3323 1314 3351 ut
1338 3319 1365 3352 E
1389 3320 1479 3352 cont.
1501 3333 1541 3343 —
1567 3317 1624 3351 39.
1647 3318 1709 3354 Vv.
1726 3317 1814 3349 hune

66 3393 81 3400 -
104 3394 118 3402 —
142 3377 335 3409 habendum
360 3374 453 3416 apud
479 3373 505 3406 E
530 3374 688 3406 Ciceroni
714 3372 935 3410 tribuuntur,
965 3378 1034 3402 non
1061 3368 1211 3401 Caesari.

143 3449 236 3475 Cicero
255 3446 285 3476 Τ.
305 3447 325 3474 Ι.
1314 3436 1367 3476 25
