2117 3762
683 202 751 242 Al)
782 203 836 242 M.
872 202 1083 242 BRUTUM
1116 202 1159 244 C.
1190 205 1256 246 50.
1287 206 1354 246 51.
1815 211 1894 252 439

144 309 230 363 ipsa
261 307 529 349 concinnitas.
591 309 673 349 Nos
704 308 827 347 etiam
859 306 900 347 in
932 309 1009 348 hoc
1049 323 1202 361 genere
1241 309 1504 365 srequentes;
1555 317 1600 354 ut
1631 314 1700 355 illa
1730 322 1824 356 sunt
1854 320 1894 358 in

144 375 288 424 quarto
334 371 639 411 Accusationis:
695 368 981 410 «Conferte
1031 372 1161 412 lianc
1210 385 1387 427 pacem
1433 389 1539 416 cum
1587 375 1682 417 illo
1728 379 1895 426 bello,

143 431 296 473 huius
346 432 613 488 praetoris
658 429 935 472 adventum
984 444 1093 473 cuni
1139 434 1285 476 illius
1328 437 1675 492 imperatoris
1722 441 1898 480 victo-

141 497 244 543 ria,
286 497 442 536 liuius
475 493 751 535 cohortem
783 494 1034 548 impuram
1067 508 1178 536 cuni
1211 496 1361 539 illius
1392 499 1633 542 exercitu
1663 500 1894 551 invicto,

142 560 294 601 huius
324 556 582 600 libidines
613 568 720 595 cum
752 554 901 597 illius
933 556 1296 601 continentia:
1348 564 1406 602 ab
1448 562 1572 610 illo,
1605 564 1692 619 qui
1723 564 1927 617 cepit,⁵

143 622 405 670 conditas,
456 617 516 660 ab
546 616 664 666 hoc,
718 618 806 673 qui
846 618 1174 660 constitutas
1211 625 1434 679 accepit,
1486 632 1670 682 captas
1701 626 1898 668 dicetis

143 685 471 741 Syracusas»

256 749 347 788 168.
393 749 503 800 Ergo
533 752 574 788 et
604 746 645 787 hi
675 748 836 789 numeri
868 748 949 789 sint
979 748 1153 803 cogniti,
1203 753 1243 790 et
1274 761 1402 803 genus
1433 749 1533 792 illud
1565 752 1734 794 tertium
1764 752 1894 808 expli-

140 818 258 854 cetur
287 810 405 866 quale
434 809 507 857 sit,
543 823 790 852 numerosae
822 817 862 851 et
893 816 1010 865 aptae
1042 810 1256 851 orationis.
1319 812 1441 860 Quod
1472 815 1540 868 qui
1573 828 1655 855 non
1690 816 1895 863 sentiunt,

140 889 240 931 quas
280 885 399 914 aures
444 872 625 912 habeant
663 878 735 913 aut
775 873 873 926 quid
912 873 953 913 in
983 873 1034 913 iis
1065 872 1244 914 hominis
1274 873 1408 915 simile
1440 876 1511 922 sit,
1561 879 1718 918 nescio.
1779 881 1948 920 Meae1o

139 936 303 993 quidem
335 942 376 977 et
405 934 589 987 perfecto
623 934 914 990 completoque
945 934 1168 976 verborum
1201 937 1359 978 ambitu
1391 939 1571 990 gaudent
1601 945 1642 980 et
1669 946 1783 982 curta
1805 955 1898 982 sen-

138 1001 244 1040 tiunt
272 1011 347 1038 nec
377 1004 514 1038 amant
542 996 828 1038 redundantia.
891 996 1000 1046 Quid
1031 997 1124 1039 dico
1155 1002 1299 1039 meas?
1352 999 1577 1042 Contiones
1608 1016 1730 1058 saepe
1762 1005 1898 1047 excla-

137 1074 250 1102 mare
280 1059 384 1108 vidi,
431 1074 523 1101 cum
565 1066 660 1115 apte
700 1061 825 1100 verba
856 1058 1115 1102 cecidissent.
1174 1062 1219 1102 Id
1252 1062 1361 1102 enim
1394 1069 1638 1118 exspectant
1667 1080 1808 1116 aures,
1853 1073 1899 1109 ut

135 1124 276 1165 verbis
315 1122 532 1177 colligetur
568 1121 783 1165 sententia.
825 1145 879 1152 —
928 1124 1052 1164 «Non
1093 1129 1182 1164 erat
1217 1125 1299 1165 hoc
1330 1127 1439 1179 apud
1471 1128 1715 1183 antiquos.»
1749 1153 1803 1161 —
1846 1132 1899 1172 Et

136 1186 302 1244 quidem
334 1187 436 1226 nihil
467 1184 577 1226 aliud
607 1183 694 1225 sere
725 1198 808 1225 non
845 1189 957 1234 erat3
1010 1198 1102 1226 nam
1135 1192 1174 1227 et
1205 1185 1332 1228 verba
1364 1187 1573 1243 eligebant
1603 1196 1643 1232 et
1672 1193 1896 1234 sententias
1912 1204 1947 1230 1⁵

135 1264 281 1308 graves
313 1255 354 1290 et
383 1260 528 1289 suaves
559 1244 849 1301 reperiebant,
898 1245 972 1288 sed
1004 1261 1074 1289 eas
1104 1254 1175 1289 aut
1206 1249 1441 1291 vinciebant
1471 1257 1542 1293 aut
1571 1253 1795 1306 explebant
1825 1270 1897 1309 pa—

134 1328 240 1356 rum.
263 1337 316 1344 -—
349 1312 442 1353 169.
475 1312 564 1351 Hoc
585 1322 650 1350 me
682 1309 816 1364 ipsum
849 1310 1055 1359 delectat,
1089 1312 1293 1366 inquiunt.
1316 1336 1371 1343 —
1394 1314 1522 1364 Quid,
1556 1315 1591 1356 si
1612 1317 1897 1372 antiquissima

135 1376 204 1418 illa
227 1377 386 1432 pictura
406 1385 634 1426 paucorum
656 1371 842 1413 colorum
864 1372 995 1426 magis
1017 1387 1140 1429 quam
1161 1376 1264 1416 haec
1286 1375 1368 1416 iam
1389 1377 1572 1432 perfecta
1594 1380 1795 1430 delectet,
1828 1381 1897 1423 illa

134 1439 253 1480 nobis
272 1437 338 1485 sit,
373 1434 510 1483 cred0,
542 1433 786 1490 repetenda,
819 1437 919 1475 haec
940 1436 1100 1477 scilicet
1123 1437 1403 1490 repudiandal
1429 1463 1478 1470 —-
1510 1441 1756 1484 Nominibus
1784 1451 1898 1486 vete-

133 1514 226 1542 rum
248 1497 492 1555 gloriantur.
517 1521 570 1527 —
593 1495 730 1538 Habet
750 1502 888 1538 autem
919 1503 964 1538 ut
993 1498 1035 1539 in
1056 1499 1258 1542 aetatibus
1279 1501 1565 1544 auctoritatem
1595 1511 1807 1554 senectus,
1839 1507 1897 1549 sic
1911 1523 1946 1548 20

133 1565 176 1604 in
218 1559 423 1614 exemplis
463 1561 704 1615 antiquitas;
755 1573 859 1614 quae
900 1559 1068 1615 quidem
1109 1562 1217 1617 apud
1248 1565 1479 1619 meipsum
1510 1565 1622 1607 valet
1651 1569 1892 1623 plurimum.

132 1628 217 1668 Nec
237 1638 314 1679 ego
335 1625 400 1671 id,
432 1624 544 1678 quod
575 1624 692 1663 deest
721 1622 978 1676 antiquitati,
1017 1625 1156 1678 ssagito
1188 1627 1327 1682 potius
1359 1640 1480 1682 quam
1513 1628 1636 1671 laudo
1668 1633 1781 1685 quod
1812 1638 1895 1681 est;

132 1687 379 1742 praesertim
411 1698 504 1726 cum
535 1698 584 1726 ea
615 1684 775 1725 maiora
804 1684 1011 1734 iudicem,
1046 1700 1151 1742 quae
1182 1693 1297 1734 sunt,
1329 1702 1452 1744 quam
1483 1690 1574 1739 illa,
1605 1706 1711 1747 quae
1733 1695 1895 1737 desunt.

132 1752 228 1791 Plus
272 1754 335 1790 est
372 1747 481 1788 enim
524 1749 565 1787 in
605 1746 743 1788 verbis
780 1753 821 1788 et
859 1747 901 1788 in
940 1748 1155 1791 sententiis
1196 1751 1317 1799 boni,
1370 1751 1522 1806 quibus
1561 1754 1620 1796 illi
1658 1757 1890 1807 excellunt,

133 1826 255 1869 quam
287 1813 329 1852 in
359 1809 625 1852 conclusione
657 1811 978 1860 sententiarum,
1013 1826 1135 1867 quam
1166 1826 1250 1852 non
1280 1814 1448 1856 habent.
1506 1817 1572 1857 LI.
1606 1818 1704 1859 Post
1724 1818 1895 1862 inventa
1908 1836 1943 1862 25

133 1874 344 1916 conclusio
377 1879 458 1921 est,
504 1886 583 1928 qua
615 1872 739 1915 credo
771 1887 919 1915 usuros
951 1880 1113 1917 veteres
1142 1875 1237 1917 illos
1267 1875 1416 1925 fuisse,
1462 1877 1496 1919 si
1526 1879 1607 1921 iam
1638 1887 1736 1923 nota
1768 1889 1893 1939 atque

131 1943 326 1993 usurpata
355 1950 423 1977 res
455 1940 587 1985 esset;
642 1949 721 1990 qua
761 1934 928 1977 inventa
961 1951 1106 1979 omnes
1135 1951 1233 1979 usos
1265 1952 1437 1993 magnos
1468 1948 1653 1985 oratores
1681 1945 1890 1987 videmus.

135 2003 226 2042 170.
259 1998 341 2041 Sed
376 1996 501 2039 habet
539 2011 692 2039 nomen
731 1997 952 2049 invidiam,
1006 2013 1099 2041 cum
1140 2002 1183 2042 in
1223 2003 1411 2044 oratione
1448 2003 1633 2047 iudiciali
1667 2012 1707 2048 et
1735 2009 1894 2051 forensi

130 2076 327 2105 numerus
348 2060 516 2110 Latine,
553 2060 708 2102 Graece
730 2061 918 2117 ῥυθμός,
952 2063 1089 2104 inesse
1120 2062 1286 2106 dicitur.
1349 2066 1479 2108 Nimis
1510 2070 1619 2110 enim
1648 2067 1892 2113 insidiarum

131 2127 182 2167 ad
222 2125 443 2178 capiendas
487 2137 608 2164 aures
649 2123 841 2165 adhiberi
885 2123 1065 2174 videtur,
1117 2125 1151 2167 si
1188 2127 1312 2168 etiam
1353 2130 1395 2170 in
1434 2129 1610 2173 dicendo
1650 2133 1811 2175 numeri
1840 2136 1890 2176 ab
1906 2150 1941 2176 30

132 2193 299 2229 oratore
330 2191 599 2242 quaeruntur.
661 2187 752 2227 IIoc
781 2185 875 2228 freti
905 2186 974 2228 isti
1005 2194 1046 2229 et
1075 2187 1153 2244 ipsi
1175 2189 1351 2232 infracta
1372 2197 1413 2233 et
1432 2200 1639 2249 amputata
1662 2197 1892 2252 loquuntur

132 2256 173 2291 et
214 2263 286 2291 eos
326 2249 578 2303 vituperant,
629 2248 699 2303 qui
743 2254 836 2302 apta
876 2255 917 2290 et
955 2248 1068 2291 finita
1103 2255 1403 2306 pronuntiant3
1451 2256 1485 2298 si
1523 2259 1714 2301 inanibus
1745 2263 1885 2302 verbis

130 2313 376 2368 levibusque
407 2310 646 2359 sententiis,
690 2310 806 2361 iure3
858 2312 921 2352 sin
953 2312 1108 2367 probae
1140 2328 1229 2364 res,
1270 2317 1374 2359 lecta
1403 2317 1553 2368 verba,
1594 2322 1692 2376 quid
1725 2329 1785 2364 est
1815 2338 1888 2364 cur

130 2375 323 2416 claudere
365 2380 433 2416 aut
476 2374 666 2416 insistere
711 2376 940 2416 orationem
985 2376 1130 2417 malint
1181 2392 1303 2434 quam
1350 2395 1442 2422 cum
1487 2387 1689 2426 sententia
1734 2387 1889 2440 pariter

130 2440 378 2480 excurrere?
428 2437 505 2478 Hic
545 2439 654 2478 enim
692 2437 920 2479 invidiosus
959 2451 1156 2480 numerus
1186 2441 1289 2483 nihil
1318 2445 1436 2486 all'ert
1467 2445 1604 2495 aliud,
1649 2446 1727 2488 nisi
1759 2453 1801 2488 ut
1833 2447 1936 2490 sitas

130 2507 223 2557 apte
254 2502 392 2543 verbis
419 2504 716 2556 comprehensa
746 2501 969 2542 sententia:
1009 2504 1121 2557 quod
1151 2500 1196 2543 fit
1226 2505 1349 2545 etiam
1381 2504 1432 2547 ab
1464 2508 1665 2564 antiquis,
1697 2509 1769 2551 sed
1800 2509 1888 2563 ple-

130 2577 305 2619 rumque
335 2577 452 2612 casu,
486 2577 610 2618 saepe
641 2569 809 2614 natura3
844 2570 885 2606 et
914 2579 1021 2620 quae
1051 2565 1170 2607 valde
1197 2565 1415 2609 laudantur
1436 2570 1546 2624 apud
1567 2571 1680 2620 illos,
1713 2586 1760 2612 ea
1780 2571 1883 2620 sere,

131 2627 227 2680 quia
257 2632 351 2667 sunt
380 2626 592 2674 conclusa,
624 2626 857 2668 laudantur.
921 2630 1014 2669 171.
1048 2630 1099 2669 Et
1129 2627 1236 2683 apud
1270 2631 1452 2673 Graecos
1484 2635 1649 2689 quidem
1680 2635 1760 2674 iam
1791 2634 1887 2675 anni

131 2701 261 2742 prope
303 2688 591 2744 quadringenti
635 2695 752 2738 sunt,
804 2703 895 2731 cum
937 2691 1017 2731 hoc
1062 2690 1285 2746 probatur;
1337 2706 1411 2735 nos
1449 2709 1582 2751 nuper
1622 2695 1882 2751 agnovimus.

132 2753 239 2804 Ergo
269 2751 402 2793 Ennio
431 2751 546 2793 licuit
576 2757 716 2793 vetera
746 2752 1025 2794 contemnenti
1055 2752 1222 2795 dicere:
1899 2773 1935 2800 40

415 2846 607 2894 Versibu',
640 2859 735 2899 quos
764 2847 858 2886 olim
887 2847 1018 2887 Fauni
1046 2853 1226 2902 vatesque
1254 2851 1462 2897 canebam

132 2937 231 2978 mihi
262 2939 313 2979 de
344 2940 521 2995 antiquis
552 2941 699 2981 eodem
731 2938 853 2980 modo
885 2953 969 2981 non
999 2941 1169 2983 licebit?
1198 2943 1443 2997 praesertim
1475 2957 1568 2986 cum
1599 2942 1780 2988 dicturus
1801 2959 1885 2990 non

221 3060 254 3091 8.
283 3061 414 3100 coyniti
439 3065 471 3092 et
493 3069 600 3102 yenus
628 3062 694 3093 Vit.
725 3062 821 3093 Eins.
851 3061 916 3093 Gu.
947 3065 978 3095 1.
1005 3063 1039 3094 2.
1067 3063 1121 3095 R:
1164 3066 1306 3106 coqniti.
1336 3065 1449 3098 Genus
1474 3066 1516 3097 Ε.
1546 3082 1584 3089 ·-
1631 3066 1687 3098 10.
1714 3068 1760 3099 iis
1786 3068 1881 3102 Eins.

131 3109 179 3140 R:
209 3108 260 3138 his
287 3108 326 3139 E.
368 3124 403 3130 —
450 3108 506 3139 14.
541 3109 721 3148 colliqetur
745 3110 917 3140 sententia
943 3110 1074 3141 Gellius
1097 3111 1139 3143 N.
1169 3111 1210 3142 A.
1236 3112 1301 3149 18.
1330 3113 1364 3143 7.
1392 3114 1441 3149 A,
1477 3112 1548 3144 Erl.
1577 3112 1644 3147 Gu.
1672 3113 1706 3146 3.
1733 3115 1880 3147 Lamb.:

131 3155 338 3195 colliqcncur
364 3155 551 3185 sentenciae
590 3155 659 3186 Vit.
688 3155 782 3187 Eins.
812 3155 933 3188 Dresd.
959 3157 1032 3187 RE.
1073 3173 1115 3181 -
1157 3158 1213 3189 15.
1253 3158 1459 3200 effingebant
1484 3159 1534 3195 A,
1575 3159 1644 3191 Erl.
1674 3160 1740 3193 Gu.
1777 3162 1810 3194 3.
1842 3178 1881 3185 -

131 3202 186 3233 19.
224 3202 293 3232 sint
326 3200 395 3231 vn.
425 3201 521 3232 Eins.
551 3200 616 3232 Gu.
647 3203 678 3232 1.
708 3201 740 3232 2.
774 3201 817 3232 R.
860 3219 897 3225 -
939 3204 1127 3243 expetenda
1152 3204 1194 3235 B.
1225 3220 1265 3226 —
1308 3206 1364 3237 24.
1393 3205 1490 3237 bonis
1514 3205 1582 3237 vn.
1611 3207 1707 3240 Eins.
1737 3209 1796 3241 Dr.
1824 3209 1880 3248 R,

129 3248 232 3279 Peter
250 3271 258 3284 ,
286 3247 466 3279 manifesto
494 3248 634 3286 quidem
659 3255 787 3279 errore.
816 3245 873 3287 (Ut
892 3258 974 3287 nos,
1005 3249 1091 3289 Erl.)
1113 3265 1151 3272 —
1179 3249 1236 3281 29.
1263 3260 1426 3284 numerus
1449 3251 1573 3286 Latine
1599 3261 1677 3288 cum
1703 3255 1798 3289 libris
1827 3256 1877 3288 R:

129 3303 292 3327 numerus
317 3294 446 3335 (deleto
472 3293 609 3334 Latine)
638 3294 677 3328 E.
706 3311 743 3316 —
773 3293 830 3326 39.
858 3294 942 3329 haec
963 3296 1161 3337 probantur
1187 3296 1257 3331 Vit.
