2117 3762
288 248 369 289 356
1062 245 1261 287 BRUTUS

287 368 372 396 non
411 354 622 398 laborare,
668 354 715 391 ut
750 348 946 390 meliores
982 346 1103 399 fiant;
1152 349 1262 392 nulla
1299 351 1407 392 enim
1445 363 1513 390 res
1544 354 1701 391 tantum
1732 351 1785 391 ad
1816 349 2036 392 dicendum

286 415 472 472 proficit,
519 418 715 470 quantum
755 410 949 466 scriptio:
1000 412 1242 452 memoriam
1282 419 1420 454 autem
1458 413 1501 452 in
1540 417 1753 466 posterum
1784 411 1940 467 ingenii
1971 412 2036 454 sui

285 494 371 522 non
401 478 659 523 desiderant,
706 487 799 514 cum
839 487 883 514 se
912 478 1057 528 putant
1085 473 1181 514 satis
1210 488 1398 529 magnam
1430 474 1603 528 adeptos
1634 488 1725 515 esse
1756 474 1920 515 dicendi
1949 475 2036 529 glo-

284 544 389 584 riam
432 552 604 594 eamque
642 537 766 578 etiam
804 535 1007 577 maiorem
1044 537 1178 577 visum
1214 536 1287 585 iri,
1333 539 1367 578 si
1397 539 1439 579 in
1470 536 1792 578 existimantium
1822 535 2037 578 arbitrium

255 619 359 647 ssua
399 605 550 655 scripta
587 614 672 641 non
710 598 923 640 venerint:
976 598 1101 647 alios,
1150 600 1261 653 quod
1305 600 1449 641 melius
1488 604 1633 655 putent
1671 600 1809 640 dicere
1840 613 1884 641 se
1913 613 2036 655 posse

284 682 405 724 quam
426 667 632 714 scribere3
665 663 777 718 quod
801 661 1102 715 peringeniosis
1132 660 1370 702 hominibus
1400 677 1534 718 neque
1567 660 1663 703 satis
1696 663 1826 703 doctis
1856 664 2037 718 plerum-

283 745 363 786 que
394 728 618 781 contingit,
649 731 696 766 ut
724 723 807 778 ipsi
838 726 1018 774 Galbae3
1051 726 1117 765 93.
1151 737 1274 778 quem
1303 722 1478 766 fortasse
1508 726 1568 766 vis
1598 738 1682 765 non
1712 725 1866 777 ingenii
1887 724 2035 773 solum,

281 796 353 836 sed
384 793 506 834 etiam
536 789 663 831 animi
694 792 734 830 et
763 787 959 829 naturalis
989 785 1156 842 quidam
1188 787 1309 827 dolor
1348 787 1553 829 dicentem
1593 788 1841 828 incendebat
1884 785 2037 828 efficie-

279 858 451 911 batque,
481 858 527 895 ut
555 858 596 894 et
623 853 791 893 incitata
821 855 860 892 et
890 851 1026 905 gravis
1057 854 1098 891 et
1125 851 1346 890 vehemens
1377 856 1484 891 esset
1513 851 1670 891 oratio:
1701 850 1796 890 dein
1817 863 1909 890 cum
1931 849 2038 890 otio-

229 931 265 957 10
280 931 347 960 sus
378 917 516 959 stilum
547 914 823 971 prehenderat
851 918 1072 967 motusque
1104 913 1237 953 omnis
1267 911 1391 952 animi
1421 918 1628 967 tamquam
1653 918 1798 954 ventus
1820 913 2034 954 hominem

279 981 511 1029 defecerat,
544 976 813 1020 flaccescebat
842 975 998 1017 oratio:
1041 973 1153 1029 quod
1183 975 1258 1023 iiS,
1292 975 1362 1028 qui
1393 973 1570 1016 limatius
1601 974 1765 1016 dicendi
1796 980 2037 1016 consectan-

276 1049 345 1085 tur
375 1056 524 1098 genus,
566 1042 755 1082 accidere
784 1054 870 1080 non
900 1039 1029 1087 solet,
1078 1042 1305 1092 propterea
1335 1039 1446 1092 quod
1477 1036 1696 1090 prudentia
1725 1051 1936 1094 nunquam
1966 1040 2035 1079 de-

274 1106 362 1147 ficit
391 1110 623 1154 oratorem,
657 1117 738 1160 qua
766 1101 836 1143 ille
866 1106 987 1142 utens
1019 1099 1168 1141 eodem
1197 1099 1322 1140 modo
1352 1102 1482 1155 possit
1513 1104 1554 1140 et
1584 1100 1722 1140 dicere
1752 1105 1793 1141 et
1822 1101 2032 1150 scribere3

276 1170 403 1210 ardor
440 1167 567 1209 animi
605 1180 690 1208 non
729 1178 892 1220 semper
921 1165 1058 1211 adest,
1108 1162 1226 1218 isque
1259 1176 1352 1203 cum
1382 1163 1593 1210 consedit,
1641 1163 1773 1204 omnis
1805 1163 1874 1204 illa
1903 1164 1964 1204 vis
1994 1167 2035 1204 et

224 1243 260 1269 15
276 1232 393 1288 quasi
421 1230 583 1273 flamma
614 1227 790 1272 oratoris
821 1226 1113 1281 exstinguitur.
1175 1227 1244 1266 94.
1291 1227 1407 1266 Hanc
1435 1224 1561 1279 igitur
1590 1226 1644 1266 ob
1676 1238 1840 1266 causam
1868 1226 2033 1267 videtur

273 1295 402 1338 Laelii
431 1309 547 1336 mens
577 1294 735 1349 spirare
766 1289 889 1332 etiam
917 1289 961 1331 in
990 1288 1173 1343 scriptis,
1207 1287 1360 1330 Galbae
1392 1292 1531 1329 autem
1561 1288 1623 1328 vis
1656 1288 1873 1328 occidisse.

381 1360 514 1401 XXV.
564 1358 748 1397 Fuerunt
785 1352 909 1394 etiam
948 1353 991 1393 in
1029 1357 1243 1393 oratorum
1280 1363 1452 1392 numero
1490 1351 1762 1392 mediocrium
1800 1352 1848 1392 L.
1882 1354 1923 1392 et
1953 1352 2024 1406 Sp.

270 1421 457 1465 Mummii
474 1421 642 1467 fratres,
674 1429 853 1472 quorum
876 1418 1035 1456 exstant
1050 1415 1269 1454 amborum
1286 1414 1521 1454 orationes:
1557 1413 1733 1468 simplex
1756 1413 1922 1469 quidem
1949 1415 2032 1453 Lu-

273 1487 360 1528 cius
391 1491 432 1526 et
460 1484 675 1538 antiquus3
718 1479 892 1532 Spurius
923 1481 1062 1518 autem
1092 1475 1223 1517 nihilo
1255 1475 1323 1517 ille
1353 1474 1520 1531 quidem
1552 1478 1760 1525 ornatior,
1793 1478 1864 1518 sed
1891 1481 2032 1517 tamen

222 1557 260 1584 20
273 1547 530 1597 adstrictior3
563 1544 641 1586 fuit
675 1542 786 1584 enim
818 1543 963 1582 doctus
997 1553 1050 1581 ex
1081 1537 1298 1592 disciplina
1326 1538 1575 1579 Stoicorum.
1635 1538 1789 1580 Multae
1818 1543 1911 1581 sunt
1949 1539 2020 1592 Sp.

270 1610 407 1654 Albini
427 1609 652 1652 orationes.
715 1608 819 1647 Sunt
847 1604 970 1645 etiam
998 1604 1045 1643 L.
1071 1607 1111 1643 et
1135 1600 1455 1644 C.Aureliorum
1473 1602 1741 1650 Orestarum,
1767 1614 1870 1657 quos
1887 1600 2025 1656 aliquo

270 1675 392 1717 video
438 1674 482 1713 in
525 1682 701 1713 numero
745 1672 963 1709 oratorum
1001 1665 1145 1706 fuisse.
1207 1666 1274 1705 95.
1321 1665 1367 1705 P.
1397 1664 1519 1704 etiam
1559 1662 1758 1718 Popillius
1799 1676 1892 1704 cum
1932 1663 2033 1704 civis

273 1736 484 1792 egregius,
516 1741 605 1776 tum
634 1746 720 1773 non
748 1729 970 1771 indisertus
1000 1726 1101 1777 fuit3
1136 1729 1179 1769 C.
1204 1740 1304 1769 vero
1337 1725 1443 1767 filius
1474 1726 1563 1767 eius
1589 1725 1791 1768 disertus:
1827 1727 2032 1780 Gaiusque

271 1799 498 1842 Tuditanus
528 1812 621 1838 cum
652 1793 765 1836 omni
794 1795 878 1834 vita
908 1796 1031 1847 atque
1060 1792 1172 1832 victu
1203 1788 1389 1831 excultus
1420 1794 1543 1843 atque
1565 1788 1800 1841 expolitus,
1836 1793 1923 1830 tum
1945 1787 2033 1829 eius

221 1870 257 1896 2⁵
271 1865 438 1917 elegans
482 1866 545 1902 est
582 1856 768 1900 habitum
807 1856 932 1897 etiam
973 1852 1172 1895 orationis
1210 1866 1355 1908 genus.
1416 1852 1658 1906 Eodemque
1697 1852 1739 1892 in
1777 1865 1928 1906 genere
1972 1854 2034 1892 est

270 1926 436 1967 habitus
473 1924 533 1972 is,
581 1923 653 1977 qui
689 1919 840 1961 iniuria
879 1922 1047 1971 accepta
1080 1915 1205 1969 fregit
1240 1917 1301 1957 Ti.
1328 1916 1557 1957 Gracchum
1588 1913 1810 1967 patientia,
1858 1914 1959 1955 civis
1988 1914 2032 1953 in

270 1991 397 2030 rebus
427 1985 593 2042 optimis
626 1983 1005 2029 constantissimus,
1044 1981 1099 2021 M.
1122 1978 1330 2020 Octavius.
1391 1981 1442 2018 At
1472 1990 1571 2018 vero
1602 1979 1656 2019 M.
1681 1978 1881 2018 Aemilius
1911 1975 2033 2030 Lepi-

272 2054 369 2099 dus,
402 2049 473 2105 qui
504 2053 565 2089 est
593 2046 768 2088 Porcina
797 2044 953 2092 dictus,
986 2042 1134 2084 iisdem
1165 2042 1421 2096 temporibus
1450 2039 1562 2089 fere,
1597 2038 1746 2094 quibus
1772 2037 1923 2087 Galba,
1957 2039 2031 2079 sed

270 2113 408 2169 paullo
440 2111 577 2153 minor
606 2114 725 2160 natu,
759 2112 799 2148 et
829 2120 1012 2147 summus
1043 2109 1183 2146 orator
1213 2109 1272 2145 est
1300 2104 1465 2144 habitus
1497 2108 1537 2143 et
1564 2100 1663 2151 fuit,
1704 2109 1750 2142 ut
1778 2106 1948 2157 apparet
1979 2115 2032 2143 ex

222 2184 258 2210 ³0
274 2176 552 2222 orationibus,
599 2171 774 2226 scriptor
813 2183 909 2210 sane
949 2170 1097 2208 bonus.
1159 2168 1226 2207 96.
1276 2167 1367 2206 Hoc
1401 2167 1444 2206 in
1476 2170 1642 2206 oratore
1672 2163 1819 2205 Latino
1851 2163 2030 2219 primum

271 2237 372 2280 mihi
401 2237 565 2280 videtur
594 2240 635 2275 et
663 2233 808 2274 levitas
838 2229 1080 2286 apparuisse
1117 2228 1188 2270 illa
1228 2229 1484 2270 Graecorum
1516 2234 1556 2269 et
1584 2225 1810 2269 verborum
1841 2240 2030 2281 compre-

272 2299 419 2344 hensio
451 2304 491 2340 et
520 2299 602 2338 iam
630 2294 801 2343 artifex,
846 2298 892 2334 ut
920 2292 977 2334 ita
1015 2292 1174 2340 dicam,
1220 2291 1349 2332 stilus.
1409 2292 1530 2332 Hunc
1560 2291 1744 2332 studiose
1775 2289 1856 2332 duo
1889 2291 2030 2331 adole-

274 2368 434 2406 scentes
463 2357 784 2415 ingeniosissimi
806 2361 846 2398 et
866 2369 995 2411 prope
1025 2355 1216 2411 aequales
1249 2354 1293 2395 C.
1319 2356 1452 2396 Carbo
1484 2359 1524 2395 et
1554 2355 1616 2395 Ti.
1643 2355 1850 2396 Gracchus
1884 2353 2028 2395 audire

273 2425 384 2469 soliti
412 2430 529 2474 sunt;
577 2425 627 2464 de
658 2419 807 2477 quibus
836 2421 918 2460 iam
949 2417 1114 2459 dicendi
1142 2419 1257 2458 locus
1289 2418 1389 2467 erit,
1430 2430 1523 2458 cum
1554 2418 1605 2458 de
1634 2417 1869 2458 senioribus
1897 2429 2030 2471 pauca

223 2496 262 2525 ³⁵
276 2489 435 2532 dixero.
494 2488 544 2536 Q.
566 2485 676 2528 enim
705 2481 926 2537 Pompeius
955 2495 1040 2523 non
1077 2485 1332 2535 contemptus
1364 2484 1506 2521 orator
1534 2477 1791 2533 temporibus
1820 2478 1902 2520 illis
1931 2479 2025 2528 fuit,

275 2551 348 2608 qui
387 2563 568 2593 summos
611 2551 794 2589 honores
834 2548 962 2586 homo
1001 2557 1078 2599 per
1115 2557 1159 2585 se
1196 2542 1386 2597 cognitus
1423 2544 1512 2584 sine
1551 2542 1635 2584 ulla
1667 2541 2028 2584 commendatione

274 2613 481 2656 maiorum
511 2617 572 2654 est
601 2609 786 2663 adeptus.
846 2609 914 2649 97.
947 2609 1051 2648 Tum
1080 2609 1127 2648 L.
1150 2606 1310 2648 Cassius
1339 2605 1512 2647 multum
1539 2605 1694 2659 potuit,
1726 2618 1808 2646 non
1830 2604 2028 2661 eloquen-

274 2678 357 2726 tia,
390 2677 463 2717 sed
493 2675 667 2715 dicendo
697 2677 858 2721 tamen;
891 2672 1018 2711 homo
1049 2683 1133 2710 non
1160 2668 1430 2716 liberalitate,
1461 2672 1506 2709 ut
1535 2667 1626 2716 alii,
1659 2669 1732 2708 sed
1752 2667 1841 2723 ipsa
1862 2667 2028 2710 tristitia

277 2744 319 2781 et
355 2738 576 2780 severitate
610 2733 844 2792 popularis:
894 2732 1010 2774 cuius
1048 2733 1214 2787 quidem
1250 2732 1333 2785 legi
1368 2729 1604 2771 tabellariae
1633 2731 1688 2771 M.
1707 2729 1852 2772 Antius
1881 2731 2023 2780 Briso,

227 2812 263 2839 40
276 2801 465 2844 tribunus
504 2801 585 2856 pl.,
630 2799 701 2839 diu
738 2795 911 2845 restitit,
957 2797 1012 2837 M.
1045 2794 1200 2850 Lepido
1233 2793 1402 2834 consule
1431 2793 1673 2843 adiuvante3
1725 2807 1856 2849 eaque
1886 2806 1953 2834 res
1982 2795 2026 2837 P.

276 2864 466 2907 Africano
497 2859 792 2917 vituperationi
821 2858 921 2907 fuit,
970 2857 1082 2912 quod
1122 2858 1209 2898 eius
1240 2856 1481 2898 auctoritate
1511 2856 1563 2895 de
1593 2854 1794 2896 sententia
1825 2856 2025 2897 deductus

275 2928 393 2969 Briso
423 2923 655 2982 putabatur.
715 2925 818 2964 Tum
847 2920 928 2962 duo
961 2921 1187 2976 Caepiones
1216 2918 1390 2960 multum
1419 2917 1587 2959 clientes
1617 2919 1793 2960 consilio
1814 2922 1854 2960 et
1871 2917 2023 2973 lingua,

276 2992 368 3044 plus
397 2987 640 3031 auctoritate
670 2990 807 3026 tamen
837 2988 878 3024 et
907 2984 1036 3037 gratia
1065 2980 1346 3024 sublevabant.
1405 2982 1499 3022 SeX.
1530 2980 1720 3035 Pompeii
1749 2985 1844 3022 sunt
1871 2979 2024 3034 scripta

370 3109 403 3141 8.
431 3110 526 3141 calor
552 3109 612 3150 Lg.
636 3107 693 3139 20.
710 3128 720 3146 ‚
760 3109 798 3138 ut
824 3105 972 3137 coniecit
999 3101 1246 3135 Schneiderus.
1288 3118 1329 3123 —
1370 3100 1403 3132 9.
1430 3100 1549 3132 deinde
1573 3100 1618 3132 D.
1645 3099 1707 3142 Lg.
1735 3100 1791 3133 56.
1830 3099 1896 3133 Gu.
1923 3100 1956 3132 1.
1984 3099 2019 3131 2.

281 3154 350 3186 Csr.
379 3157 473 3187 Orat.
500 3156 568 3196 45,
596 3154 674 3187 154.
700 3169 745 3175 —
790 3151 845 3184 31.
874 3151 993 3183 levitas
1017 3151 1077 3190 Lg.
1105 3149 1139 3180 8.
1165 3147 1221 3180 39.
1249 3148 1306 3180 51.
1335 3146 1391 3179 53.
1419 3147 1475 3179 56.
1502 3147 1559 3179 58.
1601 3146 1689 3179 Ven.
1716 3148 1750 3178 1.
1788 3146 1854 3179 Gu.
1891 3147 1924 3179 1.
1958 3147 2017 3177 2.:

280 3201 405 3232 lenitas
430 3211 507 3234 cum
532 3204 653 3235 ceteris
678 3199 751 3231 RE.
791 3215 833 3222 --
874 3197 931 3229 32.
959 3200 989 3228 et
1015 3198 1087 3228 iam
1120 3195 1243 3227 Petrus
1268 3194 1400 3234 Faber,
1435 3194 1560 3227 Walch
1585 3194 1755 3227 Emendd.
1784 3193 1860 3226 Liv.
1886 3201 1921 3232 p.
1948 3193 2017 3225 98:

281 3249 385 3279 etiam
411 3249 491 3280 RE.
517 3265 559 3272 —
585 3249 642 3281 37.
670 3248 710 3280 L.
739 3247 882 3279 Crassus
908 3244 1055 3276 Ernestii
1083 3249 1222 3282 operae.
1250 3259 1291 3264 —
1318 3241 1374 3273 38.
1401 3241 1579 3273 hilaritate
1605 3241 1665 3281 Lg.
1693 3240 1774 3279 35.‚
1803 3241 1853 3271 uti
1881 3240 2019 3273 volebat

279 3294 474 3327 Ernestius.
514 3311 553 3317 -
598 3295 655 3326 43.
682 3294 761 3326 Sem.
789 3291 943 3332 Pompeii
969 3299 1046 3324 eum
1072 3289 1242 3322 Ellendtio
1269 3288 1427 3321 dedimus
1453 3292 1595 3321 auctore
1619 3287 1793 3328 Madvigio
1820 3285 1952 3326 Opusc.
1979 3296 2015 3329 p.

279 3341 371 3374 138:
397 3340 465 3375 Sed
486 3339 640 3382 Pompeii
665 3350 744 3374 cum
769 3340 863 3372 libris
889 3338 962 3371 RE.
