2117 3762
245 253 330 296 402
935 253 1134 297 BRUTUS
1168 254 1213 297 C.
1246 256 1315 297 97.

247 375 349 419 quas
380 374 475 404 cum
505 357 629 401 domo
659 357 828 400 haurire
858 372 944 400 non
972 372 1138 412 posses,
1180 361 1429 404 arcessivisti
1460 374 1512 403 ex
1540 362 1646 403 urbe
1677 374 1748 411 ea,
1794 375 1898 417 quae
1932 363 2007 404 do-

244 437 337 466 mus
366 430 429 466 est
457 436 624 476 semper
651 420 792 463 habita
822 419 1057 471 doctrinae,
1087 425 1299 466 numerari
1329 424 1371 466 in
1401 426 1527 479 vulgo
1555 429 1845 478 patronorum.
1903 427 2009 466 Nam

244 486 345 542 quid
373 491 414 528 te
443 484 631 528 exercuit
659 485 924 533 Pammenes,
972 483 1037 526 vir
1074 484 1197 540 longe
1239 487 1600 543 eloquentissimus
1632 486 1858 529 Graeciae?
1908 486 2009 542 quid

242 549 314 591 illa
344 555 462 592 vetus
490 545 714 589 Academia
743 552 866 602 atque
898 545 987 588 eius
1017 549 1141 589 heres
1168 548 1353 599 Aristus,
1385 553 1536 606 hospes
1559 555 1599 591 et
1628 548 1843 591 familiaris
1872 563 2007 598 meus,

213 612 278 653 ssi
316 612 484 667 quidem
523 608 676 651 similes
710 608 879 651 maioris
917 610 1046 665 partis
1086 615 1299 652 oratorum
1340 611 1468 654 futuri
1509 615 1679 654 sumus?
1728 614 1825 653 333.
1859 613 2006 652 Nonne

243 674 450 715 cernimus
489 673 560 714 vix
603 671 775 727 singulis
820 672 1025 714 aetatibus
1069 670 1190 714 binos
1235 680 1421 716 oratores
1465 674 1694 717 laudabiles
1740 673 2007 715 constitisse?

243 735 371 778 Galba
399 735 476 777 fuit
504 734 613 777 inter
642 740 705 776 tot
733 734 926 791 aequales
956 749 1066 776 unus
1098 735 1334 785 excellens,
1381 737 1468 786 cui,
1510 739 1864 793 quemadmodum
1895 749 2011 778 acce-

239 799 396 854 pimus,
440 802 481 839 et
522 798 624 840 Cato
662 799 838 840 cedebat
877 797 1020 839 senior
1050 803 1091 839 et
1121 798 1192 854 qui
1222 799 1482 854 temporibus
1512 801 1593 842 illis
1624 805 1758 842 aetate
1787 799 2010 841 inferiores

238 861 433 910 fuerunt;
482 860 665 916 Lepidus
705 866 872 916 postea,
921 860 1074 902 deinde
1112 863 1270 903 Carbo:
1322 875 1417 903 nam
1460 864 1634 904 Gracchi
1671 864 1714 903 in
1744 863 2010 903 contionibus

189 936 226 961 10
239 925 370 965 multo
400 922 588 965 faciliore
620 928 661 965 et
689 923 892 966 liberiore
923 938 1077 978 genere
1109 924 1301 974 dicendi,
1353 938 1532 979 quorum
1572 931 1710 968 tamen
1742 927 1929 981 ipsorum
1960 925 2012 968 ad

239 991 414 1029 aetatem
443 986 532 1028 laus
564 986 828 1043 eloquentiae
858 986 1044 1042 perfecta
1073 986 1258 1029 nondum
1288 986 1390 1038 suit3
1422 987 1648 1038 Antonius,
1683 990 1881 1037 Crassus,
1913 993 2010 1043 post

241 1050 381 1098 Cotta,
414 1049 642 1106 SulpiciuS,
674 1050 948 1099 Hortensius,
987 1050 1093 1092 nihil
1123 1051 1216 1091 dico
1248 1050 1450 1103 amplius:
1495 1056 1653 1092 tantum
1684 1050 1800 1101 dico,
1842 1050 1878 1092 si
1907 1051 2011 1091 mihi

239 1112 477 1162 accidisset,
507 1119 553 1156 ut
581 1126 830 1156 numerarer
857 1114 901 1155 in
931 1112 1096 1165 multis;
1139 1114 1188 1132 **
1218 1113 1253 1156 si
1284 1126 1464 1169 operosa
1493 1118 1556 1155 est
1586 1114 1848 1156 concursatio
1878 1114 2010 1167 magis

239 1180 592 1230 opportunorum,
623 1179 641 1196 *
660 1178 677 1196 *
697 1178 715 1196 *

331 1336 366 1370 6.
395 1337 565 1372 exstitisse
588 1337 692 1374 Rivio
719 1342 864 1373 auctore
889 1337 1013 1372 Lamb.
1045 1354 1085 1362 —
1114 1337 1171 1371 1-74.
1201 1339 1413 1380 optimorum
1437 1338 1469 1371 R
1495 1338 1586 1379 sola,
1613 1338 1760 1381 Meyer,
1787 1338 1938 1373 Ellendt.

919 1434 943 1458 9⁵
1314 1432 1337 1457 δὲ

1115 1465 1139 1490 ⁹!-

334 1542 436 1579 Tunc
462 1546 631 1587 demum,
673 1554 752 1579 cum
787 1545 896 1579 multo
924 1546 1035 1578 maior
1058 1544 1157 1576 Bruti
1186 1552 1263 1585 pars
1290 1544 1334 1577 ab
1362 1545 1477 1584 operis
1504 1544 1662 1577 absoluta
1689 1547 1802 1583 esset,
1842 1543 2009 1576 Turicum

243 1597 401 1634 pervenit
435 1596 599 1627 Rrrscur,
633 1592 807 1635 Parergon
834 1594 912 1626 Vol.
939 1593 991 1632 1.‚
1032 1594 1067 1623 in
1105 1601 1174 1632 quo
1209 1601 1242 1632 p.
1278 1592 1336 1623 57.
1376 1592 1479 1623 buius
1518 1593 1595 1624 libri
1622 1590 1659 1631 ἕ.
1686 1592 1744 1623 72.
1783 1599 1924 1631 prorsus
1960 1593 2010 1623 sic

243 1641 468 1674 scribendum
495 1642 623 1680 docet,
657 1644 697 1673 ut
722 1643 871 1680 invitus,
912 1639 1210 1681 quemadmodum
1237 1639 1394 1677 videtur,
1436 1638 1518 1671 iecit
1545 1638 1710 1677 Ellendt,
1751 1641 1850 1671 cuius
1878 1638 2010 1670 Editio—

241 1696 323 1721 nem
348 1689 491 1722 alteram
518 1689 573 1720 ille
599 1688 757 1720 nondum
784 1688 930 1722 viderat.
981 1686 1151 1719 Ritseblio
1178 1690 1295 1718 autem
1321 1690 1407 1718 teste
1433 1686 1489 1717 cui
1512 1687 1542 1717 si
1568 1685 1619 1726 (ut
1644 1686 1803 1717 consulto
1834 1685 1926 1718 edidi
1946 1694 2009 1726 ego

242 1735 402 1778 quoque)
444 1736 615 1776 praebent
651 1736 757 1777 Lagg.
804 1735 862 1767 93.
901 1734 959 1766 98.
994 1733 1051 1766 99.
1087 1734 1189 1771 101..
1235 1733 1277 1764 de
1321 1733 1448 1772 quibus
1475 1735 1593 1765 nescio
1636 1741 1697 1765 cur
1722 1733 1822 1765 sileat
1855 1732 2007 1765 Ellendt.

242 1782 367 1815 Totam
408 1792 490 1817 vero
527 1782 639 1816 Codd.
666 1783 772 1824 Lagg.
800 1783 1004 1817 varietatem
1031 1780 1132 1813 Bruti
1159 1778 1225 1822 §§.
1252 1780 1311 1812 71.
1339 1780 1399 1813 72.
1428 1779 1486 1812 73.
1515 1779 1655 1813 exbibet
1679 1779 1792 1812 Plauti
1819 1782 2008 1819 sospitator

240 1829 395 1863 Praefat.
451 1852 460 1862 .
486 1830 533 1863 X.

336 1839 444 1910 llludp
464 1887 546 1911 vero
574 1876 801 1918 (quamquam
829 1884 892 1916 per
920 1884 956 1908 se
983 1871 1219 1916 intelligitur),
1261 1882 1318 1906 me
1343 1874 1379 1905 in
1406 1872 1591 1913 omnibus,
1622 1882 1712 1915 quae
1739 1873 1782 1906 de
1808 1873 2006 1915 Lagomars.

246 1923 360 1957 Codd.
388 1924 520 1963 resero,
548 1927 654 1957 unice
681 1924 835 1965 pendere
860 1933 899 1956 ex
918 1922 1086 1955 Ellendtii
1115 1922 1322 1955 testimoniis
1351 1921 1440 1953 clare
1459 1922 1514 1953 bic
1535 1921 1833 1961 pronuntiandum
1854 1929 2007 1959 censeo;

241 1972 362 2010 unde,
400 1975 453 2010 si,
492 1981 578 2013 quos
606 1972 662 2004 ille
689 1972 864 2004 commisit
890 1978 1050 2008 errores,
1079 1968 1268 2009 aliquando
1295 1968 1438 2001 sortasse
1466 1968 1698 2009 detegentur,
1739 1978 1802 2010 ego
1830 1972 1925 2002 certe
1950 1975 2008 2000 eos

241 2027 308 2053 nec
334 2023 512 2060 praestare
540 2028 656 2060 queo,
692 2027 808 2061 neque
833 2027 916 2054 vero
951 2017 1056 2050 ullam
1092 2021 1278 2058 propterea
1305 2015 1443 2056 cuipam
1468 2018 1502 2048 in
1528 2024 1583 2048 me
1610 2017 1777 2049 contraxi.
