2117 3762
791 233 836 273 C.
872 232 937 272 13.
973 230 1038 272 154.
1074 231 1137 272 15.
1759 227 1838 270 ῖιῦὗ

205 341 318 381 Dicis
346 340 447 381 male
476 339 632 380 mereri.

200 404 263 450 Id,
294 404 395 456 quod
424 403 520 450 scis,
543 400 724 455 prodest,·
753 399 854 440 nihil
882 399 942 447 id,
973 400 1074 454 quod
1101 399 1245 447 πρεείς,
1277 397 1410 439 obest?

205 497 316 537 xlv.
350 497 418 537 56.
464 495 554 535 IIoc
593 491 821 534 disserendi
860 507 989 548 genus
1025 493 1188 547 attingit
1218 493 1386 534 omnino
1416 494 1574 532 vestras
1603 502 1769 545 quoque
1798 489 1842 532 in

96 557 387 612 respondendo
427 556 745 612 disputationes;
797 558 868 597 sed
910 551 1256 610 pbilosophorum
1295 555 1426 608 magis
1466 559 1552 602 est,
1601 552 1752 610 quibus
1782 557 1844 594 est

95 633 187 662 cum
232 622 465 663 oratoribus
508 618 575 660 illa
615 632 666 658 ex
711 620 1038 673 repugnantibus
1080 617 1292 660 sententiis
1333 616 1562 658 communis
1604 614 1875 664 conclusi0,⁵

95 697 200 737 quae
240 697 263 725 a
293 681 514 724 dialecticis
555 680 697 722 tertius
739 684 908 731 modus,
959 695 982 723 a
1022 679 1259 723 rhetoribus
1299 679 1525 733 ἐνθύμημα
1564 682 1840 733 nuncupatur.

95 746 255 801 Reliqui
286 745 597 788 dialecticorum
629 743 740 785 modi
771 744 909 798 plures
939 750 1055 793 sunt,
1088 744 1231 799 quiex
1257 740 1602 784 disiunctionibus
1633 745 1845 783 constant:

95 810 175 850 Aut
206 810 306 856 hoc,
348 812 417 848 aut
446 806 569 856 illud;
617 809 695 847 boc
726 813 884 849 autem:
930 820 1012 848 non
1042 805 1170 860 igitur
1199 803 1317 846 illud.
1379 805 1590 858 Itemque,
1633 807 1712 846 Aut
1744 805 1845 854 hoc,

95 878 164 912 aut
193 872 315 921 illud;
347 884 432 910 non
462 875 598 910 autem
630 870 728 911 hoc:
763 869 862 910 illud
892 870 1035 922 igitur.
1099 869 1214 918 Quae
1246 867 1534 909 conclusiones
1554 865 1709 909 idcirco
1731 873 1846 909 ratae

95 939 209 980 sunt,
241 930 351 988 quod
382 932 423 974 in
455 933 730 973 disiunctione
760 932 852 987 plus
881 945 965 974 uno
996 944 1139 973 verum
1172 943 1262 972 esse
1291 943 1376 972 non
1401 935 1551 986 potest.
1612 932 1684 981 57..
1713 932 1847 986 Atque
1863 945 1898 972 ιο

95 1010 148 1037 ex
195 995 245 1035 iis
289 994 651 1044 conclusionibus,
702 1008 803 1050 quas
850 1007 974 1050 supra
1025 992 1195 1047 scripsi,
1245 994 1361 1049 prior
1407 997 1595 1048 quartus,
1644 996 1849 1047 posterior

94 1057 258 1113 quintus
296 1072 320 1099 a
361 1057 587 1100 dialecticis
626 1059 774 1099 modus
816 1057 1057 1113 appellatur.
1115 1057 1275 1097 Deinde
1317 1054 1475 1098 addunt
1511 1054 1848 1098 coniunctionum

93 1120 350 1176 negantiam,
395 1122 473 1162 sic:
524 1122 616 1162 Non
659 1126 699 1161 et
736 1121 817 1161 hoc
863 1126 903 1161 et
938 1118 1066 1170 illud;
1115 1120 1195 1160 hoc
1232 1123 1389 1161 autem:
1440 1132 1524 1160 non
1562 1117 1690 1172 igitur
1728 1117 1846 1160 illud.

94 1182 172 1224 Hic
218 1184 365 1225 modus
396 1188 459 1224 est
488 1187 642 1224 sextus.
723 1181 932 1237 Septimus
970 1187 1131 1224 autem:
1180 1183 1274 1223 Non
1312 1186 1356 1223 et
1383 1180 1463 1224 hoc
1506 1186 1547 1223 et
1585 1180 1714 1231 illud;
1765 1194 1850 1223 non

93 1251 231 1288 autem
261 1247 361 1298 hoc;
411 1245 512 1287 illud
550 1246 690 1300 igitur.
750 1246 813 1286 Ex
843 1244 893 1286 iis
922 1244 1058 1286 modis
1097 1243 1385 1286 conclusiones
1420 1242 1742 1286 innumerabiles
1777 1258 1898 1286 na-15

95 1315 284 1356 scuntur,
316 1310 358 1351 in
388 1322 469 1364 quo
502 1314 565 1349 est
595 1313 682 1348 tota
710 1307 800 1349 fere
832 1307 1089 1359 διαλεκτική.
1152 1308 1234 1349 Sed
1264 1320 1316 1349 ne
1344 1319 1419 1349 eae
1439 1308 1625 1364 quidem,
1657 1320 1758 1364 quas
1780 1320 1851 1350 ex-

92 1372 242 1428 posui,
274 1370 325 1413 ad
355 1372 462 1412 hanc
490 1370 788 1412 institutionem
818 1370 1095 1412 necessariae.

206 1436 274 1477 58.
307 1434 524 1476 Proximus
546 1438 607 1475 est
627 1432 741 1475 locus
763 1447 903 1475 rerum
925 1431 1216 1483 efficientium,
1249 1447 1356 1490 quae
1388 1446 1536 1476 causae
1566 1432 1849 1490 appellantur;

95 1498 244 1539 deinde
282 1509 424 1538 rerum
463 1494 703 1538 effectarum
743 1494 795 1537 ab
835 1495 1110 1538 efficientibus
1150 1497 1297 1540 causis.
1355 1498 1513 1540 Harum
1544 1496 1756 1551 exempla,
1805 1501 1852 1539 ut

74 1552 350 1616 'reliquorum
381 1560 597 1608 locorum,
640 1557 779 1613 paullo
812 1565 907 1601 ante
936 1560 1083 1615 posui,
1123 1563 1164 1600 et
1194 1561 1363 1614 quidem
1393 1575 1447 1602 ex
1475 1562 1565 1603 iure
1594 1559 1729 1611 civili;
1776 1561 1850 1601 sed
1864 1572 1901 1598 20

93 1625 197 1665 baec
215 1628 355 1679 patent
373 1623 508 1663 latius.
569 1623 660 1665 XV.
695 1622 921 1664 Causarum
955 1619 1110 1676 [igitur]
1146 1635 1296 1677 genera
1316 1624 1399 1665 duo
1422 1628 1536 1665 sunt:
1566 1637 1712 1673 unum,
1736 1624 1850 1677 quod

94 1684 135 1727 vi
163 1700 235 1727 sua
265 1684 332 1735 id,
384 1687 496 1741 quod
526 1683 603 1726 sub
633 1698 722 1726 eam
753 1684 837 1727 vim
868 1684 1100 1727 subiectum
1142 1690 1225 1735 est,
1270 1691 1382 1728 certe
1420 1685 1564 1734 efficit,
1613 1691 1688 1735 ut,
1739 1686 1851 1740 Ignis

95 1746 303 1798 accendit3
354 1749 557 1796 alterum,
603 1749 716 1802 quod
755 1753 946 1789 naturam
984 1746 1191 1789 efficiendi
1229 1762 1313 1791 non
1352 1747 1496 1798 habet,
1542 1747 1616 1790 sed
1649 1748 1736 1790 sine
1767 1761 1851 1804 quo

96 1808 203 1851 effici
233 1823 316 1852 non
346 1811 497 1866 possit,
543 1816 588 1851 ut
618 1811 652 1851 si
682 1809 774 1865 quis
804 1824 874 1852 aes
906 1824 1071 1853 causam
1101 1816 1259 1853 statuae
1289 1811 1391 1853 velit
1421 1811 1585 1861 dicere,
1618 1813 1731 1867 quod
1761 1810 1850 1852 sine

96 1885 145 1913 eo
176 1886 260 1913 non
290 1871 420 1926 possit
450 1870 573 1914 effici.
635 1874 701 1914 59.
740 1874 874 1914 Huius
905 1874 1071 1928 generis
1101 1886 1341 1925 causarum,
1378 1875 1465 1916 sine
1496 1886 1579 1929 quo
1608 1887 1693 1915 non
1724 1872 1900 1915 effici-25

95 1939 186 1984 tur,
235 1933 316 1976 alia
354 1940 450 1976 sunt
490 1935 651 1990 quieta,
701 1935 802 1977 nihil
838 1937 1020 1991 agentia,
1071 1936 1220 1979 stolida
1251 1938 1585 1992 quodammodo,
1637 1941 1685 1977 ut
1713 1935 1849 1985 locus,

94 2001 273 2054 tempus,
310 1998 503 2046 materia,
536 1996 813 2048 ferramenta,
846 2004 981 2041 cetera
1012 2000 1174 2054 generis
1205 1999 1413 2050 eiusdem;
1455 1999 1534 2041 alia
1563 2003 1703 2040 autem
1732 2012 1853 2055 prae-

96 2061 330 2102 cursionem
359 2063 566 2116 quandam
596 2061 793 2102 adhihent
821 2060 873 2103 ad
902 2060 1166 2103 efficiendum
1197 2067 1237 2104 et
1267 2065 1470 2118 quaedam
1502 2061 1682 2104 afferunt
1710 2074 1786 2117 per
1809 2074 1855 2103 se

96 2122 358 2172 adiuvantia,
391 2124 466 2164 etsi
496 2137 580 2165 non
609 2123 860 2174 necessaria,
891 2129 957 2173 ut,
995 2126 1139 2166 Amori
1170 2125 1410 2179 congressio
1441 2138 1605 2168 causam
1636 2126 1851 2174 attulerat,

96 2198 214 2227 amor
243 2183 413 2240 flagitio.
470 2187 533 2226 Ex
562 2186 643 2227 hoc
674 2199 826 2240 genere
856 2199 1073 2228 causarum
1099 2202 1151 2229 ex
1171 2189 1413 2230 aeternitate
1432 2189 1702 2244 pendentium
1723 2189 1854 2229 fatum
1868 2198 1905 2225 ³0

97 2260 121 2289 a
151 2247 299 2289 Stoicis
329 2249 520 2289 nectitur.
580 2250 716 2303 Atque
754 2255 799 2290 ut
835 2263 976 2291 earum
1014 2263 1259 2300 causarum,
1309 2250 1397 2293 sine
1437 2252 1587 2306 quibus
1625 2250 1735 2293 effici
1769 2263 1854 2292 non

96 2315 253 2367 potest,
292 2324 445 2367 genera
475 2310 619 2361 divisi,
665 2313 724 2353 sic
754 2311 877 2353 etiam
908 2310 1172 2355 efficientium
1203 2312 1332 2355 dividi
1362 2319 1550 2369 possunt.
1612 2315 1716 2355 Sunt
1745 2315 1854 2356 enim

97 2373 200 2416 aliae
231 2387 399 2425 causac,
431 2389 536 2431 quae
564 2374 684 2430 plane
716 2373 917 2424 efficiant,
949 2375 1062 2416 nulla
1090 2389 1138 2417 re
1168 2377 1411 2426 adiuvante,
1443 2376 1575 2426 aliae,
1607 2390 1713 2434 quae
1739 2375 1855 2417 adiu-

97 2437 188 2479 vari
215 2437 364 2486 velint,
410 2444 478 2488 ut,
525 2437 733 2494 Sapientia
767 2436 891 2479 efficit
928 2438 1135 2494 sapientes
1165 2439 1254 2480 sola
1282 2452 1358 2494 per
1388 2454 1456 2490 se;
1505 2438 1650 2482 beatos
1681 2437 1850 2486 efficiat,

97 2512 229 2542 necne
259 2500 347 2543 sola
375 2514 450 2558 per
480 2514 550 2551 se,
583 2500 769 2557 quaestio
800 2506 876 2542 est.
937 2503 1006 2543 60.
1040 2501 1178 2551 Quare
1206 2514 1299 2543 cum
1327 2500 1373 2543 in
1403 2502 1723 2558 disputationem
1751 2499 1853 2542 inci-
1866 2509 1902 2538 ³⁵

190 2672 226 2705 2.
253 2671 357 2714 Apud
377 2672 404 2706 E
423 2675 472 2708 sic
490 2673 739 2716 distinguitur:
767 2672 827 2709 Id,
854 2672 946 2716 quod
961 2674 1047 2709 scis,
1072 2672 1215 2714 prodest
1229 2673 1342 2707 nihil.-
1367 2673 1429 2714 id,
1455 2673 1549 2717 quod
1565 2673 1676 2706 nescis
1692 2697 1701 2712 ‚
1730 2672 1851 2706 obest?

99 2716 169 2753 Nos
193 2723 304 2753 secuti
330 2730 449 2754 sumus
473 2721 658 2755 Boethium
684 2724 718 2754 in
745 2720 862 2754 Schol.
889 2720 962 2754 Cic.
990 2721 1068 2753 Vol.
1104 2719 1133 2752 1.
1171 2729 1207 2762 p.
1234 2720 1327 2754 365:
1368 2721 1445 2754 Hoc
1477 2730 1607 2763 quoquc
1642 2720 1854 2760 enthymema

100 2767 167 2799 tali
182 2769 335 2800 nectitur
351 2768 574 2809 sylloyismo:
599 2769 691 2801 Non
715 2771 754 2801 et
779 2768 842 2808 id,
874 2768 990 2809 quod
1013 2768 1127 2804 scis,
1151 2769 1365 2808 prodest,
1393 2773 1435 2801 et
1458 2769 1523 2806 id,
1549 2768 1663 2809 quod
1686 2768 1851 2802 nescis,

99 2822 185 2846 non
210 2814 350 2852 obem,-
376 2817 507 2856 atqui
531 2815 598 2855 id,
625 2816 743 2856 quod
768 2817 882 2852 scis,
906 2815 1119 2855 prodest.-
1148 2815 1268 2848 obest
1291 2816 1468 2857 iyitum
1494 2815 1610 2855 quod
1633 2814 1792 2846 nescis.
1811 2830 1850 2837 -

100 2860 135 2892 4.
161 2862 276 2902 maqis
292 2865 338 2893 est
355 2861 403 2893 B:
429 2863 540 2903 magis
565 2870 643 2894 cum
670 2865 795 2894 nostris
821 2861 932 2894 Codd.
954 2861 994 2893 E.
1014 2879 1058 2884 —
1082 2861 1117 2893 8.
1144 2862 1316 2904 Itemque.
1343 2862 1406 2894 hoc
1434 2866 1496 2894 aut
1514 2861 1540 2892 E
1562 2869 1701 2900 operae.
1726 2875 1766 2883 —
1792 2859 1850 2892 13.

100 2907 179 2939 Non
197 2911 228 2939 et
253 2908 313 2941 hoc
337 2908 390 2940 ab
405 2915 454 2940 ce
471 2932 479 2947 ‚
505 2909 552 2948 B,
578 2908 695 2942 vana:
723 2909 801 2942 Non
818 2912 849 2940 et
867 2910 928 2940 hoc
947 2911 995 2939 esc
1020 2907 1152 2942 drNE.
1174 2925 1216 2931 —
1243 2909 1299 2941 15.
1319 2909 1363 2940 iis
1387 2918 1406 2941 a
1422 2909 1466 2940 d:
1493 2908 1544 2939 his
1562 2907 1588 2939 E
1609 2916 1687 2940 eum
1707 2909 1789 2940 cett.
1807 2921 1854 2931 -

101 2954 159 2987 16.
186 2957 261 2986 tota
285 2954 352 2995 sere
390 2954 519 2988 aber:
560 2954 630 2996 fere
665 2960 742 2989 tota
768 2956 794 2988 E
822 2963 899 2988 cum
926 2959 1007 2987 cett.
1053 2971 1093 2979 —
1133 2953 1376 2997 διαλεκτική]
1417 2954 1598 2986 dialectica
1622 2954 1661 2987 E.
1702 2952 1852 2994 (Graece

102 3003 224 3042 scripsi
252 3010 291 3034 ex
317 3001 427 3034 Codd.
453 3001 632 3043 vestigiis.)
667 3019 704 3025 —
745 3003 801 3035 17.
829 3002 1081 3034 institutionem
1104 3001 1302 3041 abcdet',
1329 3001 1452 3035 Valla:
1492 3001 1746 3033 institutionem
1770 3004 1853 3032 sunt

103 3057 181 3082 cum
207 3047 375 3080 Lamblno
402 3048 444 3079 E.
480 3065 524 3070 —
561 3049 619 3081 21.
646 3047 768 3091 igitur]
798 3050 888 3082 enim
911 3048 1076 3087 abcde,
1105 3048 1164 3080 Gr.
1183 3071 1192 3087 ,
1219 3048 1292 3094 Βρ,
1318 3047 1390 3080 BV.
1439 3046 1555 3079 Habet
1579 3048 1690 3088 ἱρέων
1715 3047 1751 3087 [3
1789 3055 1853 3079 nos

102 3095 321 3129 seclusimus.
359 3111 401 3117 —
442 3094 500 3127 22.
525 3095 586 3128 sub
613 3103 688 3127 eam
711 3097 781 3128 vim
816 3095 870 3128 ab
888 3096 994 3129 cde:
1033 3094 1095 3126 sub
1122 3103 1164 3127 ea
1191 3094 1326 3127 Oxonn.
1354 3098 1449 3129 tres.
1485 3093 1544 3126 NE
1562 3115 1571 3132 ‚
1597 3093 1659 3126 sub
1685 3103 1727 3127 ea
1749 3094 1784 3126 vi
1808 3093 1851 3132 B,

102 3142 213 3175 Valla.
238 3140 322 3183 (err.
350 3141 493 3174 Tuscui.
519 3142 566 3180 4,
593 3139 631 3181 §.
661 3142 715 3174 16.
743 3143 789 3180 5,
815 3140 853 3182 ὃ.
881 3141 933 3182 2.)
963 3158 1001 3165 -
1029 3144 1119 3173 certe
1144 3149 1264 3174 omnes
1289 3142 1398 3173 nostri
1425 3141 1606 3181 ceterique
1632 3142 1732 3174 noti:
1758 3144 1853 3172 certo

102 3189 131 3222 E
157 3190 371 3222 coniectura.
423 3187 492 3220 Sed
519 3188 579 3220 crr-
608 3187 711 3220 Hand
737 3189 840 3222 Turs.
868 3188 915 3220 11.
943 3196 977 3227 p.
1004 3188 1062 3220 17.
1088 3204 1132 3210 ·—
1156 3187 1214 3219 27.
1240 3188 1391 3219 materia
1416 3186 1615 3226 abcdet',
1643 3186 1729 3234 Βρ,
1755 3186 1853 3219 Valla

102 3236 188 3268 sz
216 3237 386 3269 materiae
411 3243 491 3268 cum
520 3234 656 3267 Oxonn.
684 3234 820 3268 duobus
847 3239 881 3268 et
904 3233 994 3267 Aldo
1020 3234 1061 3266 E.
1097 3250 1141 3256 —-
1182 3236 1295 3267 cetera
1319 3233 1465 3272 abed,
1494 3233 1547 3266 B:
1577 3238 1609 3266 et
1633 3238 1745 3267 cetera
1771 3241 1851 3266 cum

103 3282 146 3316 fe
173 3287 278 3323 atque
306 3282 395 3315 Edd.
423 3291 442 3315 a
468 3291 522 3314 me
548 3283 712 3321 inspectis
736 3282 777 3313 E.
811 3298 855 3303 ——
891 3281 949 3313 29.
977 3281 1144 3316 attulerat
1167 3280 1228 3315 BV
1252 3284 1287 3315 et
1309 3280 1476 3315 Boethius
1500 3282 1536 3314 in
1563 3279 1719 3315 Comm.:
1760 3283 1853 3314 attu-

107 3329 185 3362 lerit
211 3339 288 3362 cum
316 3328 428 3363 Codd.
456 3330 582 3362 nostris
608 3329 804 3371 ceterisque
827 3328 918 3362 notis
943 3328 985 3361 E.

185 3395 277 3423 cicero
295 3395 324 3422 τ.
344 3395 366 3424 ι.
1357 3392 1412 3433 30
