2117 3762
240 262 322 304 372
1015 259 1213 301 BRUTUS

240 368 439 409 tulerunt.
498 365 576 407 Hic
604 362 791 412 Atticus,
838 363 1062 412 Quomodo
1091 365 1197 405 istuc
1226 364 1344 414 dicis,
1393 365 1547 419 inquit,
1587 377 1678 405 cum
1711 370 1781 406 tuo
1813 365 1992 414 iudicio,

240 436 328 471 tum
373 430 586 470 omnium?
634 428 860 480 Semperne
902 425 944 466 in
988 430 1155 466 oratore
1198 426 1413 481 probando
1458 432 1527 467 aut
1566 425 1842 482 improbando
1884 427 1995 482 vulgi

239 493 436 534 iudicium
467 504 560 531 cum
589 488 905 542 intelligentium
936 487 1090 529 iudicio
1123 491 1340 541 congruit?
1390 492 1451 530 An
1482 488 1550 529 alii
1581 491 1811 542 probantur
1840 503 1863 530 a
1892 490 1997 531 mul-

238 554 435 602 titudine,
482 551 549 592 alii
589 555 728 590 autem
769 548 821 590 ab
860 549 934 599 iis,
984 552 1053 605 qui
1087 549 1346 604 intelligunt?
1393 555 1518 593 Recte
1556 551 1757 605 requiris,
1801 553 1993 606 inquam,

209 619 392 660 ⁵Attice:
425 615 497 656 sed
528 611 670 653 audies
701 625 753 652 ex
782 625 849 652 me
879 611 1080 661 fortasse,
1115 614 1228 666 quod
1258 626 1341 653 non
1371 627 1514 654 omnes
1544 613 1737 668 probent.
1802 615 1895 654 184.
1936 617 1998 655 An

239 688 306 729 tu,
339 679 493 733 inquit,
534 676 577 715 id
606 673 797 723 laboras,
840 674 873 714 si
903 675 999 715 huic
1030 675 1156 716 modo
1187 677 1314 716 Bruto
1344 675 1594 730 probaturus
1626 680 1697 718 es?
1745 676 1893 725 Plane,
1935 677 1998 717 in-

238 757 380 799 quam,
411 739 567 786 Attice,
600 736 922 792 disputationem
953 739 1058 778 hanc
1090 739 1140 778 de
1172 743 1339 778 oratore
1370 738 1586 791 probando
1619 745 1689 780 aut
1717 740 1996 794 improbando

236 806 366 847 multo
405 801 547 843 malim
588 801 665 840 tibi
706 805 746 841 et
783 802 911 841 Bruto
951 799 1139 853 placere;
1187 799 1467 853 eloquentiam
1507 807 1645 843 autem
1678 816 1814 843 meam
1843 800 1997 857 populo

236 866 405 923 probari
435 863 572 906 velim.
630 863 790 903 Etenim
821 875 993 903 necesse
1025 868 1110 911 est,
1144 862 1216 916 qui
1249 865 1303 903 ita
1335 861 1464 912 dicat,
1497 871 1542 904 ut
1571 880 1595 906 a
1616 866 1879 907 multitudine
1900 878 1998 920 pro-

186 943 222 968 10
236 929 382 977 betur,
429 927 606 968 eundem
636 923 769 966 doctis
799 926 985 979 probari.
1042 927 1173 974 Nam,
1221 923 1319 979 quid
1360 924 1404 966 in
1441 925 1616 968 dicendo
1655 934 1815 969 rectum
1846 928 1898 969 sit
1927 931 1999 968 aut

236 1003 429 1047 pravum,
473 1001 551 1042 ego
582 986 799 1035 iudicabo,
839 989 872 1028 si
904 990 1030 1030 modo
1060 988 1095 1029 is
1126 1001 1240 1036 sum,
1275 986 1347 1042 qui
1377 988 1419 1028 id
1450 991 1604 1042 possim
1636 998 1705 1032 aut
1735 992 1861 1032 sciam
1891 988 2000 1030 iudi-

237 1067 355 1095 care:
405 1051 535 1108 qualis
565 1063 666 1093 vero
697 1051 749 1091 sit
779 1055 944 1100 orator,
990 1065 1044 1092 ex
1073 1063 1148 1099 eo,
1193 1052 1303 1104 qnod
1334 1052 1368 1091 is
1409 1049 1583 1093 dicendo
1629 1052 1801 1102 efficiet,
1846 1053 2000 1108 poterit

233 1115 423 1170 intelligi.
485 1116 578 1155 185.
628 1114 721 1154 Tria
761 1118 855 1154 sunt
894 1113 1025 1162 enim,
1072 1118 1117 1153 ut
1157 1115 1323 1168 quidem
1355 1125 1432 1167 ego
1465 1115 1621 1163 sentio,
1667 1129 1771 1170 quae
1801 1117 1883 1157 sint
1913 1113 2001 1156 effi-

235 1181 380 1222 cienda
410 1178 611 1220 dicendo:
658 1181 704 1217 ut
735 1178 935 1218 doceatur
965 1178 1026 1226 is,
1074 1179 1185 1229 apud
1216 1190 1340 1231 quem
1372 1176 1553 1226 dicetur,
1591 1183 1637 1218 ut
1667 1178 1915 1227 delectetur,
1956 1182 2002 1219 ut

185 1247 451 1285 amoveatur
479 1239 781 1284 vehementius.
845 1238 1006 1289 Quibus
1050 1237 1274 1280 virtutibus
1306 1240 1486 1280 oratoris
1517 1242 1666 1281 horum
1699 1241 1880 1296 quidque
1911 1241 2001 1282 effi-

235 1307 367 1347 ciatur
396 1309 467 1345 aut
497 1302 646 1359 quibus
677 1304 786 1345 vitiis
818 1308 962 1344 orator
991 1307 1062 1343 aut
1092 1316 1175 1343 non
1205 1308 1451 1357 assequatur
1480 1301 1581 1344 haec
1610 1308 1681 1344 aut
1710 1304 1832 1346 etiam
1861 1304 1904 1345 in
1936 1304 2000 1344 his

234 1367 397 1410 labatur
433 1371 474 1408 et
513 1367 647 1414 cadat,
697 1366 849 1408 artifex
892 1365 1041 1421 aliquis
1070 1363 1284 1406 iudicabit.
1346 1364 1557 1407 Efficiatur
1586 1371 1722 1407 autem
1754 1369 1805 1408 ab
1835 1371 2001 1408 oratore

235 1444 386 1478 necne,
425 1435 473 1471 ut
503 1429 552 1477 ii,
593 1429 663 1484 qui
693 1427 887 1476 audiunt,
918 1428 975 1469 ita
1005 1426 1254 1476 afficiantur,
1286 1432 1331 1468 ut
1362 1434 1506 1470 orator
1536 1429 1658 1477 velit,
1690 1429 1802 1483 vulgi
1834 1442 2002 1470 assensu

237 1498 277 1535 et
305 1491 499 1546 populari
529 1489 832 1546 approbatione
863 1491 1038 1532 iudicari
1070 1490 1189 1532 solet.
1250 1492 1398 1546 Itaque
1437 1506 1649 1548 nunquam
1685 1494 1736 1533 de
1768 1491 1878 1533 bono
1909 1504 2003 1532 ora-

186 1568 222 1594 20
236 1562 327 1598 tore
359 1561 429 1596 aut
458 1567 543 1596 non
573 1552 683 1596 bono
716 1554 849 1594 doctis
868 1552 1108 1595 hominibus
1127 1567 1219 1594 cum
1250 1553 1406 1608 populo
1436 1553 1639 1596 dissensio
1669 1553 1759 1596 fuit.
1820 1557 1866 1595 L.
1904 1555 1998 1594 186.

236 1621 300 1660 An
327 1631 494 1666 censes,
526 1619 625 1658 dum
657 1616 717 1658 illi
750 1618 994 1671 viguerunt,
1027 1630 1131 1672 quos
1162 1622 1256 1657 ante
1285 1615 1390 1664 dixi,
1422 1630 1504 1658 non
1536 1619 1702 1658 eosdem
1728 1618 1879 1671 gradus
1908 1629 2002 1658 ora-

235 1687 374 1723 torum
404 1679 517 1734 vulgi
541 1678 696 1721 iudicio
730 1684 770 1720 et
796 1679 1015 1721 doctorum
1042 1678 1199 1720 fuisse?
1245 1681 1305 1719 De
1328 1679 1484 1734 populo
1514 1681 1547 1721 si
1578 1694 1701 1735 quem
1734 1679 1790 1721 ita
1820 1680 2004 1734 rogavis-

236 1759 327 1786 ses:
377 1743 507 1793 “Quis
541 1748 604 1784 est
631 1744 673 1784 in
700 1744 779 1784 hac
809 1743 976 1784 civitate
1009 1742 1438 1797 eloquentissimum„
1488 1745 1530 1785 in
1562 1745 1742 1786 Antonio
1781 1750 1821 1786 et
1854 1745 2001 1786 Crasso

236 1811 308 1849 aut
340 1804 549 1848 dubitaret
580 1811 651 1847 aut
678 1804 786 1847 hunc
824 1806 948 1853 alius,
997 1804 1113 1846 illum
1154 1805 1257 1847 alius
1290 1805 1461 1847 diceret.
1523 1809 1709 1848 Nemone
1740 1805 2000 1861 Philippum,

186 1885 222 1911 2⁵
238 1875 320 1911 tam
342 1881 509 1910 suavem
543 1873 772 1915 oratorem,
805 1873 888 1910 tam
918 1881 1111 1923 gravem,
1154 1873 1236 1909 tam
1267 1867 1467 1917 facetum,
1498 1870 1561 1911 his
1593 1868 1843 1918 anteferret,
1878 1883 2003 1923 quem

238 1935 401 1973 nosmet
428 1931 528 1985 ipsi,
571 1932 643 1986 qui
673 1933 776 1972 haec
816 1937 902 1972 arte
943 1931 1080 1986 aliqua
1122 1933 1314 1973 volumus
1351 1931 1605 1987 expendere,
1655 1933 1893 1986 proximum
1922 1930 2003 1971 illis

236 1994 363 2037 fuisse
392 1993 601 2036 diximus?
632 1997 763 2036 Nemo
793 1993 996 2050 profecto.
1056 1993 1102 2035 Id
1128 1995 1237 2035 enim
1266 1994 1400 2047 ipsum
1432 2000 1492 2035 est
1515 1995 1664 2035 summi
1692 1995 1869 2034 oratoris
1894 2006 2005 2033 sum-

237 2072 352 2101 mum
393 2062 602 2099 oratorem
641 2057 797 2113 populo
835 2056 983 2098 videri.
1049 2057 1141 2097 187.
1188 2057 1328 2105 Quare
1358 2056 1513 2097 tibicen
1547 2055 1816 2109 Antigenidas
1849 2053 2006 2096 dixerit

238 2120 438 2176 discipulo
481 2134 579 2162 sane
617 2119 783 2174 frigenti
823 2121 875 2161 ad
907 2118 1133 2174 populum,
1185 2119 1310 2161 «Mihi
1349 2132 1450 2160 cane
1480 2124 1520 2160 et
1556 2119 1743 2171 Musisz„
1791 2131 1870 2172 ego
1907 2119 2004 2159 huic

189 2198 226 2225 ³0
239 2188 365 2227 Bruto
392 2183 565 2232 dicenti,
612 2188 657 2223 ut
686 2183 811 2230 solet,
852 2181 962 2237 apud
989 2182 1319 2229 multitudinem,
1367 2181 1492 2223 «Mihi
1526 2195 1626 2222 cane
1659 2187 1698 2222 et
1722 2180 1897 2236 populo,
1947 2181 2005 2220 mi

238 2252 409 2295 Brute,»
459 2245 661 2294 dixerim,
707 2250 772 2295 ut,
817 2247 888 2300 qui
920 2247 1110 2293 audient,
1150 2244 1247 2300 quid
1279 2243 1509 2294 efficiatur,
1559 2257 1656 2298 ego,
1700 2245 1823 2286 etiam
1855 2257 1929 2285 cur
1960 2243 2005 2284 id

239 2310 459 2358 efficiatur,
505 2308 744 2362 intelligam.
808 2307 946 2348 Credit
975 2308 1048 2357 iis,
1097 2322 1203 2363 quae
1234 2306 1453 2357 dicuntur,
1502 2309 1572 2363 qui
1612 2309 1727 2349 audit
1767 2312 2001 2356 oratorem,

238 2388 336 2417 vera
367 2376 504 2427 putat,
536 2372 778 2419 assentitur,
812 2369 987 2426 probat3
1019 2369 1143 2411 fidem
1173 2371 1272 2411 facit
1301 2372 1447 2413 oratio.
1512 2372 1607 2412 188.
1642 2374 1703 2412 Tu
1728 2369 1877 2412 artifex
1904 2367 2005 2425 quid

239 2435 405 2493 quaeris
449 2434 654 2488 amplius?
702 2432 938 2474 Delectatur
976 2432 1148 2474 audiens
1190 2433 1409 2475 multitudo
1452 2438 1492 2475 et
1530 2435 1693 2476 ducitur
1723 2434 1913 2475 oratione
1965 2436 2006 2473 et

191 2518 226 2545 ³5
242 2500 359 2555 quasi
388 2497 599 2552 voluptate
627 2498 800 2550 quadam
827 2497 1098 2552 perfunditur.
1158 2495 1268 2546 Quid
1294 2495 1420 2538 habes
1449 2499 1561 2552 quod
1592 2496 1807 2551 disputes?
1841 2496 2005 2537 Gaudet

243 2563 380 2611 dolet,
420 2559 527 2602 ridet
554 2558 712 2614 plorat,
756 2558 866 2600 favet
893 2558 1003 2608 odit,
1047 2559 1274 2600 contemnit
1294 2559 1472 2609 invidet,
1509 2561 1561 2601 ad
1587 2557 1914 2601 misericordiam
1944 2558 2006 2598 in-

243 2625 422 2673 ducitur,
444 2624 497 2664 ad
513 2624 765 2677 pudendum,
789 2624 840 2663 ad
859 2621 1109 2676 pigendum;
1139 2623 1330 2664 irascitur
1350 2622 1546 2672 miratur,
1579 2626 1715 2677 sperat
1732 2622 1869 2662 timet:
1901 2622 2005 2661 haec

242 2686 415 2744 perinde
447 2687 659 2734 accidunt,
702 2692 939 2735 uteorum,
986 2685 1057 2740 qui
1082 2684 1253 2733 adsunt,
1294 2691 1452 2726 mentes
1480 2683 1617 2727 verbis
1647 2688 1687 2724 et
1717 2682 1930 2725 sententiis
1964 2686 2006 2723 et

243 2749 407 2791 actione
437 2753 677 2790 tractantur.
738 2749 846 2798 Quid
876 2755 958 2797 est,
1002 2746 1113 2804 quod
1143 2753 1406 2803 exspectetur
1432 2748 1545 2790 docti
1568 2746 1741 2788 alicuius
1770 2745 2004 2787 sententia?

195 2831 230 2857 40
246 2814 369 2863 Quod
409 2812 519 2852 enim
554 2809 705 2866 probat
735 2810 980 2860 multitudo,
1025 2813 1106 2852 hoc
1136 2811 1247 2851 idem
1278 2811 1411 2852 doctis
1441 2812 1705 2864 probandum
1737 2814 1815 2851 est.
1876 2808 2004 2849 Deni-

247 2890 327 2930 que
370 2877 450 2916 hoc
490 2876 699 2929 specimen
740 2878 802 2914 est
840 2873 1053 2929 popularis
1093 2874 1261 2922 iudicii,
1312 2874 1354 2915 in
1384 2886 1467 2928 quo
1497 2886 1708 2928 nunquam
1737 2872 1816 2912 suit
1844 2869 2003 2925 populo

247 2952 342 2978 cum
373 2938 505 2979 doctis
535 2937 946 2992 intelligentibusque
979 2937 1196 2979 dissensio.
1258 2937 1351 2977 189.
1387 2936 1489 2976 Cum
1518 2935 1637 2976 multi
1658 2939 1795 2976 essent
1815 2938 2004 2975 oratores

246 3001 289 3040 in
328 3001 443 3041 vario
482 3013 636 3054 genere
677 2998 861 3048 dicendi,
912 3001 1003 3053 quis
1042 3013 1226 3055 unquam
1264 3012 1315 3039 ex
1353 2998 1418 3039 his
1457 2997 1662 3039 excellere
1700 2996 1906 3039 iudicatus
1945 2998 2006 3037 est

248 3061 360 3116 vulgi
398 3062 574 3113 iudicio,
620 3061 692 3119 qui
730 3076 815 3104 non
853 3061 964 3103 idem
995 3077 1019 3105 a
1049 3061 1182 3104 doctis
1221 3063 1499 3117 probaretur?
1549 3059 1724 3110 Quando
1761 3064 1899 3101 autem
1929 3059 2006 3101 du-

344 3208 400 3240 15.
429 3210 626 3242 oratoribus
651 3210 801 3242 Ernestii
829 3217 969 3250 operae.
999 3224 1030 3231 -
1076 3208 1133 3241 18.
1159 3208 1311 3240 audiunt
1337 3206 1414 3239 libri
1441 3210 1573 3240 tantum
1599 3215 1668 3239 non
1694 3214 1829 3245 omnes,
1857 3204 1907 3236 R:
1943 3213 2004 3237 au·

252 3255 354 3286 (liant
379 3255 404 3286 E
431 3258 544 3294 eoni.;
588 3261 709 3296 postea
742 3258 834 3290 idem
867 3260 1043 3296 repertum
1078 3260 1131 3288 est
1163 3257 1196 3287 in
1229 3255 1289 3295 Lg.
1317 3254 1373 3286 20.
1402 3254 1479 3287 Vat.
1515 3271 1555 3277 —
1597 3254 1655 3286 24.
1681 3254 1783 3287 Nemo
1807 3256 1846 3283 ut
1870 3251 2001 3291 Palat.,

253 3302 399 3333 Nemone
424 3307 462 3334 uc
490 3303 637 3336 Ernestii
675 3306 827 3344 suspicio
866 3304 963 3342 prob.
991 3303 1194 3336 Heindorfio
1227 3304 1270 3334 ad
1305 3301 1425 3334 Horat.
1460 3301 1570 3333 Serm.
1599 3302 1641 3336 1,
1670 3302 1710 3338 1,
1738 3299 1816 3331 108.
1845 3297 1914 3330 cfr.
1940 3308 2002 3340 pro

255 3349 368 3381 Sestio
394 3340 431 3389 ὃ.
460 3349 516 3381 17.
545 3366 584 3371 -
611 3351 667 3382 31.
698 3353 840 3383 audient
864 3351 965 3390 libri,
992 3351 1042 3382 R:
1070 3350 1220 3382 audiant
1247 3349 1272 3381 E
1298 3351 1391 3381 coni.
1419 3365 1458 3373 —
1484 3349 1543 3382 43.
1569 3349 1613 3381 iis
1637 3348 1698 3388 Lg.
1724 3346 1781 3379 56.
1809 3349 1842 3379 et
1866 3345 1909 3378 R.
