2117 3762
599 231 668 271 AD
698 231 752 275 M.
779 230 992 273 BRUTUM
1024 230 1066 276 C.
1099 233 1166 275 68.
1200 234 1267 276 69.
1300 235 1368 277 70.
1780 237 1861 278 453

114 335 388 380 Asiaticorum
419 335 630 379 rhetorum
660 337 866 393 principes
898 338 1111 381 IIierocles
1143 346 1184 382 et
1213 340 1417 383 Menecles
1451 339 1620 382 minime
1650 353 1741 381 mea
1772 355 1863 383 sen-

114 398 238 441 tentia
269 401 570 441 contemnendi.
628 400 712 442 Etsi
745 399 853 441 enim
885 414 906 441 a
937 400 1070 442 forma
1100 403 1285 444 veritatis
1316 409 1355 445 ct
1384 405 1436 445 ab
1466 404 1697 445 Atticorum
1719 403 1864 457 regula

110 460 281 510 absunt,
333 467 466 504 tamen
511 464 589 504 hoc
632 460 775 503 vitium
820 470 1088 519 compensant
1132 467 1196 506 vel
1243 465 1435 507 facultate
1475 465 1541 507 vel
1584 466 1719 519 copia.
1783 464 1862 506 Sed

110 527 218 580 apud
249 537 321 565 eos
352 524 527 566 varietas
557 538 639 566 non
670 531 778 573 erat,
813 529 923 582 quod
955 528 1093 568 omnia
1123 528 1211 568 fere
1242 527 1598 570 concludebantur
1618 541 1701 568 uno
1724 526 1862 569 modo.

111 590 227 640 Quae
258 590 355 631 vitia
384 589 453 644 qui
483 588 657 643 fugerit,
690 595 734 630 ut
764 602 899 644 neque
930 588 1102 631 verbum
1134 591 1190 630 ita
1221 589 1418 639 traiiciat,
1452 597 1497 632 ut
1525 590 1566 632 id
1593 592 1644 632 de
1664 589 1894 633 industrias

108 653 261 694 sactum
298 651 569 705 intelligatur,
622 664 756 706 neque
796 651 1021 693 inferciens
1060 653 1183 693 verba
1224 653 1340 707 quasi
1381 654 1507 694 rimas
1547 653 1735 707 expleat,
1789 665 1866 694 nec

110 714 292 757 minutos
321 725 514 755 numeros
545 726 721 768 sequens
753 713 943 755 concidat
972 712 1265 769 delumbetque
1297 716 1542 764 sententias,
1574 728 1651 757 nec
1672 716 1760 757 sine
1781 715 1865 757 ulla

109 780 429 820 commutatione
459 776 501 816 in
533 778 680 818 eodem
711 790 879 832 semper
908 780 1098 817 versetur
1128 789 1281 830 genere
1312 790 1604 826 numerorum,
1655 779 1690 820 is
1729 777 1866 820 omnia

108 840 198 884 fere
227 842 323 882 vitia
353 840 557 884 vitaverit.
619 841 721 881 Nam
752 838 802 880 de
833 839 1026 879 laudibus
1060 838 1190 880 multa
1230 838 1432 889 diximus,
1480 839 1630 895 quibus
1661 847 1756 883 sunt
1785 842 1867 883 alia

109 904 324 959 perspicue
352 904 449 945 vitia
481 902 702 943 contraria.
762 902 890 942 LXX.
920 902 1014 941 232.
1061 901 1269 951 Quantum
1313 906 1451 943 autem
1491 904 1544 944 sit
1573 909 1667 959 apte
1699 905 1838 946 dicere
1849 920 1914 955 ,ιο

110 967 294 1020 experiri
331 967 450 1015 licet,
502 964 536 1006 si
577 970 649 1005 aut
688 963 907 1019 compositi
944 963 1122 1005 oratoris
1162 962 1268 1006 bene
1310 969 1507 1008 structam
1548 967 1863 1010 collocationem

108 1027 306 1070 dissolvas
335 1027 640 1084 permutatione
669 1028 919 1076 verborum;
950 1049 1004 1057 —
1042 1031 1332 1083 corrumpatur
1361 1030 1471 1070 enim
1503 1034 1586 1071 tota
1617 1045 1710 1080 res,
1750 1037 1797 1072 ut
1825 1036 1867 1072 et

106 1093 209 1133 haec
246 1097 387 1133 nostra
424 1092 466 1132 in
509 1089 752 1132 Corneliana
784 1093 825 1129 et
859 1087 1053 1144 deinceps
1093 1091 1256 1131 omnia:
1309 1093 1488 1145 Neque
1527 1105 1602 1133 me
1642 1092 1865 1134 divitiae

106 1159 340 1201 movent,
392 1154 586 1208 quibus
626 1165 804 1193 omnes
841 1152 1125 1193 Africanos
1155 1157 1204 1193 et
1232 1153 1447 1195 Laelios
1478 1153 1633 1196 multi
1663 1155 1866 1197 venali-

106 1215 174 1257 cii
205 1221 640 1270 mercatoresque
671 1220 1015 1267 supe1·arunt;
1049 1215 1220 1256 immuta
1243 1215 1494 1270 paullulum,
1527 1222 1573 1258 ut
1602 1218 1675 1267 sit,
1709 1217 1914 1259 multi15

106 1285 430 1332 superarunt
459 1282 787 1319 mercatores
819 1276 1213 1333 venaliciique,
1243 1280 1418 1334 perierit
1446 1284 1531 1321 tota
1561 1293 1650 1330 res;
1687 1285 1728 1320 et
1758 1294 1864 1334 quae

105 1346 354 1396 sequuntur:
406 1343 580 1396 Neque
623 1340 788 1381 vestis
832 1344 920 1380 aut
966 1342 1224 1383 caelatum
1259 1355 1440 1383 aurum
1481 1347 1532 1384 et
1571 1349 1864 1398 argentum,

106 1417 204 1458 quo
244 1408 453 1445 nostros
490 1408 704 1444 veteres
744 1401 1031 1444 Marcellos
1061 1403 1426 1458 Maximosque
1456 1405 1609 1446 multi
1640 1404 1865 1446 eunuchi

105 1479 128 1508 e
159 1467 305 1520 Syria
334 1468 677 1520 Aegyptoque
707 1465 979 1516 vicerunt;
1024 1464 1152 1507 verba
1181 1472 1369 1521 permuta
1401 1465 1483 1517 sic,
1525 1472 1572 1509 ut
1601 1467 1678 1517 sit,
1711 1468 1866 1510 Vice-

105 1535 225 1570 runt
255 1527 481 1570 eunuchi
511 1541 533 1569 e
564 1529 712 1585 Syria
744 1532 1107 1584 Aegyptoque;
1153 1530 1258 1570 adde
1288 1528 1479 1571 tertium:
1531 1533 1707 1585 Neque
1738 1544 1915 1573 verozo

105 1596 411 1633 ornamenta
442 1591 544 1631 ista
574 1590 850 1636 villarum,
882 1589 1071 1645 quibus
1093 1593 1141 1632 L.
1161 1590 1395 1633 Paullum
1425 1594 1542 1634 etL.
1563 1593 1864 1642 Mummium,

105 1652 191 1709 qui
236 1655 394 1695 rebus
435 1653 514 1694 his
558 1654 740 1694 urbem
784 1651 1103 1708 Italiamque
1144 1669 1346 1697 omnem
1387 1654 1753 1703 referserunt,
1804 1654 1865 1697 ab

105 1715 287 1770 aliquo
332 1715 490 1756 video
534 1715 802 1769 perfacile
846 1714 1074 1757 Deliaco
1121 1723 1210 1758 aut
1249 1719 1382 1774 Syro
1426 1718 1665 1772 potuisse
1707 1731 1866 1772 supe-

104 1779 237 1829 rari;
283 1776 456 1826 facita,
495 1777 739 1832 potuisse
770 1780 1014 1833 superari
1044 1781 1102 1820 ab
1133 1779 1316 1836 aliquo
1348 1782 1479 1838 Syro
1512 1788 1596 1823 aut
1623 1780 1866 1823 Deliaco:

103 1842 200 1881 233.
241 1840 430 1888 videsne,
479 1846 525 1881 ut
560 1841 705 1881 ordine
746 1842 969 1882 verborum
1011 1841 1195 1896 paullum
1226 1849 1479 1886 commutato
1512 1843 1670 1886 eisdem
1702 1844 1914 1891 verbis,2⁵

103 1909 236 1944 stante
266 1904 489 1950 sententia,
521 1904 571 1944 ad
601 1902 776 1944 nihilum
808 1904 945 1944 omnia
976 1903 1181 1953 recidant,
1215 1920 1307 1947 cum
1329 1907 1410 1948 sint
1431 1920 1483 1948 ex
1513 1906 1619 1960 aptis
1650 1907 1863 1954 dissoluta,

103 1989 157 1995 —
186 1970 256 2006 aut
285 1967 320 2007 si
349 1965 522 2007 alicuius
552 1964 751 2006 inconditi
782 1967 958 2019 arripias
989 1966 1228 2021 dissipatam
1258 1971 1440 2025 aliquam
1477 1971 1721 2011 sententiam
1753 1983 1865 2011 eam-

104 2040 184 2081 que
213 2027 361 2069 ordine
389 2029 616 2069 verborum
646 2028 829 2082 paullum
860 2036 1114 2071 commutato
1145 2032 1186 2072 in
1211 2033 1414 2086 quadrum
1438 2033 1625 2086 redigas,
1661 2030 1864 2073 efficiatur

103 2095 242 2144 aptum
271 2090 390 2138 illud,
422 2093 533 2146 quod
562 2090 690 2132 suerit
718 2097 838 2133 antea
868 2091 1060 2134 diffluens
1091 2107 1137 2134 ac
1157 2095 1354 2135 solutum.
1414 2095 1501 2149 Age
1523 2109 1641 2135 sume
1664 2095 1714 2135 de
1739 2096 1864 2136 Grac-

104 2153 171 2192 chi
201 2155 309 2205 apud
340 2166 533 2195 censores
563 2153 686 2195 illud:
737 2156 939 2197 Abesse
980 2169 1075 2198 non
1104 2161 1301 2212 potest,
1345 2157 1471 2212 quin
1502 2158 1744 2198 eiusdem
1775 2158 1911 2197 lio-30

103 2215 257 2255 minis
305 2216 375 2256 sit
412 2218 606 2271 probos
647 2216 970 2272 improbare,
1008 2219 1098 2274 qui
1133 2217 1412 2272 improbos
1448 2217 1666 2274 probet;
1707 2224 1859 2274 quanto

103 2279 258 2333 aptius,
289 2279 321 2318 si
351 2279 409 2319 ita
438 2278 630 2327 dixisset,
663 2279 786 2334 quin
817 2282 1055 2323 eiusdem
1084 2281 1317 2323 hominis
1347 2283 1433 2330 sit,
1465 2281 1555 2338 qui
1584 2281 1861 2338 improbos

102 2342 318 2393 probet,
352 2339 547 2396 probos
577 2340 903 2396 improbaret
949 2365 1002 2372 —
1050 2345 1147 2386 234.
1180 2346 1272 2386 Hoc
1302 2343 1428 2386 modo
1459 2345 1598 2386 dicere
1629 2358 1750 2386 nemo
1783 2358 1859 2386 un-

103 2416 227 2457 quam
257 2402 413 2452 noluit,
459 2417 666 2459 nemoque
697 2405 831 2460 potuit
860 2406 960 2461 quin
992 2407 1168 2457 dixerit;
1220 2409 1290 2463 qui
1321 2413 1458 2449 autem
1489 2407 1608 2449 aliter
1641 2407 1858 2455 dixerunt,

104 2463 183 2506 hoc
220 2465 385 2520 assequi
422 2479 505 2506 non
543 2473 780 2521 potuerunt.
839 2469 898 2509 Ita
937 2468 1033 2510 facti
1071 2475 1166 2510 sunt
1201 2476 1374 2526 repente
1412 2469 1561 2520 Attici;
1609 2471 1725 2526 quasi
1759 2482 1858 2510 vcro
1873 2480 1907 2506 ³⁵

103 2527 333 2569 Trallianus
372 2528 500 2570 fuerit
539 2530 864 2573 Demosthenesl
917 2532 1034 2574 cuius
1074 2545 1157 2574 non
1196 2538 1279 2574 tam
1316 2531 1530 2574 vibrarent
1558 2533 1731 2574 fulmina
1761 2531 1855 2580 illa,

104 2591 181 2630 nisi
222 2591 406 2633 numeris
449 2598 638 2634 contorta
679 2592 899 2636 ferrentur.
962 2593 1043 2636 Sed
1072 2596 1108 2636 si
1150 2609 1254 2650 quos
1294 2596 1422 2649 magis
1462 2594 1666 2636 delectant
1701 2592 1856 2640 soluta,

103 2659 328 2706 sequantur
357 2668 406 2695 ea
436 2667 554 2701 sane,
596 2654 723 2697 modo
753 2657 831 2704 sic,
871 2662 942 2706 ut,
987 2658 1020 2698 si
1051 2660 1143 2712 quis
1173 2656 1342 2699 Phidiae
1373 2657 1564 2711 clupeum
1596 2656 1855 2703 dissolverit,

104 2715 390 2758 collocationis
420 2716 654 2758 universam
686 2720 866 2774 speciem
898 2719 1128 2769 sustulerit,
1174 2734 1257 2762 non
1296 2721 1553 2775 singulorum
1584 2732 1755 2776 operum
1788 2731 1857 2759 ve-

104 2783 325 2828 nustatem;
374 2784 419 2820 ut
446 2781 489 2820 in
519 2782 757 2837 Thucydide
788 2783 934 2823 orbem
966 2785 1091 2825 modo
1121 2783 1318 2825 orationis
1351 2783 1570 2833 desidero,
1612 2785 1855 2824 ornamenta
1869 2792 1906 2819 40

198 2892 254 2923 10.
279 2894 458 2932 perspicue
485 2894 553 2925 Vit.
586 2895 678 2926 Eins.
707 2895 832 2928 Dresd.
860 2897 928 2928 Erl.
959 2896 1024 2927 Gu.
1054 2898 1086 2928 1.
1115 2897 1150 2930 3.
1176 2898 1230 2930 R:
1254 2899 1442 2938 perspicua
1466 2898 1506 2929 E.
1537 2914 1574 2918 —
1602 2899 1659 2929 12.
1687 2896 1858 2928 dissolvat

105 2938 173 2969 vu.
203 2938 296 2969 Eins.
326 2939 409 2974 Dr..
438 2940 600 2973 dissolves
629 2942 698 2973 Erl.
742 2958 775 2963 —
819 2948 1061 2984 corrumpetur
1087 2944 1155 2976 Erl.
1185 2944 1250 2976 Gu.
1279 2946 1312 2976 1.
1340 2945 1461 2976 Lamb.
1479 2967 1488 2979 ,
1517 2944 1757 2983 corrumpitur
1782 2942 1852 2975 vit.

103 2985 161 3022 (Ut
188 2993 272 3020 nos,
301 2984 411 3025 Eins.)
439 3003 478 3008 —-
508 2988 563 3019 12.
593 2991 621 3018 et
648 2995 727 3022 ante
755 2999 785 3021 v.
813 2991 895 3021 haec
921 3000 989 3021 orn.
1015 2998 1092 3021 cum
1119 2992 1188 3022 Erl.
1214 2991 1280 3023 Gu.
1309 2990 1341 3022 3.
1372 2991 1568 3023 Schutzius.
1598 3007 1638 3012 —
1675 2991 1731 3021 15.
1752 2991 1856 3028 paul-

103 3033 212 3064 lulum
240 3032 306 3063 Vit.
338 3032 430 3062 Eins.
461 3033 529 3064 Er!-
558 3034 624 3066 Gu.
652 3037 684 3066 1.
714 3036 747 3066 2.
779 3038 826 3067 R:
855 3037 1018 3076 paullum
1046 3037 1085 3068 E.
1117 3053 1153 3059 —
1183 3038 1240 3069 25.
1269 3037 1331 3069 Vv.
1360 3039 1480 3068 ordine
1506 3054 1520 3060 -
1543 3054 1556 3060 -
1581 3039 1791 3068 commutato
1818 3038 1852 3069 h.

105 3080 126 3110 Ι.
161 3083 320 3117 suspecta
355 3078 528 3111 Schutzio.
566 3097 605 3103 —
650 3083 774 3113 eisdem
816 3083 935 3115 Eins.:
974 3084 1093 3115 iisdem
1126 3083 1201 3115 RE.
1241 3081 1378 3123 (iisdem
1402 3087 1517 3116 tamen
1539 3084 1652 3116 verbis
1677 3083 1729 3121 Α,
1772 3083 1852 3115 Vet.

105 3126 224 3164 steph.
255 3125 324 3156 Erl.
354 3124 419 3156 Gu.
448 3127 478 3155 1.
507 3124 556 3164 3.)
585 3144 623 3150 -
660 3128 716 3159 27.
745 3129 904 3168 aliquam
929 3131 1005 3161 licet
1030 3132 1235 3162 sententiam
1260 3130 1320 3160 Dr.
1350 3130 1416 3162 Gu.
1444 3131 1479 3161 2.
1497 3155 1506 3168 ‚
1544 3131 1698 3171 aliquam
1722 3133 1854 3161 senten—

105 3174 191 3204 tiam
217 3173 294 3203 licet
321 3171 389 3202 vit.
418 3172 510 3202 Eins.
541 3173 607 3204 Gu.
637 3174 668 3204 1.
710 3191 745 3197 —
792 3176 848 3206 28.
877 3177 1048 3216 quadram
1073 3177 1141 3208 Vit.
1170 3177 1264 3208 Eius.
1291 3177 1387 3208 Mon.
1418 3193 1454 3200 -
1496 3177 1553 3208 29.
1581 3176 1697 3217 fuerat
1720 3175 1849 3217 Gryph.

106 3228 156 3258 pr.
179 3219 299 3257 Steph.
322 3218 442 3250 Lamb.
466 3235 501 3240 —
530 3220 571 3249 de
586 3220 733 3251 Gracchi
758 3223 914 3253 oratione
941 3223 1000 3253 Dr.
1030 3223 1097 3255 Eri.
1126 3222 1192 3255 Gu.
1222 3225 1254 3254 1.
1281 3223 1315 3252 2.
1339 3240 1376 3246 -
1406 3222 1462 3254 34.
1489 3224 1599 3256 voluit
1624 3224 1718 3256 Eins.
1746 3223 1788 3253 R.
1810 3240 1847 3246 -

104 3266 162 3296 37.
189 3267 217 3296 si
242 3274 342 3306 quem
367 3281 381 3287 -
409 3281 418 3286 -
444 3269 611 3305 sequatur
635 3266 755 3298 Palatt.
786 3272 876 3304 tres,
906 3269 972 3301 Erl.
1003 3268 1069 3300 Gn.
1090 3270 1122 3300 1.
1154 3286 1193 3291 —
1221 3268 1277 3300 38.
1304 3270 1405 3300 modo
1429 3270 1500 3306 sic.
1527 3275 1568 3302 ut
1592 3272 1623 3301 si
1648 3271 1725 3310 quis
1750 3269 1848 3310 Regii

105 3316 290 3352 quattuor,
320 3312 415 3344 Eri-2
441 3312 543 3343 modo
567 3313 597 3343 si
621 3315 696 3354 quis
723 3313 793 3346 Vit.
822 3314 916 3347 Eins.
943 3315 1004 3347 Dr.
1034 3314 1100 3347 Gu.
1128 3316 1161 3347 1.
1188 3316 1222 3348 2.
1249 3315 1300 3355 R,
1327 3316 1429 3348 modo
1452 3317 1520 3353 sic,
1547 3321 1585 3350 ut
1610 3319 1685 3358 quis
1710 3316 1751 3348 E.
