2117 3762
796 256 896 296 LIB.
930 255 962 296 1.
1025 257 1067 298 C.
1102 258 1167 298 22.
1199 258 1263 298 23.
1827 261 1899 301 191

154 367 301 418 potero
344 368 385 404 et
420 360 540 403 fateri
582 360 742 402 nescire
782 360 894 416 quod
935 363 1140 411 nesciam,
1191 362 1309 410 licet,
1356 361 1487 417 inquit
1527 362 1722 411 Crassus,
1768 372 1904 406 vestro

154 424 353 466 arbitratu
393 424 705 478 percontemini.
781 425 872 464 102.
918 426 1068 480 Atqui,
1117 425 1249 480 inquit
1290 425 1518 480 Sulpicius,
1569 428 1649 466 hoc
1694 423 1902 480 [primum]

155 501 206 528 ex
239 493 297 534 te,
338 491 389 529 de
419 502 501 542 quo
534 488 660 528 modo
690 487 890 526 Antonius
923 487 1136 540 exposuit,
1181 488 1279 541 quid
1311 488 1489 536 sentias,
1535 488 1794 542 quaerimus:
1838 503 1905 529 ex-

154 550 365 590 istimesne
410 557 538 591 artem
578 548 755 603 aliquam
798 561 886 589 esse
927 549 1119 590 dicendi?
1175 549 1314 598 Quid?
1357 550 1457 590 mihi
1496 564 1603 591 nunc
1634 563 1732 598 vos,
1775 551 1908 606 inquit

155 610 347 659 Crassus,
393 618 599 668 tamquam
639 610 761 652 alicui
805 612 1004 653 Graeculo
1046 613 1180 653 otioso
1221 618 1261 653 et
1306 613 1467 667 loquaci
1506 619 1548 653 et
1579 611 1752 654 fortasse
1783 615 1936 654 doctos

154 679 277 727 atque
308 676 471 716 erudito
510 673 885 729 quaestiunculam,
925 677 976 715 de
1018 688 1096 728 qua
1137 688 1229 715 meo
1268 673 1465 715 arbitratu
1506 675 1675 730 loquar,
1721 676 1906 732 ponitis?

155 737 331 785 Quando
364 738 472 778 enim
503 750 568 777 me
600 737 677 777 ista
709 750 873 777 curasse
905 744 973 777 aut
1004 737 1207 791 cogitasse
1238 737 1518 786 arbitramini,
1561 744 1601 779 et
1630 752 1711 779 non
1744 752 1909 793 semper

153 798 329 840 irrisisse
360 801 497 854 potius
528 813 673 840 eorum
707 798 918 840 bominum
950 799 1269 855 impudentiam,
1303 801 1395 854 qui,
1430 814 1522 840 cum
1555 803 1595 841 in
1626 802 1767 842 schola
1799 814 1909 843 asse-

152 860 309 903 dissent
339 875 485 915 magna
516 861 728 902 hominum
762 862 1016 916 frequentia,
1052 861 1189 903 dicere
1220 862 1434 911 iuberent,
1469 863 1501 903 si
1533 863 1624 918 quis
1655 865 1753 918 quid
1785 876 1910 919 quae-

151 927 291 965 reret?
340 927 432 965 103.
469 925 591 973 Quod
622 924 799 977 primum
831 927 973 967 ferunt
1003 925 1250 966 Leontinum
1282 925 1428 966 fecisse
1461 926 1681 979 Gorgiam,
1715 927 1786 983 qui
1816 936 1958 982 per-10

151 999 344 1040 magnum
389 987 585 1042 quiddam
626 988 837 1042 suscipere
879 1002 925 1029 ac
958 986 1145 1043 profiteri
1184 986 1427 1036 videbatur,
1474 1001 1565 1028 cum
1597 1001 1639 1029 se
1670 990 1721 1030 ad
1753 988 1905 1037 omnia,

151 1047 201 1089 de
232 1050 383 1104 quibus
415 1049 591 1104 quisque
623 1049 765 1091 audire
799 1050 944 1098 vellet,
980 1064 1070 1091 esse
1092 1057 1281 1106 paratum
1303 1051 1576 1092 denuntiaret.
1638 1053 1784 1093 Postea
1805 1065 1906 1092 vero

149 1110 276 1165 vulgo
306 1113 387 1152 hoc
418 1112 554 1153 facere
595 1119 824 1168 coeperunt
864 1112 1071 1167 hodieque
1112 1114 1289 1161 faciunt,
1338 1118 1382 1154 ut
1422 1113 1531 1155 nulla
1575 1113 1627 1155 sit
1666 1126 1734 1155 res
1774 1126 1908 1168 neque

149 1179 261 1215 tanta
300 1188 435 1230 neque
483 1181 563 1215 tam
604 1175 830 1231 improvisa
876 1188 1009 1231 neque
1054 1181 1135 1216 tam
1178 1188 1314 1224 nova,
1363 1177 1413 1216 de
1454 1190 1534 1230 qua
1564 1189 1607 1217 se
1637 1190 1721 1218 non
1752 1175 1905 1224 omnia,

151 1250 255 1292 quae
286 1237 366 1278 dici
396 1239 578 1293 possint,
630 1237 901 1293 profiteantur
931 1252 1020 1279 esse
1052 1238 1249 1280 dicturos.
1315 1239 1408 1279 10⁷4.
1457 1237 1617 1289 Quodsi
1659 1244 1724 1287 te,
1774 1240 1904 1287 Cotta,
1923 1247 1957 1274 1⁵

151 1301 380 1341 arbitrarer
424 1307 495 1342 aut
523 1307 587 1349 te,
636 1300 818 1355 Sulpici,
867 1300 917 1341 de
949 1301 998 1342 iis
1027 1303 1153 1342 rebus
1185 1300 1327 1342 audire
1359 1301 1484 1348 velle,
1531 1300 1793 1342 adduxissem
1829 1300 1909 1342 huc

152 1363 355 1404 Graecum
387 1363 593 1418 aliquem,
646 1364 714 1419 qui
747 1377 820 1404 vos
850 1363 1083 1405 istiusmodi
1115 1363 1460 1419 disputationibus
1491 1364 1745 1413 delectaret;
1797 1364 1910 1417 quod

150 1441 203 1467 ne
234 1440 343 1467 nunc
374 1427 540 1480 quidem
572 1426 738 1467 diflicile
769 1427 877 1468 factu
910 1433 985 1467 est.
1045 1429 1118 1467 Est
1148 1426 1255 1467 enim
1299 1425 1408 1479 apud
1450 1429 1504 1467 M.
1548 1427 1763 1475 Pisonem,
1811 1427 1910 1466 ado-

150 1487 375 1530 lescentem
412 1487 520 1543 [iam]
555 1488 653 1530 huic
683 1488 818 1530 studio
850 1488 1060 1538 deditum,
1109 1503 1272 1531 summo
1302 1490 1512 1531 hominem
1553 1488 1721 1543 ingenio
1761 1488 1911 1529 nostri-

151 1565 231 1607 que
261 1551 571 1606 cupidissimum
601 1551 896 1605 Peripateticus
929 1553 1114 1601 Staseas,
1157 1553 1285 1593 homo
1326 1553 1447 1593 nobis
1477 1565 1575 1593 sane
1605 1549 1820 1592 familiaris
1852 1554 1906 1598 et,
1925 1562 1961 1587 20

150 1620 196 1654 ut
240 1613 346 1655 inter
392 1613 583 1655 homines
628 1614 782 1669 peritos
823 1621 1011 1656 constare
1054 1616 1199 1662 video,
1245 1614 1286 1655 in
1323 1614 1395 1655 illo
1435 1629 1509 1656 suo
1543 1627 1695 1669 genere
1725 1613 1910 1655 omnium

151 1679 358 1731 princeps.
420 1678 574 1717 xxm.
611 1679 703 1718 105.
739 1678 873 1727 Quem
908 1684 949 1718 tu
980 1677 1104 1725 mibi,
1138 1675 1273 1730 inquit
1303 1678 1487 1724 Mucius,
1536 1678 1745 1725 Staseam,
1785 1688 1911 1730 quem

151 1739 473 1794 Peripateticum
514 1743 685 1781 narras?
739 1738 952 1781 Gerendus
998 1746 1057 1781 est
1097 1740 1169 1779 tibi
1210 1752 1300 1780 mos
1346 1738 1700 1786 adolescentibus,
1752 1740 1909 1785 Crasse,

152 1801 221 1857 qui
262 1816 340 1843 non
389 1803 535 1843 Graeci
575 1802 748 1843 alicuius
788 1802 1069 1858 quotidianam
1110 1801 1401 1857 loquacitatem
1443 1800 1530 1842 sine
1572 1815 1650 1842 usu
1690 1814 1823 1855 neque
1856 1814 1910 1841 ex

152 1864 304 1906 scholis
335 1865 581 1905 cantilenam
613 1866 855 1919 requirunt,
888 1867 960 1905 sed
991 1878 1043 1905 ex
1065 1864 1234 1905 homine
1257 1865 1441 1905 omnium
1463 1862 1765 1917 sapientissimo
1788 1868 1911 1917 atque
1925 1878 1960 1905 2⁵

153 1927 493 1983 eloquentissimo
526 1934 649 1982 atque
682 1942 734 1968 ex
767 1940 847 1975 eo,
896 1928 965 1982 qui
1005 1941 1089 1968 non
1120 1927 1162 1968 in
1194 1925 1343 1967 libellis
1374 1928 1445 1967 sed
1475 1926 1517 1967 in
1549 1924 1745 1967 maximis
1777 1924 1911 1966 causis

153 1997 193 2031 et
225 1990 266 2031 in
297 1993 376 2032 boc
405 1989 616 2031 domicilio
660 1989 827 2044 imperii
869 1996 908 2030 et
953 1989 1110 2043 gloriae
1149 1991 1201 2030 sit
1242 1988 1415 2030 consilio
1448 1988 1670 2044 linguaque
1702 1988 1908 2041 princeps,

153 2052 270 2094 cuius
299 2053 471 2108 vestigia
501 2052 694 2108 persequi
716 2052 913 2105 cupiunt,
948 2051 1036 2093 eius
1057 2050 1595 2109 sententiamscfi—sciffitantur.
1660 2051 1753 2090 106.
1787 2048 1914 2103 Equi-

154 2117 248 2156 dem
280 2121 319 2157 te
350 2129 443 2157 cum
475 2117 517 2157 in
548 2115 722 2157 dicendo
755 2128 921 2169 semper
951 2114 1092 2168 putavi
1125 2114 1272 2163 deum,
1321 2119 1406 2154 tum
1444 2107 1545 2155 vero
1586 2111 1661 2155 tibi
1701 2125 1912 2167 nunquam

155 2178 419 2233 eloquentiae
450 2180 651 2220 maiorem
684 2177 809 2219 tribui
840 2179 1004 2219 laudem
1036 2191 1158 2232 quam
1190 2176 1477 2226 humanitatis3
1524 2189 1605 2230 qua
1645 2189 1752 2216 nunc
1782 2180 1822 2216 te
1852 2173 1913 2215 uti
1928 2191 1963 2218 so

153 2242 221 2283 vel
254 2241 433 2282 maxime
465 2240 585 2282 decet
614 2254 748 2295 neque
779 2240 979 2294 defugere
1011 2254 1103 2281 eam
1135 2239 1481 2294 disputationem,
1523 2237 1574 2280 ad
1605 2251 1729 2293 quam
1759 2242 1800 2278 te
1830 2235 1913 2278 duo

155 2303 406 2345 excellentes
436 2304 610 2359 ingeniis
641 2303 922 2345 adolescentes
953 2302 1124 2358 cupiunt
1153 2301 1368 2344 accedere.

269 2368 363 2407 107.
404 2368 493 2420 Ego
524 2380 648 2415 vero,
681 2365 838 2422 inquit,
872 2365 958 2407 istis
990 2364 1164 2420 obsequi
1195 2364 1341 2407 studeo
1373 2378 1508 2421 neque
1540 2362 1746 2419 gravabor
1775 2362 1914 2405 brevi-

155 2435 219 2472 ter
248 2443 342 2471 meo
373 2443 515 2476 more,
562 2428 660 2484 quid
691 2442 853 2484 quaque
885 2430 935 2468 de
965 2441 1011 2469 re
1053 2429 1253 2477 sentiam,
1300 2428 1454 2470 dicere.
1515 2430 1574 2469 Ac
1603 2428 1781 2481 primum
1812 2424 1914 2467 illud

157 2491 367 2548 (quoniam
413 2492 697 2533 auctoritatem
730 2498 840 2533 tuam
871 2490 1104 2545 negligere,
1155 2491 1373 2539 Scaevola,
1424 2492 1486 2533 fas
1524 2490 1625 2531 mihi
1666 2487 1786 2546 [esse]
1830 2502 1962 2531 nonss

248 2652 283 2684 2.
310 2651 416 2693 Atqui
441 2652 466 2683 B
491 2652 645 2692 aliique,
673 2651 723 2683 R:
752 2650 865 2692 Atque
883 2651 922 2683 E.
949 2666 993 2672 -—
1016 2651 1167 2691 primum
1193 2659 1260 2682 orn.
1289 2650 1350 2691 Lg.
1372 2649 1451 2682 XX.
1479 2650 1635 2691 bonique
1661 2657 1800 2686 omnes,
1830 2650 1913 2680 item

156 2696 230 2730 BR.
281 2698 350 2730 Nos
375 2700 598 2731 seclusimus.
629 2716 667 2721 —
695 2699 727 2729 3.
757 2707 799 2729 ea:
825 2704 876 2734 te.
918 2697 957 2730 de
983 2696 1062 2738 quo]
1089 2699 1232 2729 extende
1258 2707 1323 2739 quo
1350 2697 1396 2736 B,
1438 2699 1572 2729 ostendi
1611 2698 1700 2737 quod
1726 2696 1765 2728 R.
1797 2710 1833 2716 -
1876 2695 1912 2726 4.

157 2755 216 2777 vos
240 2755 331 2777 nunc
356 2745 429 2776 BR.
462 2762 506 2768 —
547 2746 579 2778 5.
609 2746 744 2786 aliquoi
770 2755 808 2778 ex
836 2746 945 2777 Codd.
974 2744 1015 2776 T.
1053 2745 1105 2785 (ln
1135 2745 1255 2776 borum
1284 2745 1450 2776 librorum
1477 2742 1681 2790 ἀρχετύπῳ
1702 2743 1913 2774 dominatam

159 2801 233 2824 esse
259 2797 465 2831 scripturam
493 2795 695 2834 antiquam,
725 2801 805 2824 vere
833 2793 1052 2829 Tullianam,
1078 2794 1201 2831 passim
1230 2792 1357 2822 indicia
1387 2796 1598 2830 supersunt3
1637 2799 1739 2830 quam
1765 2791 1914 2826 scriptu—

163 2847 233 2870 ram
260 2839 311 2871 vel
336 2845 534 2872 constanter
575 2844 758 2872 restituere
801 2840 852 2872 vel
892 2848 1030 2878 prorsus
1073 2839 1245 2878 negligere
1288 2839 1392 2870 debet
1428 2838 1597 2874 Criticus,
1638 2840 1675 2868 ut
1709 2845 1770 2867 nos
1803 2836 1913 2867 coacti

158 2887 307 2925 sumus.)
333 2902 377 2907 —
402 2885 435 2917 6.
463 2887 642 2927 imponitis
666 2887 708 2918 R.
740 2901 773 2906 —
803 2885 836 2917 8.
865 2885 1137 2924 imprudentiam
1155 2884 1193 2915 B.
1219 2903 1253 2909 —
1283 2888 1342 2926 qui
1368 2882 1458 2925 cum]
1486 2885 1569 2924 quid
1594 2884 1683 2924 quod
1708 2883 1735 2914 B
1773 2881 1806 2921 (e
1832 2884 1912 2914 seri-

161 2938 258 2973 ptura
285 2940 409 2972 quom.
438 2942 542 2973 quam
570 2934 603 2964 b.
633 2933 653 2965 l.
681 2938 714 2966 et
740 2933 923 2972 aliquoties
950 2935 1069 2963 ascivit
1097 2929 1261 2972 Ellendt.)
1290 2948 1329 2954 —
1372 2932 1404 2963 9.
1446 2940 1573 2971 magma
1609 2929 1719 2961 Codd.
1756 2929 1826 2962 al.:
1872 2936 1916 2959 ex

157 2988 290 3021 mayna
316 2978 394 3015 BE,
421 2985 452 3010 et
477 2989 607 3020 maqna
634 2980 676 3011 R.
706 2996 742 3002 —
772 2977 938 3019 iuberent]
966 2978 1131 3009 auderent
1156 2978 1197 3009 R.
1227 2992 1268 3000 -
1297 2979 1352 3010 15.
1378 2978 1511 3018 possint
1539 2976 1649 3007 Codd.
1678 2976 1749 3007 ah:
1773 2977 1916 3015 possent

159 3027 208 3064 Β,
231 3029 376 3066 possunt
403 3026 475 3060 RE.
504 3044 541 3049 —
573 3027 628 3058 17.
654 3035 717 3058 nos
741 3027 813 3058 Bit.
845 3044 881 3050 —
911 3026 967 3057 19.
996 3026 1068 3055 iam
1093 3033 1170 3056 cum
1189 3025 1215 3055 B
1240 3025 1386 3064 allisque
1415 3024 1511 3056 bonis
1532 3022 1641 3054 Codd.
1663 3022 1755 3062 apud
1777 3022 1914 3054 Ellendt.

160 3083 230 3107 om.
260 3073 297 3105 C.
326 3072 521 3111 Stephanus
550 3078 584 3104 et
611 3075 811 3105 Lambinus.
863 3073 931 3105 Nos
957 3072 1175 3104 seclusimus.
1196 3087 1238 3093 ——
1265 3072 1435 3102 hominem
1461 3078 1527 3099 om.
1557 3073 1724 3109 quattuor
1749 3069 1914 3102 Ellendtii

162 3120 274 3153 Codd.
302 3123 337 3150 et
361 3119 412 3156 R,
451 3120 549 3150 homo
576 3119 614 3150 B.
642 3136 682 3142 —
726 3121 782 3151 20.
822 3120 1063 3160 cupidissimus
1090 3118 1159 3149 BR.
1191 3133 1230 3140 —
1269 3119 1368 3149 homo
1395 3116 1551 3147 eruditus
1576 3117 1674 3148 nobis
1699 3116 1741 3147 R.
1773 3133 1810 3139 —
1853 3116 1913 3147 22.

159 3168 260 3201 mihi.
289 3167 402 3206 inquit
428 3165 539 3198 Codd.
565 3166 607 3197 al.
627 3175 636 3197 ε
660 3168 794 3206 inquit,
820 3168 904 3198 mihi
933 3165 1032 3197 BRE.
1056 3181 1092 3188 —
1122 3163 1179 3195 23.
1208 3164 1271 3196 tibi
1296 3174 1363 3195 om.
1389 3164 1428 3194 R.
1453 3177 1486 3184 -
1517 3161 1573 3195 24,
1603 3164 1756 3194 alicuius
1781 3171 1849 3194 om.
1871 3162 1913 3193 B.

164 3230 199 3239 —-
229 3213 286 3245 28.
311 3214 474 3254 persequi
499 3213 558 3254 qui
584 3212 610 3242 B
628 3236 636 3249 ,
663 3214 721 3254 qui
743 3214 906 3254 persequi
931 3213 973 3244 R.
1003 3228 1043 3234 —
1070 3210 1127 3241 29.
1155 3208 1269 3250 deum]
1297 3211 1472 3242 dominum
1497 3208 1539 3240 R.
1563 3226 1599 3232 —
1630 3210 1686 3242 30.
1717 3214 1748 3241 te
1774 3219 1842 3241 om.
1869 3209 1913 3240 R.

165 3276 204 3284 —
231 3259 287 3292 31.
316 3261 410 3292 decet
434 3258 555 3300 neque]
581 3260 727 3298 denique
752 3260 791 3290 B.
830 3277 865 3282 —
910 3259 966 3292 32.
1004 3258 1203 3290 excellentes
1227 3258 1375 3297 inqeniis
1401 3256 1426 3286 B
1453 3255 1606 3296 aliique:
1641 3257 1838 3289 excellentis
1862 3257 1915 3286 in-

162 3308 253 3349 genii
278 3307 348 3338 RE.
376 3305 457 3345 (dito
485 3306 714 3337 adolescentes
740 3306 939 3338 excellentes
965 3304 1039 3346 (sic)
1065 3305 1196 3345 inqenii
1220 3304 1278 3339 B.)
1299 3320 1337 3326 —
1364 3302 1420 3334 33.
1447 3312 1508 3335 nec
1526 3303 1567 3334 R.
1591 3319 1628 3327 -
1657 3304 1712 3335 35.
1732 3312 1804 3334 non
1824 3306 1915 3343 puto

164 3363 232 3387 etse
257 3354 304 3392 B,
331 3362 402 3386 non
428 3362 496 3385 esse
518 3358 604 3393 puto
633 3352 742 3384 Codd.
771 3353 815 3385 al.
841 3352 909 3385 Nos
937 3362 967 3386 v.
996 3361 1062 3384 esse
1087 3360 1105 3383 a
1132 3350 1170 3383 C·
1198 3349 1376 3390 Stephano
1402 3352 1565 3382 omissum
1590 3351 1808 3383 seclusimus.
