2117 3762
229 247 312 291 244
933 245 1002 285 DE
1034 245 1280 286 ORATORE

228 369 252 396 a
282 368 404 396 causa
432 357 554 407 atque
584 365 607 392 a
637 353 719 392 reis
750 349 1015 398 deferuntur3
1067 351 1193 392 altera
1225 356 1309 400 est,
1354 363 1458 405 quae
1497 353 1583 390 tota
1623 346 1666 389 in
1696 346 1977 403 disputatione

228 423 269 459 et
297 417 341 459 in
370 413 725 471 argumentatione
756 412 929 453 oratoris
968 412 1170 452 collocata
1199 419 1274 455 est.
1339 416 1431 454 117.
1476 414 1535 453 Ita
1573 412 1614 452 in
1654 412 1870 466 superiore
1911 424 1980 466 gc-

226 494 326 521 nere
357 478 407 520 de
439 476 659 518 tractandis
689 476 964 528 argumentis,
996 475 1039 514 in
1069 476 1148 514 hoc
1178 481 1314 518 autem
1346 477 1467 517 etiam
1499 477 1549 515 de
1578 473 1836 515 inveniendis
1867 473 1980 529 cogi-

225 544 394 583 tandum
426 545 499 581 est.
556 541 689 592 Atque
719 537 787 578 isti
817 537 1009 592 quidem,
1042 536 1114 591 qui
1143 538 1314 586 docent,
1346 552 1438 579 cum
1459 551 1601 579 causas
1622 537 1663 577 in
1685 537 1805 589 plura
1826 549 1976 590 genera

197 610 467 651 5560061001,
513 602 682 655 singulis
722 599 946 654 generibus
984 604 1321 654 argumentorum
1363 602 1525 656 copiam
1557 604 1798 653 suggerunt.
1858 597 1980 648 Quod

226 669 383 710 etiamsi
429 664 480 706 ad
519 665 793 704 instituendos
836 661 1167 704 adolescentulos
1209 662 1337 716 magis
1376 669 1515 716 aptum
1558 668 1640 710 est,
1691 665 1759 709 ut,
1807 661 1979 702 simulac

224 732 359 784 posita
388 728 439 769 sit
466 740 610 774 causa,
642 726 849 774 habeant,
883 739 965 780 quo
997 738 1041 766 se
1073 725 1278 772 referant,
1311 724 1419 766 unde
1447 725 1582 766 statim
1604 725 1798 778 expedita
1817 722 1978 778 possint

223 795 462 847 argumenta
505 787 776 844 depromere;
824 794 964 829 tamen
1003 793 1044 828 et
1082 785 1188 827 tardi
1232 786 1387 840 ingenii
1428 793 1490 828 est
1524 789 1681 829 rivulos
1722 786 1976 834 consectari,

221 855 355 897 sontes
395 865 535 893 rerum
577 865 662 891 non
699 850 868 899 videre,
920 855 960 892 et
996 850 1078 891 iam
1116 849 1259 890 aetatis
1301 854 1363 890 est
1394 863 1574 906 ususque
1605 848 1735 891 nostri
1766 863 1790 890 a
1820 847 1976 904 capite,

172 934 208 959 10
223 918 333 973 quod
363 915 559 962 velimus,
592 927 803 955 arcessere
835 918 896 962 et,
926 914 1038 954 unde
1070 913 1210 953 omnia
1240 917 1432 960 manent,
1465 913 1621 954 videre.

335 979 429 1019 118.
461 979 513 1018 Et
531 975 710 1032 primum
742 990 873 1030 genus
902 975 1004 1017 illud
1036 989 1180 1016 earum
1211 989 1373 1022 rerum,
1407 988 1514 1029 quae
1545 974 1597 1016 ad
1627 981 1834 1017 oratorem
1866 972 1980 1016 defe-

221 1047 390 1090 runtur,
422 1038 665 1081 meditatum
694 1039 814 1080 nobis
844 1038 886 1080 in
916 1044 1164 1094 perpetuum
1196 1039 1247 1078 ad
1279 1051 1445 1078 omnem
1476 1051 1596 1078 usum
1623 1037 1816 1079 similium
1838 1051 1979 1079 rerum

221 1120 309 1147 esse
353 1101 536 1146 debebit.
600 1104 703 1142 Nam
741 1107 782 1142 et
817 1115 895 1157 pro
943 1101 1092 1142 tabulis
1124 1106 1164 1142 et
1194 1106 1336 1141 contra
1367 1099 1526 1141 tabulas
1558 1106 1599 1141 et
1626 1113 1702 1155 pro
1732 1100 1908 1142 testibus
1939 1107 1979 1143 et

221 1174 364 1211 contra
393 1172 518 1208 testes
541 1170 582 1206 et
601 1178 679 1218 pro
702 1166 1012 1219 quaestionibus
1034 1170 1074 1205 et
1095 1169 1240 1205 contra
1262 1162 1548 1219 quaestiones,
1582 1168 1622 1203 et
1641 1164 1737 1204 item
1758 1162 1808 1204 de
1830 1162 1977 1204 ceteris

170 1246 205 1270 1⁵
219 1234 344 1274 rebus
374 1230 559 1271 eiusdem
590 1228 756 1281 generis
785 1227 851 1270 vel
880 1226 1105 1283 separatim
1138 1228 1276 1268 dicere
1309 1227 1492 1268 solemus
1525 1228 1575 1267 de
1606 1239 1760 1279 genere
1780 1227 1976 1267 universo

187 1294 286 1337 'vel
315 1292 479 1336 definite
511 1290 561 1332 de
601 1289 773 1345 singulis
813 1291 1095 1346 temporibus,
1143 1289 1409 1338 hominibus,
1461 1289 1618 1338 causis;
1671 1302 1773 1344 quos
1812 1290 1977 1344 quidem

217 1358 333 1400 locos
371 1354 503 1410 (vobis
545 1353 650 1402 1100,
704 1354 823 1394 Cotta
859 1358 900 1394 et
937 1352 1117 1408 Sulpici,
1165 1351 1274 1402 dico)
1318 1353 1448 1393 multa
1477 1351 1826 1393 commentatione
1856 1357 1976 1408 atque

218 1419 489 1462 meditatione
518 1422 686 1472 paratos
717 1422 839 1472 atque
870 1414 1087 1471 expeditos
1117 1416 1275 1456 habere
1314 1413 1489 1456 debetis.
1551 1416 1643 1455 119.
1690 1415 1878 1468 Longum
1917 1420 1978 1457 est

220 1482 329 1524 enim
361 1495 471 1523 nunc
501 1494 567 1521 me
600 1479 829 1534 explicare,
863 1492 942 1533 qua
973 1479 1132 1520 ratione
1162 1484 1232 1519 aut
1252 1476 1495 1519 confirmare
1518 1481 1589 1518 aut
1609 1475 1818 1518 infirmare
1839 1481 1976 1527 testes,

167 1558 203 1584 20
217 1544 400 1593 tabulas,
444 1541 707 1598 quaestiones
737 1546 943 1595 oporteat.
1005 1542 1119 1582 Haec
1149 1546 1244 1582 sunt
1274 1542 1412 1581 omnia
1440 1539 1596 1595 ingenii
1627 1541 1695 1581 vel
1724 1538 1973 1590 mediocris,

218 1605 523 1650 exercitationis
568 1610 705 1646 autem
748 1603 978 1654 maximae3
1027 1609 1156 1645 artem
1202 1605 1370 1658 quidem
1413 1609 1454 1644 et
1496 1608 1718 1658 praecepta
1762 1605 1978 1645 dumtaxat

215 1670 412 1713 hactenus
442 1668 681 1723 requirunt,
714 1673 759 1709 ut
781 1666 904 1708 certis
936 1665 1100 1707 dicendi
1129 1665 1353 1707 luminibus
1385 1670 1598 1707 ornentur.
1664 1667 1756 1706 120.
1788 1667 1976 1721 Itemque

215 1734 307 1781 illa,
339 1746 443 1788 quae
474 1736 569 1772 sunt
598 1730 767 1771 alterius
798 1730 988 1783 generis,
1023 1743 1127 1784 quae
1158 1734 1243 1770 tota
1273 1731 1324 1769 ab
1347 1734 1512 1770 oratore
1535 1729 1774 1784 pariuntur,
1809 1729 1976 1783 excogi-

215 1797 412 1838 tationem
455 1809 540 1835 non
576 1792 730 1834 habent
771 1791 1003 1841 difficilem,
1051 1792 1370 1848 explicationem
1401 1791 1530 1846 magis
1560 1793 1764 1832 illustrem
1793 1792 1978 1847 perpoli-

167 1872 201 1898 25
216 1865 382 1915 tamque
413 1857 664 1899 desiderant.
725 1857 867 1910 Itaque
907 1869 999 1896 cum
1029 1858 1132 1896 haec
1162 1857 1244 1896 duo
1275 1856 1398 1895 nobis
1429 1857 1667 1910 quaerenda
1698 1854 1779 1895 sint
1807 1854 1850 1896 in
1880 1868 1975 1896 cau-

216 1923 296 1971 sis,
326 1922 506 1975 primum
539 1919 659 1975 quid,
690 1917 840 1959 deinde
870 1919 1081 1974 quomodo
1114 1917 1324 1967 dicamus3
1357 1917 1556 1966 alterum,
1591 1918 1703 1972 quod
1725 1922 1854 1958 totum
1886 1923 1973 1959 arte

214 1986 387 2026 tinctum
431 1983 620 2031 videtur,
673 1981 836 2022 tametsi
875 1987 1005 2021 artem
1048 1979 1243 2035 requirit,
1296 1986 1431 2020 tamen
1471 1979 1714 2035 prudentiae
1753 1985 1814 2021 est
1842 1993 1973 2034 paene

214 2048 459 2096 mediocris,
495 2044 594 2101 quid
625 2043 846 2085 dicendum
876 2043 947 2090 sit,
978 2042 1140 2092 videre;
1187 2042 1361 2083 alterum
1394 2047 1475 2090 est,
1510 2043 1553 2083 in
1585 2057 1667 2097 quo
1701 2042 1880 2084 oratoris
1911 2043 1972 2085 vis

213 2111 283 2152 illa
315 2111 453 2152 divina
482 2110 694 2163 virtusque
725 2107 933 2154 cernitur,
978 2119 1051 2154 ea,
1091 2119 1195 2161 quae
1227 2104 1401 2147 dicenda
1432 2110 1547 2154 sunt,
1589 2111 1756 2155 ornate,
1805 2105 1973 2161 copiose

165 2172 412 2227 novarieque
442 2171 596 2213 dicere.
657 2169 852 2212 XXVIII.
889 2170 982 2210 121.
1031 2170 1171 2218 Quare
1202 2168 1314 2210 illam
1344 2173 1502 2223 partem
1533 2168 1820 2222 superiorem,
1869 2183 1972 2224 quo·

213 2237 324 2278 niam
355 2234 481 2276 semel
510 2235 567 2275 ita
596 2232 715 2275 vobis
745 2232 923 2288 placuit,
958 2245 1039 2272 non
1070 2233 1295 2277 recusabo,
1329 2245 1410 2286 quo
1438 2230 1573 2272 minus
1595 2230 1826 2286 perpoliam
1848 2236 1971 2286 atque

214 2297 451 2340 conficiam:
487 2299 704 2351 (quantum
735 2308 991 2349 consequar,
1023 2308 1097 2335 vos
1126 2293 1403 2345 iudicabitisz)
1437 2294 1589 2349 quibus
1620 2309 1674 2335 ex
1702 2293 1804 2335 locis
1824 2295 1877 2336 ad
1901 2307 1972 2335 eas

212 2367 295 2402 tres
327 2374 416 2407 res,
463 2372 568 2414 quae
599 2360 650 2399 ad
679 2356 803 2398 fidem
833 2356 1066 2398 faciendam
1096 2358 1209 2398 solae
1239 2358 1398 2405 valent,
1443 2358 1616 2399 ducatur
1647 2358 1806 2407 oratio,
1857 2361 1903 2398 ut
1931 2362 1972 2398 et

214 2423 487 2465 concilientur
517 2421 644 2462 animi
675 2425 716 2461 et
745 2419 972 2461 doceantur
1001 2425 1041 2462 et
1070 2425 1341 2470 moveantur;
1374 2421 1477 2461 haec
1497 2425 1592 2461 sunt
1623 2421 1730 2461 enim
1760 2419 1851 2462 tria.
1911 2423 1971 2463 Ea

164 2499 198 2525 ³5
213 2500 313 2529 vero
345 2486 693 2542 quemadmodum
723 2483 1003 2532 illustrentur,
1036 2489 1202 2536 praesto
1236 2487 1320 2531 est,
1352 2482 1423 2537 qui
1454 2496 1597 2524 omnes
1629 2481 1779 2524 docere
1809 2484 1966 2538 possit,

212 2551 283 2605 qui
312 2550 392 2590 hoc
422 2547 580 2602 primus
609 2546 652 2587 in
680 2552 846 2588 nostros
876 2559 1016 2587 mores
1045 2545 1232 2594 induxit,
1264 2546 1335 2600 qui
1365 2545 1544 2588 maxime
1583 2546 1721 2594 auxit,
1755 2546 1825 2599 qui
1855 2545 1969 2588 solus

212 2612 363 2653 effecit.
427 2613 520 2652 122.
552 2613 738 2665 Namque
768 2623 868 2663 ego,
902 2609 1065 2657 Catule,
1100 2607 1245 2662 (dicam
1277 2608 1385 2649 enim
1408 2623 1493 2650 non
1512 2621 1710 2650 reverens
1730 2608 1969 2650 assentandi

210 2673 532 2729 suspicionem,)
564 2671 772 2714 neminem
803 2685 892 2713 esse
924 2678 1135 2713 oratorem
1165 2672 1304 2725 paullo
1335 2670 1605 2713 illustriorem
1632 2670 1813 2712 arbitror
1833 2685 1968 2726 neque

303 2826 336 2857 1.
363 2825 429 2857 reis
456 2823 568 2856 Codd.
596 2823 661 2861 al.,
688 2823 743 2854 R:
771 2832 808 2854 re
833 2823 934 2855 Voss.
962 2822 1065 2855 ABE.
1091 2838 1126 2844 -—
1157 2823 1269 2855 altera
1295 2826 1342 2854 est
1367 2822 1426 2854 AB
1451 2821 1604 2862 aliique,
1632 2820 1688 2852 R:
1715 2821 1828 2854 altera
1853 2821 1895 2854 E.
1925 2839 1964 2847 —

209 2871 241 2902 2.
269 2873 306 2903 in
331 2872 634 2913 argumentatione
658 2870 687 2901 Α
713 2871 866 2910 aliique:
894 2871 1198 2911 argumentatione
1223 2868 1305 2909 (132⁷)
1330 2870 1402 2901 RE.
1433 2885 1469 2892 -
1506 2868 1539 2899 5.
1568 2869 1670 2908 copia
1696 2869 1738 2900 A.
1764 2886 1808 2890 —
1841 2868 1875 2901 6.
1903 2870 1968 2902 etsi

209 2918 251 2949 R.
282 2935 321 2940 —
358 2919 392 2950 7.
422 2927 531 2949 causa
555 2918 601 2949 sit
626 2926 644 2949 e
672 2917 782 2949 Codd.
810 2918 892 2958 aliq.
921 2918 961 2949 Τ.
1001 2917 1059 2949 ‹L't
1084 2926 1168 2956 nos,
1203 2915 1323 2956 ABR.)
1347 2931 1390 2938 —
1425 2915 1551 2946 habent
1575 2914 1618 2945 A.
1659 2932 1693 2938 -
1735 2915 1768 2948 9.
1795 2917 1869 2948 iam
1894 2925 1962 2949 om.

208 2964 252 2995 R.
284 2982 320 2987 —
350 2965 405 2996 10.
433 2973 608 2997 accersere
634 2973 651 2996 e
679 2963 790 2995 Codd.
817 2965 860 2996 al.
890 2964 931 2995 T.
969 2964 1026 3000 (Ut
1050 2973 1137 3002 nos,
1176 2961 1297 3002 ABR.)
1326 2979 1363 2985 -·
1406 2965 1554 2993 manant
1578 2961 1621 2993 R.
1650 2979 1691 2985 —
1734 2961 1791 2994 13.
1818 2963 1908 2995 Nam
1932 2967 1965 2995 et

206 3019 273 3051 pro
301 3011 357 3041 ΑΒ
386 3011 517 3051 aliique
535 3035 542 3049 ‚
570 3011 620 3042 R:
648 3010 738 3041 Nam
761 3020 826 3050 pro
853 3011 892 3042 E.
917 3026 942 3031 -
979 3014 1010 3043 et
1030 3020 1097 3050 pro
1124 3010 1263 3042 testibus
1283 3008 1392 3041 Codd.
1422 3008 1464 3040 al.
1483 3032 1492 3047 ‚
1520 3008 1574 3039 R:
1599 3017 1666 3048 pro
1685 3009 1824 3041 testibus
1851 3009 1964 3050 (AB‘l)

210 3058 249 3088 E.
281 3074 317 3079 --
347 3057 402 3087 14.
432 3062 462 3089 et
483 3067 550 3098 pro
576 3058 835 3098 quaestionibus
862 3057 970 3089 Codd.
1000 3058 1065 3089 aL:
1092 3066 1158 3096 pro
1184 3055 1440 3096 quaestionibus
1467 3055 1538 3095 (AB
1551 3053 1581 3096 ⁶2)
1608 3056 1680 3087 RE.
1712 3072 1746 3078 —
1776 3055 1832 3088 17.
1858 3059 1963 3096 atque

208 3104 429 3135 meditatione
457 3113 524 3136 om.
553 3105 591 3135 B.
620 3103 859 3144 (meditatione
885 3105 1062 3137 dumtaxat
1087 3113 1155 3135 om.
1182 3108 1320 3135 notatur
1346 3111 1384 3135 ex
1410 3100 1478 3139 ΑῬ)
1506 3119 1544 3125 —·
1582 3102 1637 3134 19.
1666 3105 1766 3135 testes
1792 3112 1860 3135 om.
1887 3102 1962 3136 AB.

212 3166 248 3171 —
276 3150 335 3180 20.
364 3154 495 3189 oportet
520 3152 561 3182 R.
604 3168 641 3173 —-
682 3152 738 3182 22.
767 3151 880 3190 certis]
908 3153 1028 3184 ceteris
1052 3149 1124 3182 AR.
1160 3165 1203 3172 —
1243 3150 1300 3181 27.
1328 3150 1512 3181 intinctum
1536 3149 1660 3187 Leid.‚
1702 3150 1892 3181 incinctum
1915 3150 1960 3182 R.

208 3196 266 3236 (ab
291 3200 367 3227 arte
393 3199 542 3227 tractum
566 3196 684 3238 Voss.)
704 3212 746 3220 ——
772 3197 827 3229 33.
854 3199 959 3229 ducat
983 3198 1054 3229 AB.
1083 3197 1145 3237 (Ex
1172 3196 1267 3228 nullo
1294 3196 1361 3228 alio
1388 3196 1473 3228 Cod.
1503 3196 1676 3235 notatur.)
1707 3213 1748 3218 —
1787 3195 1842 3227 34.
1873 3198 1958 3229 tria.

207 3244 261 3274 Ea
285 3251 365 3273 vero
392 3242 499 3273 Codd.
530 3243 707 3284 plerique,
733 3244 789 3276 R:
817 3246 890 3277 tria
914 3253 994 3277 vero
1020 3244 1079 3276 AB
1096 3267 1104 3282 ,
1133 3245 1217 3275 tria.
1243 3242 1341 3275 Haec
1365 3252 1445 3275 vero
1472 3251 1511 3275 ex
1539 3243 1600 3283 Lg.
1628 3242 1685 3275 36.
1705 3242 1747 3279 T,
1772 3242 1854 3274 haec
1879 3247 1961 3276 sunt

207 3291 298 3321 enim
325 3289 398 3319 tria
423 3298 579 3320 numero.
630 3292 683 3323 Ea
708 3300 789 3324 vero
816 3292 864 3330 Ε,
908 3292 970 3325 5611
995 3291 1138 3325 seclusit
1161 3300 1214 3326 vv.
1244 3291 1326 3324 haec
1353 3306 1364 3314 ·
1389 3307 1403 3314 «-
1427 3298 1588 3323 numero.
1629 3306 1666 3313 —
1709 3288 1766 3321 36.
1801 3290 1959 3329 primum

206 3335 247 3368 B.
277 3352 317 3358 —
344 3335 459 3367 hausit
488 3335 560 3367 AB.
