2117 3762
518 809 612 860 lu.
650 809 959 861 TULLII
998 806 1471 858 CICERONIS

961 950 1030 991 DE

228 1086 1026 1162 PARTITIGNE
1093 1084 1765 1159 ORATGRIA

680 1258 1308 1310 Dlanocus

122 1636 155 1676 I.
191 1636 229 1676 1.
272 1617 454 1677 Omeno
486 1644 637 1673 rums.
699 1633 877 1682 Studeo,
910 1633 965 1673 mi
995 1637 1135 1688 pater,
1167 1630 1310 1673 Latine
1342 1646 1393 1673 ex
1422 1635 1461 1673 te
1490 1631 1634 1674 audire
1667 1644 1737 1680 ea,
1771 1646 1875 1687 quae

121 1696 224 1738 mihi
254 1702 298 1737 tu
329 1697 380 1736 de
413 1694 571 1736 ratione
603 1694 763 1737 dicendi
796 1698 951 1738 Graece
982 1694 1210 1745 tradidisti;
1250 1695 1284 1735 si
1314 1697 1440 1736 modo
1472 1694 1547 1736 tibi
1580 1700 1642 1735 est
1671 1695 1801 1735 otium
1834 1700 1877 1736 et

123 1760 157 1801 si
188 1761 265 1801 vis.
327 1760 485 1800 CmEno
518 1770 668 1799 PATER.
728 1760 790 1799 An
822 1765 904 1807 est,
950 1760 1005 1799 mi
1038 1759 1205 1806 Cicero,
1253 1756 1365 1814 quod
1404 1770 1482 1812 ego
1513 1756 1652 1798 malim
1682 1771 1803 1812 quam
1837 1763 1876 1799 te

123 1836 245 1880 quam
276 1820 559 1862 doctissimum
589 1824 713 1862 esse?
761 1823 901 1863 Otium
933 1827 1070 1863 autem
1100 1820 1279 1876 primum
1311 1827 1372 1862 est
1403 1833 1632 1868 summum,
1678 1819 1874 1874 quoniam

122 1883 342 1941 aliquando
383 1886 514 1925 Roma
556 1883 735 1925 exeundi
774 1890 957 1939 potestas
988 1886 1081 1925 data
1113 1890 1196 1934 est3
1244 1882 1393 1925 deinde
1430 1884 1507 1924 ista
1545 1888 1615 1924 tua
1646 1884 1779 1924 studia
1811 1884 1907 1923 vel⁵

121 1948 309 1990 maximis
331 1944 672 2001 occupationibus
702 1948 807 1988 meis
829 1946 1082 1988 anteferrem
1111 1945 1304 1988 libenter.
1367 1948 1407 1987 2.
1439 1947 1483 1987 C.
1507 1947 1552 1986 F.
1584 1946 1709 1986 Visne
1731 1944 1874 1999 igitur,

121 2018 168 2053 ut
197 2016 240 2052 tu
269 2022 335 2050 me
367 2009 524 2050 Graece
555 2010 664 2050 soles
696 2009 844 2051 ordine
873 2010 1159 2063 interrogare,
1201 2008 1259 2050 sic
1300 2022 1378 2063 ego
1419 2012 1460 2048 te
1500 2008 1680 2049 vicissim
1721 2006 1878 2048 eisdem

123 2073 174 2115 de
204 2073 329 2113 rebus
359 2071 504 2112 Latine
536 2073 824 2126 interrogem?
875 2073 918 2114 C.
952 2073 995 2116 P.
1043 2073 1171 2120 Sane,
1214 2072 1248 2113 si
1277 2071 1427 2126 placet.
1489 2071 1555 2111 Sic
1586 2071 1697 2111 enim
1728 2075 1770 2110 et
1799 2082 1878 2124 ego

123 2142 164 2176 te
206 2133 442 2179 meminisse
487 2133 736 2188 intelligam,
787 2148 891 2190 quae
932 2134 1153 2188 accepisti,
1200 2140 1239 2176 et
1279 2139 1325 2174 tu
1364 2132 1510 2174 ordine
1551 2132 1719 2181 audies,
1773 2145 1878 2187 quae

124 2198 324 2252 requires.
401 2198 440 2237 3.
486 2197 530 2237 C.
563 2197 608 2237 F.
661 2198 773 2246 Quot
815 2199 857 2238 in
893 2203 1031 2252 partes
1075 2196 1360 2239 distribuenda
1405 2202 1465 2237 est
1510 2195 1645 2238 omnis
1691 2196 1927 2236 doctrinam

124 2261 314 2303 dicendi?
347 2258 391 2299 C.
425 2259 466 2297 P.
502 2259 547 2299 In
576 2264 676 2300 tres.
738 2260 781 2301 C.
815 2261 859 2300 F.
895 2260 1005 2301 Cedo
1038 2264 1168 2315 quas?
1201 2261 1246 2301 C.
1270 2262 1315 2301 P.
1349 2260 1532 2301 Primum
1562 2259 1604 2300 iu
1635 2260 1766 2314 ipsam
1795 2258 1878 2299 vim

125 2323 327 2370 oratoris,
361 2320 507 2361 deiude
538 2323 580 2362 in
611 2321 866 2370 orationem,
900 2328 984 2362 tum
1015 2321 1058 2364 in
1089 2322 1391 2378 quaestionem.
1455 2323 1499 2364 C.
1532 2323 1579 2362 F.
1627 2322 1674 2362 In
1704 2334 1785 2374 quo
1817 2323 1879 2360 est

123 2389 212 2443 ipsa
241 2386 331 2427 vis?
384 2383 426 2425 C.
458 2386 503 2425 P.
538 2386 582 2426 In
614 2382 736 2425 rebus
768 2391 809 2425 et
837 2385 878 2425 in
909 2384 1060 2426 verbis.
1122 2384 1203 2426 Sed
1235 2390 1276 2426 et
1304 2398 1372 2426 res
1405 2388 1445 2425 et
1474 2385 1603 2426 verba
1632 2381 1878 2425 invenienda

124 2454 218 2491 sunt
248 2453 289 2489 et
321 2444 576 2490 collocanda.
637 2447 809 2502 Proprie
849 2453 985 2489 autem
1018 2447 1057 2488 in
1087 2449 1215 2488 rebus
1245 2446 1456 2495 invenire,
1497 2445 1541 2487 in
1570 2447 1707 2488 verbis
1738 2445 1878 2500 eloqui

125 2509 289 2552 dicitur.
352 2511 565 2553 Collocare
607 2516 765 2557 autem,
808 2512 884 2552 etsi
925 2517 987 2552 est
1017 2524 1263 2558 commune,
1312 2515 1450 2551 tamen
1496 2508 1547 2550 ad
1584 2506 1926 2550 inveniendum1⁵

123 2572 317 2616 refertur.
375 2575 489 2620 Vox,
534 2578 690 2620 motus,
738 2572 874 2614 vultus
915 2578 1037 2628 atque
1077 2572 1210 2614 omnis
1249 2573 1357 2614 actio
1389 2570 1612 2628 eloquendi
1646 2584 1783 2612 comes
1815 2575 1878 2610 est

125 2650 348 2693 earumque
389 2651 529 2678 rerum
568 2636 753 2677 omnium
783 2641 920 2677 custos
949 2636 1165 2677 memoria.
1229 2635 1267 2677 [ι.
1316 2637 1360 2678 C.
1392 2637 1437 2677 F.
1490 2634 1631 2685 Quid?
1680 2631 1878 2675 orationis

126 2704 227 2753 quot
255 2704 350 2741 sunt
378 2702 546 2753 partes?
599 2699 642 2739 C.
673 2699 716 2739 P.
755 2699 974 2748 Quattuor.
1031 2701 1185 2740 Earum
1215 2700 1321 2740 duae
1352 2699 1492 2740 valent
1523 2698 1574 2738 ad
1604 2708 1694 2737 rem
1725 2697 1878 2735 doeen-

126 2760 246 2810 dam,
278 2764 458 2804 narratio
489 2768 530 2804 et
562 2759 846 2811 confirmatio;
878 2763 930 2803 ad
959 2761 1174 2817 pellendos
1206 2762 1365 2803 animos
1397 2760 1528 2809 duae,
1560 2758 1808 2815 principium
1839 2763 1880 2799 et

219 2920 252 2951 1.
278 2918 372 2950 Aveo
400 2918 560 2952 «Codex»
588 2920 680 2959 apud
710 2919 909 2953 Ernestium
934 2918 989 2951 (ut
1013 2920 1172 2956 videtur,
1199 2917 1256 2957 B).
1309 2918 1353 2950 Ut
1377 2926 1439 2949 nos
1461 2940 1470 2953 ,
1499 2916 1579 2954 RV;
1606 2917 1670 2947 etsi
1698 2915 1781 2946 illud
1806 2923 1877 2948 non

129 2965 303 3006 displicet.
355 2983 392 2989 —
435 2965 469 2997 4.
509 2970 558 2998 est
585 2975 757 2998 summum
783 2967 850 2998 Gu.
879 2968 931 3003 R,
967 2966 1115 2999 Lamb.:
1153 2975 1324 2996 summum
1350 2968 1398 2995 est
1426 2965 1464 2995 E.
1501 2977 1544 2985 —
1586 2962 1619 2993 8.
1653 2962 1744 2994 Sane
1766 2961 1880 3002 placet

128 3012 210 3052 (om.
239 3014 283 3052 si)
309 3012 360 3048 B,
403 3011 600 3045 Schutzius.
627 3016 672 3044 Αι
697 3013 756 3045 cfr.
785 3012 822 3054 ὃ.
851 3015 908 3046 70.
947 3031 983 3037 -
1028 3014 1084 3045 10.
1113 3013 1264 3053 requiris
1289 3012 1341 3047 R,
1368 3015 1405 3042 ut
1433 3010 1592 3049 plerique
1619 3013 1699 3041 ante
1725 3008 1806 3040 Ern.
1837 3026 1876 3032 —

127 3061 184 3091 11.
212 3059 379 3091 dicendi?
418 3058 499 3089 Tres
525 3057 608 3097 (om.
634 3060 686 3100 in)
712 3060 795 3098 RV,
822 3060 944 3093 Lamb.
983 3076 1028 3082 —
1068 3058 1124 3090 13.
1153 3063 1186 3090 et
1209 3060 1247 3089 in
1270 3058 1381 3090 verbis
1405 3057 1490 3088 RV:
1524 3059 1555 3087 et
1580 3055 1690 3088 verbis
1715 3053 1798 3093 (om.
1826 3056 1879 3097 ιἠ)

126 3107 168 3139 Ε.
197 3123 234 3130 -
263 3105 319 3136 14.
347 3102 475 3144 autem]
502 3108 615 3137 tamen
641 3107 760 3138 Lamb.
791 3107 986 3139 Schutzius.
1022 3122 1058 3127 —
1099 3105 1155 3136 17.
1183 3106 1241 3137 sed
1265 3113 1386 3135 earum
1412 3106 1496 3141 (om.
1525 3103 1601 3142 que)
1628 3102 1679 3140 R,
1705 3103 1734 3132 si
1759 3111 1880 3134 earum

129 3153 214 3193 (om.
243 3151 317 3192 que)
344 3151 383 3182 V.
412 3150 551 3183 Collatis
578 3153 620 3183 de
647 3152 743 3185 Orat.
773 3154 812 3192 1,
840 3153 879 3195 δ.
908 3154 963 3185 18.
995 3153 1036 3184 ad
1065 3152 1147 3183 Her.
1176 3152 1209 3189 3,
1237 3149 1272 3191 §.
1299 3150 1355 3181 28.
1385 3150 1521 3182 malim:
1565 3149 1623 3180 sed
1647 3157 1777 3185 rerum,
1806 3159 1874 3181 om.

128 3208 275 3235 earum,
305 3198 398 3239 quod
427 3205 499 3236 quo
526 3198 696 3231 referatur
721 3209 790 3231 non
815 3203 898 3232 satis
926 3199 1041 3231 video.
1069 3198 1137 3229 On.
1182 3214 1220 3220 —-
1259 3202 1370 3229 custos
1396 3197 1445 3227 R:
1474 3200 1588 3227 custos
1613 3199 1663 3226 est
1690 3195 1739 3233 E,
1766 3200 1876 3227 custos

129 3247 222 3278 adsit
247 3245 288 3277 V.
319 3262 356 3268 -
397 3244 452 3276 19.
478 3245 653 3284 pellendos
680 3246 760 3276 YV:
799 3246 1021 3287 impellendos
1057 3244 1129 3276 RE.
1181 3243 1251 3276 Csr.
1279 3243 1377 3275 Orat.
1401 3241 1440 3284 ὃ.
1468 3242 1535 3274 177
1555 3249 1565 3272 2
1588 3243 1680 3284 quod
1704 3250 1780 3275 cum
1803 3242 1878 3274 ani-

127 3300 201 3325 mos
226 3293 401 3324 hominum
424 3300 596 3333 auresque
618 3292 817 3333 pepulisset.
