2117 3762
740 292 840 333 LIB.
873 290 924 331 II.
984 291 1028 333 C.
1063 292 1131 333 56.
1165 293 1232 337 57.
1265 293 1332 334 58.
1825 296 1905 337 267

151 400 374 441 videretur.
433 399 554 444 LVII.
592 399 688 439 231.
734 399 837 438 Tum
870 396 1098 452 Sulpicius,
1147 397 1256 448 Quid
1287 397 1441 452 igitur?
1487 398 1721 453 patiemur,
1755 397 1903 453 inquit,

153 463 392 509 Caesarem,
437 463 506 517 qui
537 473 786 517 quamquam
819 461 964 501 Crasso
998 460 1162 502 facetias
1193 462 1406 509 concedit,
1456 465 1591 502 tamen
1623 461 1752 502 multo
1785 460 1826 502 in
1858 475 1908 503 eo

152 524 285 566 studio
319 523 449 578 magis
480 525 568 577 ipse
599 521 805 571 elaborat,
840 537 922 563 non
955 523 1163 576 explicare
1185 522 1304 565 nobis
1326 529 1456 565 totum
1479 536 1608 579 genus
1628 525 1706 564 hoc
1729 524 1906 570 iocandi,

151 585 271 641 quale
303 586 354 628 sit
384 592 423 627 ct
454 585 561 627 unde
592 587 787 635 ducatur;
820 588 1060 641 praesertim
1092 600 1185 628 cum
1217 592 1368 627 tantam
1401 587 1484 628 vim
1512 593 1552 628 et
1571 585 1791 627 utilitatem
1812 585 1908 626 salis

151 655 192 692 et
221 647 462 690 urbanitatis
494 661 583 690 esse
612 647 816 689 fateatur?
868 650 1001 699 Quid,
1041 650 1100 698 si,
1140 648 1275 703 inquit
1305 650 1455 697 Iulius,
1497 647 1701 690 assentior
1730 648 1938 689 Antonios

151 712 304 754 dicenti
348 710 501 753 nullam
547 723 637 752 esse
678 717 808 752 artem
847 711 970 753 salis?
1021 713 1116 753 232.
1157 711 1236 752 llic
1273 725 1366 752 cum
1408 711 1614 765 Sulpicius
1653 710 1908 758 reticuisset,

151 774 280 824 Quasi
309 786 433 821 vem,
480 771 613 828 inquit
646 774 837 822 Crassus,
878 775 1028 815 horum
1061 774 1271 830 ipsorum,
1317 771 1367 814 de
1398 772 1547 828 quibus
1577 771 1778 815 Antonius
1808 773 1911 813 iam·

150 838 221 879 diu
249 835 452 892 loquitur,
484 848 550 875 ars
581 834 663 877 ulla
693 838 757 877 sit.
820 838 1068 879 Observatio
1095 835 1296 892 quaedam
1318 841 1399 884 est,
1433 842 1476 877 ut
1498 837 1584 891 ipse
1605 834 1734 882 dixit,
1769 848 1910 877 earum

147 911 312 946 rerum,
346 909 449 952 quae
480 897 521 937 in
552 897 726 939 dicendo
758 898 917 949 valent3
966 914 1072 956 quae
1103 901 1136 940 si
1168 900 1411 954 eloquentes
1441 897 1577 939 sacere
1608 903 1771 953 posset,
1818 897 1909 954 quis

149 964 256 1002 esset
283 971 367 1000 non
397 957 596 1015 eloquens
608 962 625 999 ’ἲ
656 959 758 1009 Quis
791 960 900 1001 enim
933 960 1033 1002 haec
1064 974 1147 1002 non
1175 960 1240 1001 vel
1263 959 1381 1001 facile
1403 959 1468 1001 vel
1489 967 1599 1001 certe
1621 960 1759 1016 aliquo
1783 959 1959 1001 modom

147 1026 288 1078 posset
318 1019 532 1063 ediscere?
583 1020 664 1063 Sed
701 1036 779 1076 ego
810 1023 851 1063 in
881 1022 944 1063 his
975 1024 1207 1078 praeceptis
1239 1022 1342 1064 hanc
1374 1024 1457 1063 vim
1489 1029 1528 1063 et
1558 1025 1663 1063 hanc
1692 1023 1909 1064 utilitatem

147 1098 237 1126 esse
258 1084 462 1131 arbitror,
493 1098 577 1124 non
609 1090 655 1125 ut
684 1083 735 1125 ad
765 1087 1083 1138 reperiendum,
1117 1083 1215 1140 quid
1236 1084 1442 1130 dicamus,
1474 1090 1561 1125 arte
1583 1086 1804 1135 ducamur,
1838 1086 1910 1127 sed

145 1152 191 1189 ut
219 1160 290 1196 ea,
323 1159 428 1202 quae
458 1152 624 1193 natura,
656 1160 761 1202 quae
794 1146 955 1197 studio,
1006 1163 1113 1203 quae
1146 1147 1443 1189 exercitatione
1476 1148 1792 1203 consequimur,
1839 1153 1909 1190 aut

146 1214 258 1252 recta
289 1222 379 1250 esse
410 1209 665 1250 confidamus
697 1214 766 1250 aut
797 1222 924 1262 prava
954 1210 1252 1265 intelligamuS,
1286 1224 1401 1257 cum,
1446 1223 1528 1264 quo
1558 1209 1778 1252 referenda
1807 1211 1908 1258 sint,

146 1272 427 1316 didicerimus.
489 1275 584 1314 233.
632 1274 791 1323 Quare,
839 1275 1016 1321 Caesar,
1061 1288 1137 1327 ego
1168 1285 1334 1328 quoque
1366 1274 1445 1312 hoc
1476 1286 1500 1312 a
1530 1278 1570 1312 te
1599 1279 1715 1327 peto,
1761 1279 1828 1323 ut,
1875 1275 1958 1315 si1⁵

144 1337 220 1378 tibi
251 1337 438 1384 videtur,
471 1335 680 1390 disputes,
715 1335 765 1376 de
797 1337 874 1376 hoc
905 1341 991 1377 toto
1023 1335 1189 1377 iocandi
1221 1348 1375 1389 genere
1405 1333 1506 1388 quid
1535 1335 1706 1382 sentias,
1742 1349 1794 1377 ne
1826 1350 1907 1391 qua

145 1398 253 1441 sorte
286 1400 447 1440 dicendi
479 1412 595 1452 pars,
627 1399 824 1455 quoniam
854 1398 910 1439 ita
941 1397 1152 1446 voluistis,
1185 1398 1227 1439 in
1256 1399 1336 1437 hoc
1366 1397 1436 1436 tali
1466 1402 1588 1438 coetu
1618 1402 1739 1451 atque
1760 1397 1803 1439 in
1827 1404 1909 1440 tam

145 1467 338 1504 accurato
370 1474 563 1503 sermone
592 1462 815 1516 praeterita
846 1473 935 1501 esse
967 1459 1173 1502 videatur.
1235 1461 1324 1514 Ego
1355 1472 1480 1507 vero,
1514 1459 1649 1514 inquit
1678 1459 1772 1509 ille,
1806 1475 1910 1514 quo-

144 1525 256 1566 niam
286 1523 502 1565 collectam
532 1536 556 1564 a
587 1524 781 1571 conviva,
814 1525 984 1572 Crasse,
1018 1524 1172 1577 exigis,
1203 1535 1287 1564 non
1319 1522 1594 1568 committam,
1625 1527 1691 1569 ut,
1725 1522 1760 1564 si
1792 1522 1908 1564 desu-

145 1585 299 1642 gerim,
353 1599 516 1627 causam
562 1585 744 1641 aliquam
789 1584 863 1626 tibi
909 1587 1131 1627 recusandi
1164 1586 1274 1626 dem.
1345 1585 1604 1640 Quamquam
1636 1586 1751 1627 soleo
1784 1599 1907 1641 saepe
1923 1596 1958 1621 2⁰

145 1647 290 1691 mirari
321 1661 468 1689 eorum
497 1648 817 1703 impudentiam,
868 1648 939 1702 qui
969 1653 1096 1702 agunt
1124 1648 1167 1688 in
1198 1660 1321 1688 scena
1364 1651 1523 1701 gestum
1571 1653 1783 1701 spectante
1830 1651 1911 1689 Ro-

144 1711 245 1754 scio.
305 1710 409 1761 Quis
451 1712 561 1752 enim
604 1723 694 1751 sese
740 1723 1008 1751 commovere
1047 1714 1206 1764 potest,
1258 1708 1374 1750 cuius
1405 1708 1474 1750 ille
1504 1708 1603 1750 vitia
1631 1723 1715 1751 non
1744 1711 1909 1751 videat?

145 1775 212 1817 Sic
250 1787 327 1828 ego
363 1788 497 1822 nunc,
550 1773 697 1814 Crasso
743 1772 959 1821 audiente,
1011 1773 1193 1827 primum
1230 1771 1377 1828 loquar
1408 1770 1458 1812 de
1488 1769 1647 1812 facetiis
1679 1777 1719 1814 et
1749 1770 1907 1813 docebo

144 1850 238 1885 suS,
289 1841 335 1876 ut
380 1835 517 1884 aiunt,
572 1840 785 1876 oratorem
832 1847 949 1883 eum,
1002 1848 1125 1889 quem
1172 1848 1266 1875 cum
1311 1833 1476 1876 Catulus
1522 1848 1656 1887 nuper
1701 1834 1906 1884 audisset,

143 1897 322 1941 fenum
353 1897 493 1939 alios
523 1898 660 1938 aiebat
691 1910 805 1937 esse
838 1902 1102 1952 oportere.
1165 1898 1261 1938 235..
1295 1900 1400 1938 Tum
1431 1897 1523 1944 ille,
1566 1898 1809 1946 Iocabatur,
1847 1896 1958 1938 in-2s

144 1960 250 2017 quit,
295 1959 487 2008 Catulus,
529 1959 775 2015 praesertim
808 1973 901 1999 cum
933 1959 990 2000 ita
1019 1958 1127 2000 dicat
1157 1961 1267 2015 ipse,
1306 1965 1351 2000 ut
1380 1958 1586 2000 ambrosia
1616 1959 1784 2001 alendus
1817 1973 1908 2001 esse

145 2022 349 2066 videatur.
411 2025 566 2065 Verum
587 2027 648 2069 te,
683 2023 855 2070 Caesar,
890 2021 1126 2070 audiamus,
1158 2027 1204 2063 ut
1234 2021 1284 2064 ad
1304 2023 1472 2063 Antonii
1492 2022 1654 2078 reliqua
1674 2025 1906 2064 redeamus.

141 2088 195 2128 Et
223 2086 446 2133 Antonius,
477 2087 687 2140 Perpauca
719 2086 888 2140 quidem
919 2085 1020 2126 mihi
1051 2089 1232 2132 restant,
1264 2086 1422 2140 inquit3
1457 2087 1529 2126 sed
1550 2091 1688 2126 tamen
1721 2084 1907 2126 defessus

143 2148 227 2190 iam
259 2147 403 2189 labore
434 2152 557 2203 atque
586 2148 736 2189 itinere
774 2147 1065 2204 disputationis
1106 2147 1365 2202 requiescam
1403 2147 1445 2189 in
1483 2149 1666 2189 Caesaris
1697 2160 1907 2195 sermone,

145 2213 263 2267 quasi
292 2210 336 2252 in
365 2210 505 2266 aliquo
535 2216 850 2266 peropportuno
892 2211 1151 2252 deversorio.
1212 2211 1355 2251 LVIII.
1397 2211 1541 2264 Atqui,
1590 2210 1721 2266 inquit
1758 2209 1958 2257 lulius‚so

143 2285 228 2314 non
257 2272 379 2313 nimis
410 2272 582 2315 liberale
613 2274 840 2326 hospitium
878 2286 1019 2315 meum
1057 2274 1184 2314 dices.
1246 2273 1349 2312 Nam
1388 2277 1429 2313 te
1468 2273 1512 2312 in
1555 2271 1689 2320 viam,
1739 2271 1909 2313 simulac

144 2334 450 2390 perpaullulum
481 2337 676 2390 gustaris,
710 2335 926 2377 extrudam
959 2342 1000 2377 et
1029 2335 1206 2378 eiiciam.

257 2399 354 2439 235.
395 2400 472 2445 Ac,
514 2411 565 2439 ne
596 2397 749 2439 diutius
779 2411 854 2439 vos
885 2397 1104 2447 demorer,
1149 2399 1200 2438 de
1245 2397 1358 2438 omni
1397 2397 1477 2439 isto
1508 2410 1660 2451 genere
1692 2397 1789 2453 quid
1820 2411 1911 2439 sen-

143 2460 263 2506 tiam,
309 2459 570 2515 perbreviter
609 2473 832 2513 exponam.
893 2463 954 2502 De
985 2462 1072 2502 risu
1103 2461 1286 2516 quinque
1317 2466 1432 2507 sunt,
1479 2474 1586 2515 quae
1629 2466 1903 2514 quaerantur:

144 2535 296 2572 unum,
330 2524 430 2578 quid
460 2523 534 2572 sit;
569 2521 769 2571 alterum,
802 2525 912 2564 unde
945 2525 1020 2572 sit;
1065 2523 1254 2570 tertium,
1296 2523 1402 2563 sitne
1434 2524 1610 2564 oratoris
1640 2524 1767 2563 risum
1801 2523 1906 2563 velle
1921 2534 1957 2560 35

143 2598 336 2635 movere3
370 2590 582 2640 quartum,
615 2591 840 2640 quatenus;
875 2587 1090 2642 quintum,
1125 2598 1233 2639 quae
1254 2585 1335 2626 sint
1355 2599 1510 2639 genera
1536 2584 1714 2627 ridiculi.
1773 2586 1907 2638 Atque

143 2647 245 2690 illud
274 2649 473 2704 primum,
516 2647 615 2703 quid
645 2649 697 2689 sit
726 2649 815 2703 ipse
846 2648 975 2698 risus,
1017 2662 1098 2704 quo
1129 2652 1249 2703 pacto
1281 2647 1535 2696 concitetur,
1577 2649 1648 2688 ubi
1680 2647 1756 2695 sit,
1805 2660 1908 2701 quo-

144 2708 269 2751 modo
313 2710 482 2752 exsistat
530 2716 653 2766 atque
693 2712 749 2752 ita
786 2716 960 2766 repente
1003 2715 1214 2766 erumpat,
1268 2716 1313 2752 ut
1353 2725 1448 2752 eum
1492 2712 1702 2767 cupientes
1734 2716 1902 2758 tencre,

237 2863 270 2894 1.
298 2863 406 2904 iqitur
424 2871 492 2896 om.
523 2863 566 2895 A.
590 2880 630 2886 —-
654 2864 853 2904 patiemur,
880 2863 995 2904 inquit
1019 2861 1048 2894 A
1073 2862 1227 2902 aliique:
1254 2864 1390 2904 inquit,
1415 2865 1591 2903 patiemur·
1615 2861 1693 2902 (132³)
1711 2862 1781 2894 RE.
1805 2880 1842 2886 —-
1871 2863 1904 2894 2.

145 2909 198 2942 M.
221 2908 343 2941 Crasso
362 2909 405 2941 R.
425 2927 461 2933 ·—
491 2910 525 2942 3.
546 2910 688 2942 laborat
706 2910 778 2941 AB.
801 2927 841 2932 —
865 2909 900 2940 lt.
921 2910 1114 2941 deducatur
1135 2910 1180 2942 R.
1203 2926 1241 2932 —-
1267 2910 1301 2941 5.
1328 2910 1501 2950 fateamur·
1517 2910 1559 2940 R.
1582 2926 1619 2931 —
1647 2909 1680 2940 6.
1711 2914 1819 2940 artem
1838 2919 1908 2942 esse

147 2956 258 2990 Codd.
286 2955 353 2995 al.‚
377 2956 452 2988 RT.
480 2954 570 2997 (Non
588 2957 677 2992 ΑΒ.)
699 2973 736 2979 -
763 2956 796 2989 7.
826 2956 963 2988 tamdiu
980 2956 1024 2986 Β.
1058 2972 1095 2978 -
1126 2957 1159 2988 8.
1186 2953 1249 2995 est]
1277 2965 1345 2988 om.
1365 2958 1393 2988 Α
1412 2980 1420 2993 ,
1447 2958 1514 2988 ista
1540 2959 1586 2987 est
1605 2956 1646 2986 R.
1671 2971 1711 2978 —·
1738 2956 1773 2988 9.
1799 2959 1908 2996 possit

145 3003 218 3036 ΑΒ.
247 3001 336 3042 (Non
355 3001 415 3043 R.)
436 3019 476 3025 —
502 3004 560 3035 10.
585 3005 647 3035 hoc
665 3004 707 3035 Β.
730 3021 766 3027 -
796 3003 849 3034 vel
874 3011 944 3034 non
962 3002 1034 3034 BR·
1057 3019 1094 3024 —
1124 3003 1179 3035 12.
1208 3003 1374 3034 ducamus
1392 3003 1421 3034 Α
1437 3025 1446 3040 ,
1473 3003 1685 3034 deducamur
1710 3002 1752 3033 B.
1781 3019 1820 3024 —
1849 3003 1905 3036 14.

144 3059 261 3092 parva
279 3050 428 3082 Ernestii
449 3058 590 3089 operae.
610 3067 651 3072 —
680 3051 737 3082 15.
764 3050 824 3082 hoc
850 3058 872 3080 a
898 3054 931 3081 te
956 3049 986 3080 A
1011 3049 1142 3088 aliique
1160 3073 1168 3085 .
1196 3049 1250 3080 R:
1279 3059 1301 3081 a
1327 3053 1357 3081 te
1383 3050 1444 3079 hoc
1467 3047 1524 3088 (B)
1545 3049 1583 3079 E.
1611 3064 1656 3072 —
1681 3048 1738 3080 17.
1764 3050 1909 3082 voluisti

145 3097 219 3129 BR.
248 3113 289 3119 —
317 3095 374 3127 19.
403 3095 571 3137 collegam
594 3097 641 3128 ad
666 3098 824 3128 convivia
851 3096 894 3128 Β.
926 3111 962 3117 -
991 3096 1048 3127 20.
1077 3104 1221 3127 causam
1247 3096 1403 3137 aliquam
1430 3095 1493 3125 tibi
1517 3096 1701 3126 recusandi
1719 3095 1794 3125 dem
1820 3097 1906 3128 AB:

146 3144 210 3176 tibi
233 3151 376 3175 causam
401 3142 558 3183 aliquam
584 3144 768 3175 recusandi
801 3143 875 3174 dem
900 3142 982 3179 ΒΤ,
1026 3143 1088 3173 tibi
1123 3151 1266 3174 causam
1302 3142 1459 3181 aliquam
1483 3141 1561 3172 dem
1584 3142 1769 3173 recusandi
1796 3143 1834 3173 1³..
1867 3160 1903 3166 —

145 3191 204 3222 21.
231 3191 446 3230 inspectante
471 3189 551 3227 AB,
581 3188 649 3221 Gu.
676 3189 709 3220 3.
739 3205 779 3212 —
816 3190 874 3221 24.
901 3190 973 3221 suis
998 3188 1070 3220 AB.
1106 3203 1139 3209 —
1183 3197 1280 3229 quem
1303 3185 1393 3227 cum]
1419 3196 1616 3228 quemquem
1640 3187 1681 3219 B.
1708 3204 1752 3210 —
1794 3190 1850 3220 25.
1877 3193 1907 3221 et

146 3236 261 3277 fenum
285 3237 328 3268 R.
363 3252 398 3258 -
425 3233 506 3275 esse]
532 3244 566 3267 se
590 3235 631 3267 B.
658 3251 702 3257 —
728 3235 786 3267 28.
815 3236 899 3267 mihi
924 3235 1064 3278 quidem
1089 3234 1128 3266 B.
1160 3251 1197 3257 —-
1241 3234 1298 3266 29.
1328 3234 1579 3273 disputationis
1603 3243 1700 3266 meae
1724 3236 1834 3266 (Lodd.
1860 3236 1904 3268 al.

147 3283 189 3315 T.
216 3283 306 3324 (Non
331 3280 452 3319 ABR.)
480 3299 517 3305 —
547 3282 602 3313 30.
630 3281 822 3313 diversorio
847 3282 888 3313 T.
919 3299 956 3305 —
998 3281 1055 3312 31.
1082 3282 1229 3312 nimium
1253 3281 1296 3312 R.
1326 3296 1366 3302 —
1404 3279 1460 3311 32.
1485 3281 1695 3321 perpaulum
1723 3282 1832 3313 codd.
1859 3282 1904 3313 al.

146 3329 221 3362 ΒΤ.
249 3328 342 3370 (Non
369 3327 459 3367 ΑΒ.)
487 3344 523 3352 -
549 3327 606 3360 33.
634 3337 697 3359 nos
721 3328 762 3359 B.
793 3343 832 3350 -
878 3327 934 3360 35.
959 3329 1071 3359 risum
1095 3328 1178 3358 velle
1203 3327 1314 3359 ABR:
1342 3327 1426 3358 velle
1448 3327 1558 3358 risum
1585 3327 1624 3359 E.
1656 3344 1700 3350 —
1741 3329 1797 3360 36.
1825 3331 1907 3360 sunt

147 3376 191 3410 R.
224 3392 260 3399 —
289 3376 347 3410 38.
375 3380 489 3409 tenere
512 3372 735 3417 nequeamus]
763 3376 940 3407 teneamus
963 3375 1005 3406 Α.
1032 3377 1086 3415 (ut
1109 3374 1171 3405 vix
1197 3382 1272 3406 eum
1298 3375 1470 3414 cupientes
1494 3378 1669 3407 teneamus
1694 3374 1761 3407 Gu.
1788 3371 1837 3416 1.)
