2117 3762
280 269 334 309 28
950 268 1018 309 AD
1050 268 1361 311 IIERENNIUM

277 375 376 416 facit
395 375 620 423 Pacuvius,
655 375 722 430 qni
746 375 918 415 eandem
941 372 1060 413 asl'ert
1080 374 1305 422 rationem,
1338 388 1465 429 quare
1487 387 1633 424 caeca,
1667 375 1867 424 eandem,
1902 389 2029 431 quare

278 439 399 477 bruta
428 439 608 478 Fortuna
639 439 811 477 dicatur.
872 436 939 476 38.
974 437 1020 474 In
1065 435 1378 477 confirmatione
1418 439 1592 478 rationis
1630 438 1757 478 multa
1797 443 1837 477 et
1865 439 2032 480 vitanda

278 501 321 539 in
351 504 492 540 nostra
523 504 563 540 et
592 500 849 539 observanda
881 499 921 537 in
952 498 1283 538 adversariorum
1317 501 1476 541 ratione
1508 506 1602 540 sunt
1631 502 1753 548 vitia,
1794 506 2033 555 propterea-

279 575 359 615 que
391 563 626 615 diligentius
658 562 981 608 consideramla,
1034 561 1144 614 quod
1187 567 1376 601 accurata
1413 562 1668 603 confirmatio
1704 563 1874 602 rationis
1904 568 2031 604 totam

248 623 638 664 svehementissime
671 624 915 677 comprobat
945 623 1360 675 argumentationem.
1422 627 1598 666 Utuntur
1634 626 1759 679 igitur
1788 623 1960 666 studiosi
1989 626 2032 666 in

278 685 558 727 confirmanda
588 687 747 726 ratione
779 685 932 739 duplici
963 684 1254 733 conclusione,
1288 686 1368 726 hoc
1399 689 1545 729 modo:

498 761 658 801 Iniuria
686 761 754 800 abs
784 766 818 800 te
848 761 1003 812 afficior
1031 761 1212 812 melione,
1238 766 1379 812 poter,-

498 824 620 871 Nam,
652 824 687 863 si
715 824 935 875 improbum
965 824 1237 875 Cresphontem
1267 824 1589 872 emistimareras,

502 886 583 925 Cur
612 899 670 925 me
699 886 791 925 huic
820 886 975 926 locabas
1003 886 1181 937 nuptiis?
1211 886 1272 924 sin
1302 891 1358 924 est
1379 887 1548 937 probus,

227 964 262 988 10
500 947 581 987 Cur
609 949 725 988 talem
754 949 920 988 invitam
949 949 1116 988 invitum
1145 949 1253 1000 cessis
1287 949 1490 1000 linquere?

276 1029 391 1077 Quae
432 1028 512 1069 hoc
551 1030 675 1069 modo
717 1030 1039 1076 concludentur,
1090 1034 1158 1068 aut
1198 1043 1249 1069 ex
1289 1029 1495 1068 contrario
1539 1034 1831 1072 convertentur
1870 1036 1940 1073 aut
1980 1047 2032 1074 ex

274 1091 449 1146 simplici
479 1096 593 1146 parte
625 1093 998 1146 reprehendentur.
1058 1093 1122 1132 Ex
1152 1092 1358 1132 contrario
1390 1093 1471 1131 hoc
1504 1094 1656 1133 modo:

496 1167 618 1207 Nulla
648 1172 682 1206 te
710 1167 896 1218 indiyna,
927 1181 950 1206 o
979 1172 1095 1213 nata,
1127 1168 1256 1219 afficio
1286 1168 1462 1213 iniuria,·

502 1230 548 1269 Si
570 1229 719 1281 probus
749 1235 820 1275 est,
852 1235 886 1269 te
917 1230 1062 1274 locoru
1093 1230 1157 1268 sin
1186 1235 1240 1268 est
1269 1229 1489 1281 improbus,

225 1309 258 1335 15
497 1292 680 1332 Divortio
711 1298 745 1333 te
775 1292 942 1332 liberabo
971 1291 1239 1331 incommodis.

275 1374 337 1414 Ex
377 1372 551 1425 simplici
590 1378 705 1428 parte
745 1374 1131 1425 reprehendentur,
1179 1372 1213 1412 si
1253 1386 1305 1414 ex
1343 1370 1497 1426 duplici
1535 1371 1802 1414 conclusione
1833 1373 2031 1416 alterutra

275 1449 369 1491 pars
401 1435 601 1484 diluetur,
635 1437 716 1476 hoc
748 1437 897 1476 modo:

498 1513 601 1552 Nam
630 1512 665 1550 si
693 1511 914 1563 improbum
945 1511 1218 1563 Cresphontem
1247 1511 1571 1567 eoeistimaeerns,

500 1576 580 1614 Cur
608 1587 666 1613 me
696 1574 788 1613 hnic
818 1574 971 1613 locabas
999 1575 1179 1625 nuptiis?
1212 1593 1260 1602 —-
1292 1575 1407 1612 Duoei
1431 1575 1622 1625 probmn;

225 1647 261 1673 20
500 1637 675 1682 Errare]
700 1642 791 1688 post
821 1637 1003 1688 0091101νὶ,
1037 1643 1071 1676 et
1097 1638 1210 1689 fuyt'o
1240 1636 1452 1687 eoqnitum.

275 1720 406 1761 XXV.
441 1720 505 1758 39.
538 1718 646 1771 Ergo
678 1717 951 1770 reprehensio
983 1718 1223 1757 huiusmodi
1254 1715 1531 1756 conclusionis
1562 1713 1717 1768 duplex
1748 1721 1830 1757 est:
1875 1719 2035 1759 acutior

274 1781 342 1822 illa
382 1781 596 1833 superior,
646 1777 808 1820 facilior
845 1780 948 1819 haec
991 1780 1201 1833 posterior
1245 1781 1295 1819 ad
1341 1778 1676 1831 excogitandum.
1739 1779 1842 1819 Item
1886 1781 2034 1821 vitiosa

276 1842 532 1884 confirmatio
564 1846 624 1882 est
654 1843 844 1890 rationis,
897 1856 990 1881 cum
1021 1856 1068 1882 ea
1098 1856 1168 1890 re,
1220 1856 1325 1897 qnae
1355 1841 1494 1896 plures
1525 1854 1592 1881 res
1623 1840 1849 1894 significat,
1900 1843 2036 1884 abuti—

274 1921 367 1946 mur
397 1920 471 1961 pro
505 1910 617 1946 certo
649 1906 770 1945 unius
801 1906 862 1945 rei
894 1905 1031 1958 signo,
1074 1906 1155 1944 hoc
1185 1906 1336 1945 inodo:
1382 1906 1558 1944 Necesse
1591 1909 1674 1952 est,
1724 1906 1917 1959 quoniam
1949 1905 2035 1960 pal-

225 1984 259 2008 25
275 1968 350 2017 let,
396 1974 659 2023 aegrotasse3
713 1973 807 2016 aut,
841 1970 1016 2008 Necesse
1049 1972 1110 2007 est
1140 1968 1375 2021 peperisse,
1423 1968 1617 2021 quoniam
1657 1968 1829 2009 sustinet
1857 1981 2034 2022 puerum

274 2031 488 2072 infantem.
549 2033 651 2071 Nam
682 2032 785 2071 haec
817 2045 889 2070 sua
920 2036 1067 2084 sponte
1101 2036 1213 2070 certa
1244 2031 1359 2084 signa
1389 2043 1471 2069 non
1502 2028 1678 2078 habent,
1718 2033 1751 2071 si
1781 2042 1863 2070 non
1895 2035 2033 2071 cetera

275 2107 442 2149 quoque
488 2093 637 2134 similia
682 2098 942 2133 concurrant.
1007 2094 1165 2142 Quodsi
1215 2093 1523 2140 concurrerint,
1575 2093 1762 2133 nonnihil
1807 2091 2033 2133 illiusmodi

275 2158 391 2210 signa
422 2155 625 2209 adaugent
654 2157 948 2208 suspicionem.
1007 2158 1109 2196 Item
1142 2156 1336 2197 vitiosum
1369 2160 1452 2201 est,
1503 2169 1595 2196 cum
1635 2156 1701 2197 vel
1740 2157 1781 2196 in
1812 2155 1937 2196 alium
1967 2155 2033 2196 vel

275 2220 317 2261 111
349 2235 444 2261 011111
474 2220 633 2274 ipsum,
668 2221 737 2274 qui
769 2221 889 2268 dicit,
924 2217 985 2266 id,
1018 2220 1130 2274 quod
1160 2219 1201 2260 in
1232 2219 1514 2259 adversarium
1547 2219 1722 2267 dicitur,
1770 2222 1906 2273 potest
1936 2232 2034 2259 0011-

226 2296 261 2322 30
276 2284 440 2328 venire,
473 2284 553 2323 hoc
585 2285 730 2324 modo:

387 2359 528 2399 Miseri
558 2365 667 2408 sunt,
698 2359 765 2411 qni
795 2371 944 2399 uxores
973 2358 1132 2398 ducunt.
1166 2381 1217 2386 —-
1249 2357 1300 2398 Ac
1329 2364 1372 2398 tu
1400 2358 1556 2398 duoeisti.
1584 2359 1764 2398 alteram.

274 2441 377 2479 Item
418 2440 611 2480 vitiosum
653 2444 714 2479 est
751 2440 810 2486 id,
863 2441 974 2494 quod
1011 2438 1223 2492 vulgarem
1255 2437 1381 2479 habet
1410 2438 1719 2487 defensionem,
1771 2439 1851 2479 hoc
1882 2439 2029 2478 modo:

275 2502 489 2543 Iracundia
528 2504 719 2543 inductus
760 2503 946 2555 peccavit
985 2507 1054 2542 aut
1093 2501 1371 2542 adolescentia
1411 2507 1480 2541 aut
1518 2515 1674 2542 amore.
1733 2499 2032 2541 Huiuscemodi

276 2566 386 2605 enim
417 2564 728 2619 deprecationes
759 2567 791 2605 si
823 2563 1131 2619 probabuntur,
1178 2565 1345 2619 impune
1378 2565 1555 2605 maxima
1585 2568 1749 2619 peccata
1780 2563 2028 2604 dilabentur.

227 2644 259 2669 35
276 2631 377 2669 Item
408 2629 602 2668 vitiosum
637 2633 717 2675 est,
750 2642 842 2668 011111
873 2629 914 2668 1(1
947 2641 1022 2683 pro
1056 2632 1169 2668 certo
1193 2628 1388 2674 sumitur,
1423 2627 1538 2682 quasi
1568 2626 1676 2668 inter
1695 2639 1838 2667 omnes
1860 2630 2030 2674 constet,

277 2693 387 2745 quod
419 2691 652 2731 etiamnunc
683 2691 723 2731 in
757 2692 1041 2732 controversia
1073 2695 1156 2738 est,
1190 2691 1270 2730 hoc
1301 2691 1448 2730 modo:

368 2799 399 2829 5.
427 2799 578 2829 studiose
604 2798 659 2829 FT
687 2802 719 2829 et
747 2807 797 2834 pr.
821 2798 855 2829 P.
889 2815 924 2820 —
957 2799 1011 2829 13.
1041 2807 1059 2828 ο
1086 2802 1172 2829 nata
1198 2797 1366 2828 ABFRT:
1395 2801 1481 2827 nata
1508 2797 1575 2828 PE.
1606 2813 1645 2818 -
1686 2795 1741 2827 14.
1770 2799 1801 2826 te
1826 2796 1936 2827 locavi
1961 2798 2032 2828 Ou-

279 2845 508 2884 dendorpins:
547 2845 716 2875 collocavi
742 2844 941 2882 PAFRTE,
984 2846 1095 2876 locavi
1122 2845 1161 2875 B.
1192 2860 1229 2865 -
1268 2845 1322 2874 sin
1357 2848 1406 2874 est
1438 2843 1541 2874 PAB:
1585 2843 1639 2873 sin
1666 2846 1778 2872 autem
1806 2843 1853 2881 E,
1887 2844 1941 2873 sin-
1970 2853 2031 2874 au-

279 2896 342 2922 tem
367 2897 413 2922 est
440 2893 515 2927 FT,
544 2893 596 2921 sin
623 2897 684 2922 ααι
714 2892 755 2921 R.
797 2908 830 2912 —
881 2892 935 2922 17.
965 2892 1110 2923 diluitur
1137 2891 1304 2927 PAFRT,
1333 2890 1490 2921 diluatur
1517 2891 1555 2920 B.
1586 2907 1623 2912 —
1668 2890 1725 2919 20.
1752 2891 1909 2931 coqnovt'.
1937 2889 2031 2931 fugio

278 2947 370 2967 nunc
395 2940 568 2978 cognitum
594 2938 664 2968 BR.
695 2938 876 2979 (coquom,-
917 2937 1021 2979 effnye
1046 2948 1135 2969 1111ηο
1162 2939 1339 2977 coyni'turn
1365 2937 1605 2975 suspicabatur
1632 2935 1814 2972 Oudend.)
1852 2953 1890 2958 —
1930 2937 2030 2969 Cete-

280 2993 353 3015 rum
380 2985 464 3015 haec
492 2986 586 3015 Decri
603 3002 615 3006 -
636 3002 648 3006 -
670 2987 846 3024 coqnt'tmn
868 2986 1000 3023 Cypseli
1021 2986 1062 3016 ad
1082 2985 1251 3023 Meropen
1273 2984 1374 3014 filiam
1394 2988 1474 3014 sunt
1494 2983 1595 3014 verba
1616 2992 1653 3013 ex
1676 2983 1777 3014 Ennii
1798 2982 2026 3021 Cresphonte.

279 3048 319 3053 »-
347 3031 403 3061 21.
427 3030 620 3061 huiusmodi
646 3032 847 3062 PABFRT:
876 3032 977 3062 huius
1005 3033 1043 3062 E.
1072 3049 1115 3052 —
1156 3031 1213 3061 23.
1242 3031 1459 3071 confirmatio
1486 3034 1534 3059 est
1560 3029 1693 3060 PBF'l':
1736 3034 1783 3060 est
1808 3030 2029 3072 confirmatio

278 3078 361 3111 AR,
391 3077 429 3107 E.
458 3094 500 3098 —
532 3078 647 3115 plures
672 3087 724 3108 res
750 3078 806 3108 PT
833 3082 866 3110 et
892 3087 980 3109 corr.
1004 3079 1080 3109 AF:
1118 3078 1223 3117 plura
1250 3077 1329 3113 BE,
1361 3077 1479 3114 plnres
1505 3077 1586 3116 (om.
1606 3074 1671 3114 res)
1699 3077 1727 3107 R
1754 3081 1788 3107 et
1814 3085 1864 3115 pr.
1886 3077 1955 3107 AF.
1985 3092 2029 3097 —

278 3124 335 3154 31.
363 3124 504 3154 ducunt.
538 3139 569 3143 —
601 3125 642 3154 At
670 3125 887 3163 distinguunt
914 3126 938 3156 L
966 3130 998 3156 et
1028 3125 1131 3156 Sch.:
1160 3125 1311 3154 ducunt:
1339 3127 1375 3153 at
1402 3122 1441 3153 E.
1471 3140 1510 3144 —-
1545 3122 1601 3153 33.
1629 3124 1794 3153 deductus
1822 3126 1871 3162 pr.
1894 3123 1940 3160 P,
1968 3124 2030 3154 du-

279 3175 350 3201 ctus
376 3170 430 3200 FT
457 3174 490 3200 et
516 3178 604 3200 corr.
629 3170 666 3201 P.
700 3188 738 3193 -
781 3171 837 3202 32.
867 3171 1044 3202 diluentur
1077 3171 1165 3201 AFR
1203 3175 1235 3201 et
1269 3178 1357 3199 corr.
1383 3169 1432 3205 P,
1471 3169 1661 3200 diluentur-
1687 3171 1725 3200 in
1753 3171 1966 3201 contentione
1991 3171 2029 3200 in

277 3217 432 3247 maxima
456 3222 600 3255 peccata
627 3217 826 3248 dilabenter
852 3218 891 3249 T.
923 3234 959 3239 —
999 3218 1054 3248 35.
1083 3217 1184 3257 qnasi
1209 3218 1297 3247 inter
1323 3224 1436 3246 ornnes
1462 3220 1591 3247 constet
1616 3216 1906 3255 Oudendorpius:
1934 3216 2028 3256 quod

278 3264 369 3294 inter
404 3271 518 3293 omnes
550 3272 619 3293 non
653 3268 786 3293 constat
816 3264 854 3294 E.
893 3262 985 3301 (Non
1011 3265 1102 3296 haud
1130 3267 1320 3303 agnoscunt
1347 3262 1456 3293 Codd.
1478 3268 1620 3301 excepto
1650 3264 1748 3295 Voss.
1768 3264 1796 3293 1.
1824 3271 1840 3294 a
1867 3269 1924 3293 sec
1965 3261 2026 3302 m.)

278 3309 369 3351 quod
393 3310 492 3348 quasi
517 3311 607 3340 inter
633 3318 744 3340 omnes
771 3314 905 3340 constat
932 3311 981 3348 T,
1020 3311 1111 3351 quod
1146 3312 1236 3341 inter
1269 3318 1382 3341 omnes
1412 3314 1548 3341 constat
1574 3309 1702 3343 PABF.
1737 3309 2026 3353 (Coniunctiavum

280 3355 423 3397 praebet
447 3355 507 3394 R.)
537 3373 572 3378 —
602 3355 661 3386 36.
688 3356 780 3396 qnod
805 3356 973 3388 PBFRT:
1001 3359 1083 3398 quia
1108 3357 1182 3388 ΑΕ.
