2117 3762
700 251 799 291 Lm.
833 251 884 291 11.
947 250 991 292 C.
1031 253 1092 292 12.
1129 252 1193 293 13.
1232 251 1294 293 170.
1810 256 1858 296 21

113 361 308 417 positum.
370 359 426 398 Ea
467 369 589 411 saepe
627 357 788 397 divorsa
828 363 941 404 sunt,
987 364 1033 398 ut
1071 360 1180 399 aliud
1219 358 1285 398 alii
1332 357 1456 399 iudici
1488 363 1557 398 aut
1586 361 1762 413 praetori
1795 367 1864 401 aut

114 423 272 465 consuli
305 427 374 461 aut
405 421 572 461 tribuno
602 419 734 472 plebis
766 420 957 473 placitum
990 421 1062 467 siu
1111 427 1150 460 et
1187 419 1250 466 lit,
1297 426 1342 461 ut
1381 422 1432 460 de
1473 423 1615 461 eadem
1658 437 1699 462 re
1739 436 1862 477 saepe

112 484 214 527 alius
257 483 366 524 aliud
405 480 636 521 det-reverit
678 486 746 520 aut
784 482 993 530 iudicarim
1043 485 1151 538 quod
1194 497 1344 535 genus:
1390 486 1442 524 M.
1471 485 1648 529 Drusus,
1699 492 1863 539 praetor

112 548 315 592 urbanus,
360 545 469 599 quod
502 557 594 583 cuin
625 544 778 584 herede.
812 546 988 584 mandati
1020 553 1230 596 ageretur,
1273 547 1470 586 iudicium
1504 548 1706 596 reddidit3
1761 550 1857 589 Sex.

111 610 238 651 lulius
270 620 351 648 non
382 607 574 647 reddidit.
636 608 758 646 Item:
812 608 854 650 (ἶ.
881 610 1040 648 Caelius
1086 610 1209 650 iudex
1249 609 1425 649 absolvit
1466 610 1707 650 iniuriarum
1742 620 1891 656 eum.⁵

111 674 181 729 qui
215 671 414 712 Lucilium
445 674 607 723 poetam
638 669 679 708 in
711 683 831 709 scena
864 672 1105 711 nominatim
1138 673 1334 718 laeseram
1384 673 1427 712 P.
1453 673 1610 713 Mucius
1642 688 1756 720 euin,
1789 676 1859 729 qui

111 738 157 777 l..
183 735 350 776 Act-ium
381 737 544 786 poetam
575 733 878 778 nominaverat,
923 735 1228 774 condemnavit.
1290 737 1357 774 20.
1393 737 1521 785 Ergo,
1565 736 1659 789 quia
1691 741 1862 789 possunt

111 813 176 840 res
207 796 330 837 simili
361 797 412 835 de
444 808 564 835 rausa
596 796 852 835 dissimiliter
883 797 1083 836 indit-atae
1115 796 1310 851 proferri,
1364 811 1455 837 cum
1498 798 1538 837 id
1569 811 1646 837 usu
1679 799 1860 845 venerit,

109 861 287 902 iudicem
319 871 411 898 cum
444 858 601 903 iudice,
634 864 794 912 tempus
826 872 918 899 cuin
951 865 1160 913 tempore,
1193 873 1410 899 numerum
1443 873 1535 899 cuin
1559 873 1733 900 numero
1755 861 1862 900 iudi-

108 924 266 963 ciorum
298 919 572 960 eonl'eremus.
632 922 693 960 Ex
725 934 858 975 aequo
891 927 930 961 et
963 923 1071 962 bono
1102 923 1165 962 ius
1198 926 1377 967 constat,
1421 924 1530 976 quod
1563 924 1612 961 ad
1644 923 1858 962 veritatem
1874 932 1910 957 1⁰

107 991 147 1026 et
169 985 386 1025 utilitatem
418 996 678 1023 communem
711 985 874 1024 videtur
904 986 1135 1039 pertinet-(23
1170 985 1279 1038 quod
1303 998 1453 1035 genuS,
1488 996 1540 1025 Ur
1571 996 1707 1025 MAIOR
1736 997 1859 1027 ,νῆ-18

106 1049 192 1088 LX.
236 1058 289 1087 ET
321 1058 393 1087 cvi
425 1057 595 1086 MOttBt'S
629 1058 761 1087 cArsA
792 1059 888 1092 EST,
942 1059 1222 1088 coflxrronmi
1265 1059 1360 1087 ner.
1421 1048 1483 1087 Ex
1520 1060 1570 1087 eo
1609 1049 1674 1088 vel
1705 1062 1858 1088 novum

106 1112 168 1151 ius
206 1109 399 1150 constitui
437 1110 629 1148 convenit
668 1124 720 1149 ex
763 1115 948 1164 tempore
992 1115 1032 1148 et
1074 1123 1125 1149 ex
1162 1111 1342 1149 hominis
1375 1110 1586 1163 dignitate.
1647 1112 1710 1152 Ex
1740 1117 1859 1165 pacto

106 1173 168 1213 ius
200 1177 283 1213 est:
315 1183 354 1212 sl
387 1183 461 1218 om
496 1184 600 1218 QUH)
633 1183 758 1212 lx'rizn
789 1184 836 1212 SE
870 1184 1155 1219 PEPIGERUNT‚
1189 1185 1227 1213 Sl
1261 1185 1365 1220 Quin
1398 1184 1520 1213 INTER
1553 1184 1664 1220 Quos
1699 1185 1860 1214 coxvss-

105 1246 193 1276 ΝιΤ.
254 1235 372 1274 Pacta
403 1239 515 1280 sunt,
558 1247 662 1288 quae
694 1233 853 1287 legibus
884 1235 1142 1274 observanda
1183 1240 1294 1281 sunt,
1336 1235 1415 1274 hoc
1455 1236 1598 1275 modo:
1655 1237 1747 1275 Rau
1786 1243 1908 1276 umis

105 1309 292 1343 ΡΑῦεΝτ,
341 1307 509 1344 οιιΛτος
558 1309 599 1336 xl
631 1309 816 1343 matur,
864 1309 907 1337 lx
949 1309 1133 1338 comrto
1175 1309 1257 1337 ΛΒΤ
1298 1309 1341 1337 lx
1371 1309 1477 1338 Fono
1508 1311 1614 1337 AYTE
1647 1310 1858 1338 nummum

107 1371 272 1402 cAUsAM
305 1370 527 1400 coxtciTo.
591 1360 693 1400 Sunt
724 1360 821 1398 item
855 1366 987 1414 pacta,
1034 1372 1138 1413 quae
1180 1359 1267 1398 sine
1307 1360 1469 1411 legibus
1505 1360 1776 1400 observantur
1807 1374 1859 1400 ex

105 1426 335 1467 conventu,
383 1434 487 1475 quae
527 1422 615 1462 iure
653 1427 862 1476 praestare
905 1423 1111 1462 dicuntur.
1173 1421 1248 1460 His
1287 1421 1413 1473 igitur
1450 1421 1636 1475 partibus
1667 1422 1855 1461 iniuriam

105 1484 400 1531 demonstrari,
432 1484 494 1523 ius
526 1482 760 1524 confirmari
792 1485 1005 1531 convenit,
1038 1485 1161 1538 idque
1192 1484 1234 1522 in
1255 1484 1445 1523 absoluta
1466 1483 1684 1523 iuridiciali
1707 1482 1858 1524 facien-

105 1550 202 1589 dum
233 1548 410 1588 videtur.
473 1548 581 1587 Xtv.
616 1548 684 1587 21.
730 1547 831 1587 Cum
863 1561 915 1587 ex
945 1546 1252 1601 comparatione
1284 1551 1529 1599 quaeretur,
1563 1550 1700 1586 utrum
1732 1546 1856 1586 satius
1871 1557 1908 1583 20

104 1611 229 1652 suerit
258 1623 381 1661 agere
412 1610 472 1655 id,
505 1611 616 1662 quod
648 1623 744 1649 reus
775 1610 882 1649 dicat
913 1624 955 1649 se
987 1608 1149 1655 fecisse,
1182 1622 1234 1648 an
1265 1609 1328 1655 id,
1361 1610 1471 1663 quod
1503 1613 1718 1648 accusator
1750 1609 1858 1648 dicat

105 1674 337 1728 oportuisse
370 1670 477 1719 fieri,
519 1673 696 1726 primum
729 1673 871 1726 quaeri
905 1673 1141 1717 conveniet,
1183 1677 1320 1710 utrum
1351 1668 1476 1710 fuerit
1505 1671 1645 1711 utilius
1677 1684 1729 1710 ex
1760 1683 1858 1710 con-

105 1737 310 1781 tentione,
362 1735 441 1774 hoe
483 1740 563 1781 est,
612 1740 750 1774 utrum
793 1735 1021 1780 venustius,
1073 1731 1252 1780 facilius,
1304 1734 1621 1774 conducibilius.
1697 1734 1855 1773 Deinde

105 1799 314 1852 oportebit
344 1798 508 1853 quaeri,
551 1799 739 1851 ipsumne
773 1798 1004 1851 oportuerit
1031 1797 1234 1841 iudicare,
1276 1803 1413 1837 utrum
1444 1795 1568 1837 fuerit
1597 1796 1758 1843 utilius,
1805 1809 1855 1835 an

104 1861 279 1900 aliorum
326 1858 449 1900 suerit
495 1860 700 1900 statuendi
745 1865 942 1913 potestas.
1003 1860 1162 1900 Deinde
1200 1860 1488 1912 interponetur
1524 1860 1574 1898 ab
1615 1863 1854 1899 accusatore
1870 1875 1904 1900 25

103 1923 283 1977 suspicio
315 1937 367 1963 ex
389 1923 681 1963 constitutione
701 1922 989 1969 mniecturali,
1022 1935 1148 1976 quare
1169 1926 1336 1975 putetur
1355 1934 1438 1960 non
1461 1934 1507 1961 ea
1526 1921 1685 1960 ratione
1704 1920 1855 1962 factum

104 2000 215 2032 esse,
262 1998 343 2041 quo
376 1986 524 2025 melius
556 1985 753 2025 deteriori
786 1989 1126 2039 anteponeretur,
1174 1984 1246 2023 sed
1278 1984 1374 2022 dolo
1408 1984 1516 2023 malo
1544 1985 1756 2036 negotium
1788 1997 1858 2038 ge-

103 2053 225 2088 stum.
286 2049 444 2089 Deinde
477 2053 718 2103 quaeretur,
751 2048 985 2102 potueritne
1017 2047 1158 2093 vitari,
1190 2060 1243 2086 ne
1273 2047 1315 2086 in
1347 2060 1441 2086 eum
1463 2047 1601 2087 locum
1623 2048 1850 2087 veniretur.

102 2112 165 2150 Ab
197 2109 417 2152 defensore
449 2116 591 2151 contra
621 2109 835 2151 refelletur
873 2111 1175 2163 argumentatio
1219 2110 1508 2151 coniecturalis
1539 2108 1677 2165 aliqua
1706 2111 1858 2164 proba-

102 2173 176 2214 bili
215 2176 360 2222 ea'usa3
412 2175 462 2213 de
505 2187 585 2228 qua
627 2177 721 2212 ante
765 2172 918 2213 dietum
961 2176 1036 2211 est.
1098 2174 1168 2212 22.
1203 2172 1276 2211 llis
1307 2172 1363 2211 ita
1392 2172 1596 2219 tractatis,
1643 2176 1906 2213 aecusatorso

102 2240 240 2275 utetur
280 2237 374 2276 loco
415 2236 625 2275 communi
656 2236 697 2274 in
729 2248 848 2281 eum,
895 2234 964 2289 qui
996 2233 1138 2274 inutile
1168 2235 1257 2274 utili
1288 2233 1597 2289 praeposuerit,
1650 2247 1743 2273 cum
1775 2239 1855 2273 sta—

104 2298 244 2338 tuendi
276 2312 359 2337 non
390 2298 565 2338 haberet
594 2301 855 2351 potestatem.
916 2294 1120 2337 Defensor
1150 2301 1294 2336 contra
1325 2310 1417 2344 eos,
1450 2297 1517 2351 qui
1550 2309 1728 2349 aequum
1761 2310 1856 2335 sen-

103 2365 220 2401 seant
264 2375 353 2401 rem
394 2361 671 2415 perniciosam
716 2360 806 2400 utili
849 2360 1072 2414 praeponi,
1122 2364 1260 2400 utetur
1290 2359 1382 2398 loco
1415 2359 1624 2398 communi
1653 2373 1730 2412 per
1760 2371 1857 2398 con-

197 2498 229 2530 3.
257 2499 426 2530 iudicarit
451 2499 561 2529 PFT:
589 2498 796 2529 indicaverit
820 2498 955 2529 ABRE.
998 2513 1037 2519 —
1078 2498 1131 2528 10.
1161 2496 1370 2536 conferemus
1402 2506 1491 2530 corr.
1522 2494 1579 2537 (ab
1607 2497 1683 2529 ead.
1711 2495 1773 2537 m.)
1799 2497 1853 2534 R,

104 2545 239 2578 Oxonn.
269 2546 360 2583 duo,
390 2546 414 2576 L
433 2570 441 2583 ‚
469 2546 576 2577 Sch.:
605 2544 822 2584 proferemus
848 2544 1049 2582 PARFTE,
1077 2543 1252 2585 efferemus
1280 2553 1330 2584 pr.
1357 2545 1400 2576 R.
1428 2561 1472 2567 -
1511 2545 1565 2575 12.
1593 2544 1645 2575 vel
1670 2553 1736 2575 om.
1766 2544 1792 2574 T
1822 2549 1855 2575 et

103 2594 159 2624 alii
174 2616 182 2631 ‚
211 2594 291 2624 item
311 2593 350 2623 L.
373 2609 410 2614 —
441 2593 494 2625 13.
516 2597 545 2623 et
563 2601 604 2623 ez·
620 2593 765 2622 hominis
784 2592 836 2622 ΡΑ
847 2592 982 2623 ΒΕΙὶἚε
1010 2594 1038 2622 et
1059 2591 1207 2622 hominis
1225 2592 1266 2622 E.
1290 2607 1324 2612 —
1355 2591 1412 2626 14.
1432 2591 1470 2622 Si
1488 2593 1546 2631 qui
1565 2591 1647 2632 quid
1667 2591 1737 2629 PR,
1757 2591 1854 2622 Voss.

103 2639 186 2671 ltt.:
213 2640 341 2680 siquid
357 2639 462 2676 BFT,
491 2639 598 2679 siqui
623 2638 723 2669 ALE.
749 2654 787 2660 —
816 2639 871 2670 15.
898 2639 980 2669 Rem
1004 2638 1063 2669 ubi
1086 2641 1244 2678 ραῃιιιιῑ,
1272 2642 1397 2676 οναὶος
1422 2639 1460 2670 πί
1480 2643 1619 2679 paslunt
1643 2639 1680 2668 'in
1705 2635 1856 2677 comitio]

104 2687 160 2718 Sic
195 2687 312 2718 editur
345 2695 383 2717 ex
418 2689 559 2726 antiquo
588 2684 673 2716 Cod.
701 2681 743 2723 (‘.’)
779 2685 848 2716 lac.
877 2694 893 2716 a
922 2685 1030 2716 Cruce
1058 2686 1090 2716 in
1119 2683 1257 2716 Gruteri
1283 2685 1387 2715 't'hes.
1415 2686 1442 2717 Ι.
1472 2693 1503 2723 p.
1533 2684 1610 2715 684..
1641 2688 1673 2715 et
1699 2693 1737 2716 ex
1766 2685 1854 2716 cont.

105 2733 199 2764 Bosit
229 2733 320 2772 apud
347 2732 467 2764 Lamb.
520 2733 633 2764 Ceteri
661 2731 770 2762 (Imm.
801 2733 877 2770 ptus
904 2734 1062 2763 minusve
1083 2733 1248 2770 corrupti.
1299 2732 1392 2763 Inter
1424 2737 1558 2763 nostros
1586 2733 1736 2769 proxime
1762 2739 1858 2762 acce-

105 2781 155 2810 dit.
180 2779 226 2810 B:
268 2779 350 2809 Rem
387 2779 444 2810 ubi
477 2784 613 2819 paqlunt
647 2780 799 2809 oraciom
834 2778 891 2817 (Ξ
925 2780 1089 2813 orationi)
1114 2783 1248 2818 payunt
1273 2779 1310 2809 in
1335 2781 1497 2814 comitio,
1534 2782 1567 2808 et
1593 2778 1640 2808 R:
1683 2779 1765 2808 Item
1798 2777 1859 2808 ubi

101 2829 238 2865 payunt
273 2826 430 2856 oratione
465 2830 601 2866 payunt
641 2825 676 2855 ιἰι
712 2827 862 2856 comitio.
915 2826 1000 2857 Vide
1037 2828 1177 2856 omnino
1214 2825 1360 2858 Dtrksen
1388 2825 1467 2856 XII.
1500 2824 1618 2863 Taseln
1647 2832 1679 2861 p.
1708 2824 1785 2855 170.
1818 2840 1854 2846 -

104 2874 159 2903 19.
188 2871 391 2909 faciundum
417 2872 486 2903 AF.
525 2888 569 2893 —
603 2872 659 2902 21.
689 2869 804 2912 affere]
840 2871 952 2910 faeere
987 2872 1031 2907 Β,
1070 2872 1107 2902 L.
1146 2889 1184 2894 —
1230 2872 1287 2902 22.
1325 2873 1497 2903 conveniet
1530 2870 1696 2901 mnFR:
1740 2879 1858 2902 conre-

102 2921 154 2950 w't
185 2918 230 2955 E,
272 2919 453 2950 conveniat
488 2918 528 2949 T.
564 2935 601 2940 —
641 2917 698 2948 23.
726 2917 915 2959 venusti'us]
953 2923 1151 2956 suspectum
1192 2919 1274 2949 mihi
1315 2919 1501 2957 aliquando
1536 2916 1647 2948 suerat
1681 2917 1746 2948 hoc
1781 2925 1855 2949 voc.

102 2965 205 2996 Nunc
244 2972 404 3004 comparo
441 2965 524 2997 Cod.
552 2965 606 2996 15.
635 2962 672 3003 δ.
701 2965 733 2997 5.
776 2966 817 2997 de
846 2969 980 2997 testam.
1010 2974 1101 2996 man.
1128 2965 1170 3001 7,
1197 2966 1243 2996 2:
1286 2965 1384 3004 Quod
1410 2964 1626 3004 privilemum
1652 2963 1796 2999 damus.
1816 2981 1860 2986 --

102 3016 140 3043 ut
173 3011 307 3051 aliquid
340 3016 520 3042 venustum
557 3013 711 3046 cremat,
754 3012 786 3043 id
822 3018 895 3050 est,
941 3015 1196 3049 «concinnum,
1234 3018 1408 3051 gratum.»
1447 3027 1481 3033 -
1528 3009 1583 3040 241.
1610 3011 1713 3050 fuerit
1740 3011 1860 3042 utilius

104 3059 279 3090 statuendi
305 3057 431 3088 PBFT.
470 3074 506 3080 —-
549 3058 606 3088 25.
636 3063 840 3100 accusatore
877 3059 1102 3090 coniecturali
1139 3066 1248 3098 quare
1283 3056 1428 3096 (omissis
1462 3065 1514 3089 vv.
1543 3059 1692 3095 suspicio
1718 3067 1759 3089 ea:
1783 3066 1860 3087 con-

106 3104 302 3143 stitutione)
327 3104 378 3141 P,
421 3108 623 3135 accusatore
660 3107 858 3137 coniectura
895 3115 1002 3146 quare
1028 3106 1127 3136 AFT.
1167 3104 1330 3143 (suspicio
1363 3103 1418 3144 em}
1458 3104 1620 3143 primitus
1655 3106 1687 3135 in
1716 3104 1800 3136 Cod.
1830 3104 1859 3134 R

105 3156 157 3184 est
183 3152 383 3183 coniectura
413 3151 538 3181 additis
565 3150 606 3181 ab
634 3152 780 3190 eadem,
821 3156 857 3183 ut
881 3153 1041 3187 videtur,
1086 3160 1188 3183 manu
1214 3151 1362 3188 suspicio
1388 3155 1453 3182 cet.
1471 3173 1479 3186 ‚
1509 3159 1576 3182 non
1603 3155 1716 3183 tamen
1746 3151 1859 3182 deleta

106 3198 161 3230 itta
190 3207 272 3230 voce
306 3199 513 3229 coniectura.
541 3196 687 3236 Tnoss.)
715 3215 753 3220 —
797 3198 841 3229 28
861 3215 873 3221 -
891 3215 904 3220 -
922 3199 977 3230 30.
1019 3202 1150 3238 qestum
1182 3198 1222 3228 de
1246 3197 1365 3237 aliqua
1388 3196 1564 3236 probabili
1591 3206 1707 3229 causa.
1737 3198 1778 3228 ab
1805 3196 1858 3228 de-

105 3244 238 3283 fensore
263 3244 435 3282 reseratur
462 3246 722 3282 aryumentatio
747 3246 991 3276 coniecturalis
1017 3244 1055 3275 de
1081 3254 1150 3284 qua
1176 3248 1256 3274 aute
1281 3244 1409 3275 dictum
1435 3248 1495 3275 est.
1548 3243 1678 3275 Deinde
1697 3242 1860 3283 (Denique

105 3291 130 3322 F
149 3294 184 3322 et
203 3300 254 3330 pr.
273 3291 317 3329 A)
345 3295 532 3331 quaeretur
548 3293 745 3329 potueritne
762 3293 869 3322 vitari
885 3300 928 3322 ne
949 3292 983 3322 in
1002 3299 1077 3322 eum
1096 3291 1205 3321 locum
1221 3291 1407 3322 veniretur.
1435 3290 1487 3322 his
1504 3292 1557 3322 ita
1576 3292 1738 3322 tractatis
1760 3289 1856 3320 PAF.

105 3335 163 3378 (ab
182 3336 359 3378 defensore
378 3346 445 3370 om.
465 3337 489 3369 F
509 3341 542 3368 et.
562 3345 613 3376 pr.
632 3337 660 3367 A
677 3360 686 3375 ,
713 3337 780 3370 det.
810 3346 898 3370 corr.
926 3337 964 3369 P.
991 3337 1101 3369 Aliter
1118 3337 1174 3369 alii
1193 3335 1363 3377 turbant.)
1384 3354 1420 3361 ·-
1448 3336 1504 3370 32.
1525 3337 1681 3370 habuerit
1699 3335 1856 3368 PABFT.
