2117 3762
240 248 321 291 314
953 249 1022 289 DE
1055 248 1301 291 ORATORE

239 355 490 398 instituendo
521 354 723 397 divisione
752 357 943 402 utuntur,
974 355 1048 395 sed
1077 355 1153 402 ita,
1185 367 1269 396 non
1298 358 1346 396 ut
1375 355 1464 396 iure
1494 356 1564 395 aut
1593 353 1772 402 iudicio,
1809 354 1851 397 vi
1883 354 1998 397 deni-

240 433 320 474 que
351 432 599 472 recuperare
629 417 819 458 amissam
851 416 1179 470 possessionem,
1209 415 1283 458 sed
1313 422 1360 458 ut
1388 417 1478 458 iure
1510 417 1619 458 civili
1650 417 1816 459 surculo
1844 417 1998 460 defrin-

240 483 375 536 gendo
406 495 605 536 usurpare
635 481 866 520 videantur.
940 481 1043 519 Nam
1078 478 1178 519 illud
1207 480 1385 520 alterum
1417 493 1569 534 genus,
1605 481 1718 534 quod
1749 486 1810 521 est
1839 485 1999 536 tempo—

239 545 375 592 ribus,
421 545 541 591 locis,
587 543 670 583 reis
703 539 939 590 definitum,
983 542 1196 588 obtinent,
1249 546 1370 596 atque
1410 543 1451 584 id
1490 542 1625 598 ipsum
1657 543 1822 583 lacinia.
1882 546 1998 584 Nunc

209 607 350 649 senim
381 608 490 660 apud
519 606 762 653 Philonem,
813 618 935 659 quem
966 605 1009 645 in
1037 604 1259 644 Academia
1289 604 1466 646 maxime
1497 605 1637 659 vigere
1678 604 1828 654 audio,
1875 605 1999 648 etiam

237 673 385 711 harum
422 671 504 710 iam
544 681 759 709 causarum
797 667 977 721 cognitio
1010 665 1337 721 exercitatioque
1369 668 1616 709 celebratur.
1678 668 1863 708 Alterum
1895 681 1996 709 vero

236 730 519 773 tantummodo
562 730 604 772 in
641 732 774 786 prima
814 736 902 772 arte
939 731 1139 771 tradenda
1177 727 1390 769 nominant
1428 735 1468 770 et
1499 729 1676 771 oratoris
1709 743 1799 771 esse
1829 729 1996 780 dicunt;

237 796 310 836 sed
352 806 488 849 neque
523 794 607 835 vim
646 807 782 848 neque
819 798 1009 834 naturam
1050 793 1139 833 eius
1170 805 1246 832 nec
1276 795 1413 846 partes
1443 805 1518 833 nec
1550 806 1699 846 genera
1730 798 1996 848 proponunt,

235 864 282 899 ut
309 858 526 913 praeteriri
557 859 726 899 omnino
756 857 883 899 fuerit
913 857 1039 898 satius
1070 868 1194 909 quam
1225 858 1468 895 attentatum
1498 855 1647 896 deseri.
1726 857 1845 897 Nunc
1886 856 1995 896 enim

186 921 374 975 aoinopia
404 921 580 961 reticere
611 920 915 975 intelliguntur,
947 924 1034 960 tum
1064 918 1218 957 iudicio
1250 917 1503 957 viderentur.

349 985 502 1024 XXIX.
538 985 632 1024 111.
668 985 810 1025 Omnis
840 983 966 1037 igitur
993 995 1061 1022 res
1089 978 1261 1021 eandem
1290 980 1417 1019 habet
1444 983 1630 1020 naturam
1658 978 1915 1034 ambigendi,
1947 978 1998 1021 de

236 1059 317 1100 qua
347 1045 488 1101 quaeri
524 1051 563 1086 et
598 1046 819 1100 disceptari
853 1050 1008 1100 potest,
1053 1045 1140 1084 sive
1182 1041 1225 1083 in
1255 1041 1423 1082 infinitis
1463 1042 1832 1084 consultationibus
1870 1042 2001 1084 disce-

236 1114 375 1164 ptatur
404 1109 490 1150 sive
522 1110 564 1149 in
596 1111 655 1149 eis
677 1108 835 1157 causis,
869 1122 974 1163 quae
1003 1108 1045 1147 in
1073 1107 1239 1147 civitate
1270 1110 1310 1145 et
1334 1103 1376 1145 in
1398 1103 1552 1144 forensi
1585 1104 1880 1160 disceptatione
1908 1120 2002 1146 ver-

236 1176 405 1221 santur3
455 1184 591 1225 neque
632 1176 695 1212 est
733 1170 840 1219 ulla,
895 1183 1003 1225 quae
1042 1183 1125 1209 non
1165 1172 1239 1208 aut
1276 1168 1328 1207 ad
1366 1168 1640 1220 cognoscendi
1670 1170 1821 1208 autad
1852 1166 2000 1222 agendi

185 1243 222 1269 1⁵
239 1234 319 1274 vim
350 1231 646 1288 rationemque
676 1233 904 1275 referatur.
969 1234 1061 1274 112.
1093 1234 1196 1272 Nam
1228 1235 1301 1271 aut
1331 1231 1421 1285 ipsa
1452 1231 1639 1284 cognitio
1661 1230 1723 1270 rei
1745 1231 2000 1285 scientiaque

235 1297 517 1352 perquiritur,
549 1302 621 1338 ut:
654 1298 794 1338 Virtus
825 1310 997 1337 suamne
1027 1300 1203 1351 propter
1233 1294 1503 1346 dignitatem,
1537 1306 1589 1333 an
1618 1297 1787 1347 propter
1814 1293 2000 1334 fructum

235 1359 417 1414 aliquem
449 1363 697 1415 expetatur?
743 1365 817 1401 aut
846 1360 996 1413 agendi
1027 1358 1247 1399 consilium
1280 1355 1539 1410 exquiritur,
1569 1361 1640 1396 ut:
1676 1356 1791 1396 Sitne
1821 1357 2001 1409 sapienti

236 1425 490 1475 capessenda
519 1436 584 1464 res
613 1424 812 1479 publica?
862 1424 954 1464 113.
987 1421 1244 1476 Cognitionis
1274 1424 1415 1460 autem
1447 1423 1531 1459 tres
1563 1417 1700 1467 modi,
1735 1420 1999 1467 coniectura,

238 1484 425 1527 definitio
447 1491 512 1535 et,
546 1491 594 1526 ut
613 1488 671 1527 ita
701 1485 857 1534 dicam,
889 1485 1145 1526 consecutio.
1207 1484 1336 1530 Nam,
1370 1480 1471 1537 quid
1501 1481 1543 1522 in
1573 1495 1620 1522 re
1650 1483 1726 1531 sit,
1759 1482 2002 1523 coniectura

186 1556 222 1581 2⁰
237 1550 477 1603 quaeritur,
523 1554 570 1589 ut
600 1547 722 1590 illud:
777 1550 894 1591 Sitne
924 1550 966 1589 in
996 1550 1182 1588 humano
1214 1558 1366 1599 genere
1406 1544 1637 1598 sapientia?
1688 1545 1823 1594 Quam
1861 1550 2002 1585 autem

236 1613 319 1652 vim
352 1626 544 1668 quaeque
575 1625 641 1652 res
671 1609 841 1659 habeat,
875 1609 1062 1652 definitio
1093 1609 1291 1664 explicat:
1338 1612 1408 1654 ut,
1440 1608 1474 1648 si
1504 1612 1757 1661 quaeratur,
1809 1607 1919 1657 Quid
1950 1608 2003 1648 sit

236 1676 463 1727 sapientia?
496 1675 742 1716 Consecutio
774 1679 912 1715 autem
943 1678 1172 1721 tractatur,
1207 1685 1324 1720 cum,
1357 1669 1458 1725 quid
1489 1684 1701 1726 quamque
1733 1683 1823 1712 rem
1854 1684 2002 1726 sequa-

236 1743 324 1785 tur,
357 1739 616 1793 anquiritur:
658 1743 705 1777 ut
734 1736 860 1778 illud:
904 1738 1020 1778 Sitne
1049 1735 1272 1790 aliquando
1302 1734 1470 1774 mentiri
1502 1733 1600 1773 boni
1631 1734 1737 1774 viri?
1794 1735 1888 1774 114.
1922 1736 2003 1775 Re-

237 1802 367 1841 deunt
406 1815 551 1843 rursus
598 1802 650 1841 ad
690 1802 973 1841 coniecturam
1013 1811 1191 1852 eamque
1230 1798 1270 1837 in
1312 1801 1512 1852 quattuor
1542 1809 1695 1849 genera
1726 1795 1993 1852 dispertiunt.

188 1875 222 1902 25
237 1866 339 1905 Nam
371 1869 443 1905 aut
473 1863 571 1919 quid
603 1865 670 1910 sit,
703 1863 940 1918 quaeritur,
971 1863 1053 1903 hoc
1084 1860 1233 1903 modo:
1269 1862 1481 1900 Naturane
1504 1860 1555 1900 sit
1574 1860 1639 1900 ius
1670 1860 1780 1900 inter
1809 1861 2001 1901 homines

237 1941 289 1967 an
321 1926 613 1982 opinionibus?
644 1932 737 1974 aut,
773 1939 878 1982 quae
909 1926 960 1966 sit
991 1927 1110 1979 origo
1143 1925 1345 1977 cuiusque
1374 1921 1466 1963 rei?
1497 1927 1564 1970 ut,
1599 1923 1722 1972 Quod
1754 1923 1805 1962 sit
1835 1921 2000 1962 initium

237 1991 376 2043 legum
416 1995 489 2030 aut
527 2003 669 2030 rerum
708 1988 999 2042 publicarum?
1049 1991 1120 2028 aut
1158 1999 1283 2026 causa
1313 1990 1355 2025 et
1384 1985 1514 2025 ratio:
1564 1989 1630 2032 ut,
1678 1985 1713 2024 si
1745 1990 1997 2039 quaeratur,

238 2053 321 2093 Cur
351 2054 577 2093 doctissimi
606 2052 796 2093 homines
828 2053 879 2092 de
910 2049 1103 2091 maximis
1133 2047 1258 2089 rebus
1289 2047 1559 2088 dissentiant?
1609 2052 1681 2087 aut
1720 2048 1771 2088 de
1804 2048 2000 2089 immuta-

237 2114 372 2157 tione:
422 2121 490 2164 ut,
537 2117 570 2156 si
609 2117 860 2169 disputetur,
908 2116 1014 2154 Num
1050 2113 1221 2152 interire
1261 2112 1391 2151 virtus
1431 2111 1473 2151 in
1513 2109 1679 2151 homine
1720 2115 1790 2150 aut
1826 2124 1926 2151 num
1957 2111 2001 2151 in

188 2188 223 2214 ³0
238 2179 384 2219 vitium
419 2180 550 2233 possit
589 2179 860 2219 convertere?
913 2177 1006 2216 115.
1052 2173 1315 2215 Definitionis
1352 2179 1492 2214 autem
1525 2177 1620 2214 sunt
1651 2173 1998 2227 disceptationes,

237 2246 328 2288 aut,
362 2255 454 2282 cum
485 2242 723 2297 quaeritur,
765 2240 875 2289 Quid
906 2240 948 2279 iu
979 2238 1190 2278 communi
1222 2240 1359 2276 mente
1391 2237 1509 2289 quasi
1540 2236 1790 2288 impressum
1820 2236 1892 2277 sit:
1925 2241 1999 2285 ut,

238 2304 272 2345 si
304 2305 555 2353 disseratur,
605 2305 707 2344 Idne
737 2304 789 2343 sit
834 2301 920 2350 ius,
955 2302 1066 2357 quod
1098 2298 1301 2340 maximae
1331 2300 1439 2354 parti
1478 2299 1531 2339 sit
1569 2299 1693 2348 utile;
1744 2303 1836 2347 aut,
1883 2312 2000 2347 cum,

238 2367 338 2422 quid
371 2368 570 2421 cuiusque
603 2366 655 2408 sit
684 2366 927 2422 proprium,
962 2363 1214 2420 exquiritur:
1260 2366 1329 2409 ut,
1374 2362 1526 2402 Ornate
1557 2363 1696 2402 dicere
1727 2361 2002 2416 propriumne

238 2429 291 2471 sit
321 2431 523 2478 oratoris,
557 2443 608 2471 an
638 2431 679 2470 id
711 2430 834 2469 etiam
867 2428 1014 2481 aliquis
1044 2432 1258 2481 praeterea
1288 2425 1447 2479 possit?
1496 2429 1590 2472 aut,
1631 2437 1724 2465 cum
1754 2437 1823 2465 res
1856 2425 1997 2466 distri-

190 2500 224 2528 ³5
238 2490 382 2533 buitur
411 2492 454 2534 in
483 2498 645 2548 partes,
677 2497 742 2540 ut,
775 2493 808 2532 si
840 2496 1091 2545 quaeratur,
1134 2490 1249 2539 Quot
1279 2486 1359 2528 sint
1388 2500 1541 2542 genera
1571 2500 1713 2527 rerum
1745 2486 2002 2540 expetenda-

333 2640 367 2671 1.
394 2640 430 2671 vi
454 2639 675 2679 Madvigius:
702 2641 741 2669 ut
767 2638 889 2676 B‚RE.
917 2654 961 2658 —
987 2637 1021 2668 2.
1051 2636 1183 2667 amissa
1209 2635 1251 2666 Β.
1280 2649 1319 2656 -
1350 2634 1426 2665 ture
1450 2632 1478 2664 Α
1507 2633 1582 2673 (qui
1609 2632 1690 2663 hinc
1718 2640 1837 2663 rursus
1865 2631 2000 2672 incipit)

241 2687 397 2727 aliique:
426 2696 469 2719 em
491 2688 568 2718 iure
594 2685 676 2725 (B?)
703 2686 777 2716 RE.
806 2685 883 2725 (Vv.
903 2685 982 2715 iure
1008 2683 1101 2714 civiti
1126 2682 1266 2714 seclusit
1292 2679 1351 2722 T.)
1379 2695 1419 2700 —
1448 2679 1481 2710 3.
1509 2679 1692 2711 videamur
1712 2680 1750 2709 Β.
1782 2696 1819 2702 --
1848 2679 1882 2710 lt.
1911 2679 2002 2721 disfi-

238 2735 351 2766 nilum
377 2735 417 2766 B.
446 2750 489 2756 —
516 2734 677 2764 lascivia.
704 2732 794 2764 Num
821 2732 860 2762 R.
891 2747 930 2753 —-
957 2731 991 2762 5.
1019 2730 1170 2761 maxime
1195 2737 1264 2760 om.
1291 2727 1409 2765 AB‚R.
1459 2727 1553 2758 Fort.
1574 2735 1651 2758 cum
1668 2727 1832 2758 maaeime.
1862 2725 1930 2757 OR.
1959 2742 2000 2748 —

239 2781 273 2811 9.
301 2778 527 2820 attentatum]
554 2784 724 2811 attactum
750 2779 828 2816 AB,
858 2781 1084 2809 attrectatum
1109 2776 1191 2815 Lag.
1220 2775 1275 2806 17.
1294 2798 1303 2812 ‚
1331 2775 1437 2806 talem
1461 2777 1492 2805 et
1517 2778 1655 2805 cantum
1682 2773 1724 2804 R.
1753 2789 1794 2795 -·
1838 2773 1894 2803 11.
1924 2772 2002 2804 Om—

239 2829 294 2858 nis
319 2845 331 2850 -
356 2844 369 2849 -
394 2829 608 2868 disceptatur
635 2835 702 2858 om.
731 2826 771 2856 B.
802 2842 837 2847 —-
875 2825 992 2855 eadem
1018 2822 1091 2864 (sic)
1119 2823 1244 2854 habent
1269 2823 1309 2852 Α.
1338 2838 1375 2844 -
1420 2819 1458 2851 cle
1484 2830 1551 2861 qua
1576 2836 1589 2841 -
1613 2837 1626 2842 -
1650 2823 1766 2859 potest
1791 2820 1932 2851 seclusit
1957 2819 2000 2850 Τ.

242 2892 282 2896 -
309 2875 365 2906 13.
394 2876 442 2906 eis
468 2875 577 2907 Codd.
607 2874 672 2905 al.:
716 2873 758 2903 iis
785 2869 856 2910 (AB
872 2870 902 2909 ?)
927 2871 999 2902 RE.
1034 2885 1066 2891 —
1112 2874 1143 2901 et
1169 2868 1299 2908 forensi
1324 2877 1342 2900 e
1369 2866 1478 2898 Codd.
1508 2867 1547 2897 T.
1599 2867 1643 2898 Ut
1663 2875 1725 2898 nos
1743 2890 1751 2905 ,
1778 2866 1930 2904 AB‚RE.
1960 2882 1999 2889 —-

242 2921 296 2952 14.
324 2931 394 2953 non
421 2922 466 2952 ad
491 2922 562 2952 AB.
593 2937 628 2943 —
659 2919 715 2951 16.
743 2927 844 2949 suam
869 2927 974 2958 neque
1003 2918 1038 2948 B.
1069 2933 1112 2938 —
1153 2917 1308 2957 fructum
1335 2915 1483 2954 aliquem
1511 2914 1620 2945 Codd.
1650 2915 1718 2946 31.:
1757 2913 1911 2954 fructum
1937 2913 2003 2943 ali-

241 2969 334 3007 quod
358 2968 413 3006 Α,
443 2967 599 3007 fructum
624 2966 760 3006 aliquid
786 2965 833 2999 B.
863 2964 994 3003 fruetus
1023 2965 1159 3004 aliquos
1185 2962 1258 2994 RE.
1290 2978 1326 2983 -
1370 2960 1426 2991 17.
1455 2962 1656 3000 exquiretur
1681 2961 1720 2991 Β.
1748 2975 1792 2981 —-
1830 2959 1882 2998 uc]
1909 2959 2003 2990 velut

241 3013 285 3044 R.
316 3031 354 3036 —
380 3016 557 3053 sapientia
582 3014 623 3045 B.
652 3031 689 3036 —
718 3012 775 3043 18.
806 3010 1021 3052 Coynitiones
1048 3011 1088 3041 Α.
1118 3024 1159 3030 -
1202 3005 1415 3047 coniectura]
1443 3007 1721 3046 complectuntur
1745 3005 1830 3043 AB,
1858 3006 2001 3045 comple-

242 3065 385 3091 ctuntur
409 3063 608 3092 coniectura
632 3061 674 3091 R.
701 3076 744 3080 —-
778 3059 836 3089 20.
862 3060 900 3088 in
925 3062 1005 3090 ante
1031 3058 1180 3088 humano
1208 3064 1276 3086 om.
1297 3054 1369 3084 ΑΒ.
1399 3069 1438 3075 --
1480 3054 1536 3085 23.
1566 3055 1769 3094 anquiritur
1793 3052 1820 3082 B
1847 3054 1997 3091 aliique:

242 3106 432 3147 inquiritur
459 3108 501 3145 (Α
516 3107 544 3147 ⁵2)
572 3108 597 3139 E
614 3131 622 3144 ‚
651 3107 846 3147 ear-quiritur
871 3105 913 3135 R.
944 3122 983 3127 -
1023 3105 1079 3135 24.
1108 3110 1248 3140 eamque
1274 3105 1453 3141 tamquam
1477 3103 1514 3132 in
1537 3102 1578 3132 R.
1610 3118 1646 3123 —
1676 3100 1892 3139 dispartiunt
1909 3098 1998 3137 B,R.

248 3167 283 3173 -
314 3153 370 3183 26.
399 3163 444 3184 an
469 3156 506 3185 in
533 3154 752 3195 opinionibus
778 3161 854 3183 cum
882 3153 942 3193 Lg.
972 3152 1147 3191 plerisque
1173 3148 1246 3179 ΒΤ.
1291 3147 1334 3178 Ut
1360 3155 1421 3179 nos
1439 3172 1448 3185 ‚
1485 3148 1604 3186 ΑΒΊΕ.
1637 3163 1671 3168 -
1713 3144 1764 3187 ut]
1793 3150 1856 3176 aut
1883 3145 1926 3175 R.
1961 3160 1996 3166 -

242 3200 300 3230 27.
328 3208 453 3230 causae
479 3202 669 3232 tractatio:
695 3205 734 3231 ut
761 3200 800 3230 R.
830 3215 871 3220 —-
915 3199 972 3230 30.
1000 3199 1196 3229 convertere
1222 3194 1280 3226 AB
1308 3194 1461 3233 aliique:
1502 3195 1660 3226 converti
1683 3194 1757 3226 RE.
1796 3208 1833 3214 —-
1878 3192 1934 3223 31.
1961 3196 2001 3223 ut

243 3254 321 3277 cum
345 3246 461 3282 AB‚R-
496 3244 714 3285 (Emendavit
750 3244 944 3286 Pearcius.)
986 3259 1029 3267 —
1069 3243 1126 3274 32.
1152 3239 1246 3281 idne]
1289 3241 1383 3272 unde
1408 3241 1480 3272 AB.
1517 3257 1558 3262 —
1599 3240 1656 3272 34.
1682 3241 1864 3280 praeterea
1888 3239 2000 3278 facere

238 3292 352 3332 possit
383 3292 440 3322 AB
484 3290 537 3331 (ex
569 3294 644 3326 aliis
678 3301 843 3332 recepere
880 3292 918 3324 C.
953 3291 1151 3331 Stephanus
1186 3293 1219 3321 et
1254 3287 1444 3319 Lambinus
1460 3285 1511 3329 z),
1553 3292 1695 3328 praeter
1733 3287 1848 3326 ipsum
1885 3286 2001 3326 facere

240 3339 352 3380 possit
377 3338 419 3373 R.
