2117 3762
268 260 349 303 418
1045 259 1259 302 ORATOR

269 368 463 424 quiddam
495 371 536 408 et
565 366 676 421 quod
706 361 860 404 indicet
888 375 973 404 non
1002 361 1206 417 ingratam
1235 363 1526 419 negligentiam
1556 365 1608 405 de
1629 378 1676 406 re
1696 364 1874 407 hominis
1895 366 2025 420 magis

269 445 390 485 quam
423 432 474 471 de
511 427 649 470 verbis
689 423 930 466 laborantis.
992 425 1060 465 78.
1110 425 1191 466 Sed
1227 428 1304 467 crit
1340 428 1562 468 videndum
1599 426 1650 468 de
1688 427 1882 482 reliquis,
1932 442 2025 470 cum

268 492 369 534 haec
401 494 484 533 duo
515 491 552 531 ei
581 486 778 530 liberiora
807 487 986 536 fuerint,
1020 488 1214 528 circuitus
1245 489 1625 544 conglutinatioque
1651 492 1892 531 verborum.
1952 490 2025 533 llla

269 555 378 596 enim
408 556 499 606 ipsa
530 555 736 592 contracta
759 553 799 589 et
816 551 973 590 minuta
1001 563 1086 590 non
1116 550 1375 604 negligenter
1404 551 1617 593 tractanda
1648 557 1769 601 sunt,
1804 552 1876 593 sed
1899 566 2026 608 quae-

238 618 361 659 ⁵dam
391 618 517 658 etiam
546 612 797 666 negligentia
828 616 890 652 est
919 613 1108 664 diligens.
1166 613 1270 652 Nam
1299 619 1343 654 ut
1372 615 1565 656 mulieres
1596 628 1685 656 csse
1708 614 1900 656 dicuntur
1921 628 2026 656 non-

267 680 404 721 nullae
444 679 684 724 inornatae,
729 688 830 730 quas
869 673 911 715 id
948 674 1085 730 ipsum
1116 675 1279 724 deceat,
1327 677 1385 717 sic
1414 679 1515 719 haec
1545 677 1706 719 subtilis
1738 677 1870 719 oratio
1903 677 2029 719 etiam

267 744 474 795 incompta
513 738 700 780 delectat.
762 739 825 778 Fit
865 737 976 778 enim
1014 738 1209 791 quiddam
1250 738 1294 778 in
1334 742 1534 794 utroque,
1583 754 1663 795 quo
1702 740 1755 781 sit
1790 739 2027 787 venustius,

268 805 339 846 sed
376 816 461 844 non
499 806 545 842 ut
584 806 795 856 appareat.
857 804 962 841 Tum
1002 802 1292 841 removebitur
1331 803 1464 842 omnis
1503 802 1675 857 insignis
1713 808 1880 845 ornatus
1912 802 2030 858 quasi

268 864 605 920 margaritarum
657 878 709 905 ne
755 862 978 904 calamistri
1021 864 1189 917 quidem
1234 861 1555 906 adhibebuntur.
1618 868 1686 906 79.
1736 867 1880 907 Fucati
1928 878 2030 907 vero

217 938 253 964 10
268 929 564 970 medicamenta
594 928 786 968 candoris
816 932 857 966 et
886 924 1052 967 ruboris
1083 926 1223 967 omnia
1261 926 1536 981 repellentur;
1587 928 1790 982 elegantia
1830 929 1957 969 modo
1989 931 2031 969 et

266 989 470 1032 munditia
510 988 758 1030 remanebit.
821 990 966 1029 Sermo
1005 1001 1133 1043 purus
1173 989 1252 1029 erit
1282 994 1324 1029 et
1353 989 1550 1041 Latinus;
1606 990 1784 1033 dilucide
1822 991 2030 1046 planeque

268 1054 453 1103 dicetur3
487 1051 587 1108 quid
610 1050 774 1099 deceat,
797 1050 1167 1106 circumspicietur.
1228 1052 1377 1093 XXIV.
1401 1053 1534 1093 Unum
1555 1053 1687 1094 aderit
1702 1077 1756 1084 -
1777 1055 1888 1109 quod
1911 1067 2033 1108 quar-

268 1122 356 1158 tum
386 1120 579 1156 numerat
599 1116 909 1167 Theophrastus
940 1113 980 1154 in
1003 1113 1202 1155 orationis
1232 1113 1423 1156 laudibus
1440 1138 1506 1162 —-,
1532 1120 1723 1156 ornatum
1745 1115 1871 1165 illud,
1906 1130 2032 1157 suave

268 1184 309 1220 et
346 1177 545 1228 asssuens;
596 1182 741 1218 acutae
780 1175 1035 1231 crebraeque
1074 1178 1303 1218 sententiae
1341 1182 1549 1230 ponentur
1588 1182 1629 1219 et
1667 1179 1807 1220 nescio
1837 1180 1948 1219 unde
1981 1192 2034 1220 ex

215 1250 252 1277 1⁵
268 1241 407 1283 abdito
439 1245 605 1290 erutae3
638 1244 761 1294 atque
791 1240 834 1280 in
863 1242 943 1280 hoc
973 1244 1138 1280 oratore
1162 1238 1457 1281 dominabitur.
1517 1242 1791 1282 Verecundus
1823 1242 1902 1282 erit
1933 1255 2031 1283 usus

268 1306 472 1346 oratoriae
503 1303 620 1359 quasi
650 1301 930 1357 supellectilis.
993 1304 1060 1342 80.
1096 1302 1293 1358 Supellex
1324 1308 1385 1344 est
1406 1304 1515 1344 enim
1540 1304 1848 1359 quodammodo
1869 1308 2031 1352 nostra,

268 1380 374 1423 quae
412 1370 474 1407 est
511 1366 554 1407 in
595 1366 869 1414 ornamentis,
919 1363 999 1405 alia
1037 1378 1200 1416 rerum,
1253 1365 1332 1407 alia
1369 1368 1613 1408 verborum.
1676 1367 1856 1408 Ornatus
1894 1371 2033 1407 autem

266 1431 494 1472 verborum
524 1427 700 1482 duplex:
748 1441 853 1468 unus
883 1426 1152 1482 simplicium,
1197 1427 1303 1470 alter
1333 1428 1648 1471 collocatorum.
1712 1429 1903 1482 Simplex
1933 1442 2032 1484 pro-

266 1491 388 1534 batur
426 1493 469 1533 in
506 1491 689 1546 propriis
728 1490 976 1544 usitatisque
1017 1489 1181 1539 verbis,
1231 1493 1342 1546 quod
1373 1497 1444 1533 aut
1475 1493 1629 1547 optime
1659 1496 1811 1533 sonant
1843 1496 1916 1532 aut
1945 1505 2035 1532 rem

218 1570 255 1596 20
269 1555 448 1597 maxime
479 1553 700 1608 explanant
711 1571 720 1603 ;
765 1551 809 1593 in
840 1552 984 1611 alienis
1014 1557 1087 1593 aut
1115 1555 1357 1596 translatum
1387 1559 1459 1596 aut
1485 1554 1638 1596 factum
1669 1554 1836 1596 aliunde
1864 1559 1910 1595 ut
1939 1567 2032 1595 mu-

268 1623 362 1666 tuo,
407 1620 476 1658 aut
510 1615 665 1658 factum
705 1613 756 1656 ab
787 1617 876 1670 ipso
909 1620 982 1655 aut
1012 1628 1190 1664 novum,
1236 1622 1307 1658 aut
1344 1618 1526 1671 priscum
1559 1624 1598 1660 et
1626 1617 1887 1658 inusitatum.
1953 1617 2036 1657 Sed

271 1679 396 1722 etiam
425 1679 622 1720 inusitata
652 1692 700 1720 ac
729 1677 864 1733 prisca
896 1683 993 1719 sunt
1021 1678 1065 1718 in
1098 1679 1301 1733 propriis,
1350 1681 1429 1721 nisi
1460 1682 1573 1736 quod
1602 1694 1700 1722 raro
1730 1679 1900 1721 utimur.
1962 1680 2032 1719 81.

272 1742 482 1784 Collocata
511 1746 648 1783 autem
677 1739 806 1783 verba
835 1742 989 1781 habent
1020 1746 1235 1791 ornatum,
1268 1743 1302 1783 si
1332 1744 1490 1797 aliquid
1521 1743 1808 1786 concinnitatis
1838 1740 2035 1789 efficiunt,

271 1804 384 1862 quod
412 1802 551 1847 verbis
586 1805 753 1845 mutatis
793 1816 879 1845 non
910 1807 1074 1844 maneat
1104 1809 1295 1846 manente
1326 1806 1541 1847 sententia.
1600 1808 1705 1847 Nam
1735 1805 2034 1847 sententiarum

221 1884 256 1910 25
272 1872 537 1916 ornamenta,
570 1881 676 1923 quae
707 1871 972 1920 permanent,
1007 1867 1166 1907 etiamsi
1197 1870 1326 1910 verba
1355 1867 1601 1918 mutaveris,
1635 1873 1732 1911 sunt
1762 1867 1834 1909 illa
1865 1865 2036 1923 quidem

270 1931 500 1987 permulta,
534 1931 626 1979 sed,
659 1943 764 1984 quae
795 1928 1023 1977 emineant,
1054 1931 1267 1983 pauciora.

382 1996 492 2047 Ergo
524 1991 597 2034 ille
625 1992 762 2034 tenuis
793 1997 961 2041 orator,
1010 1991 1136 2034 modo
1167 1994 1220 2034 sit
1251 1993 1438 2049 elegans,
1483 2007 1561 2035 nec
1589 1994 1632 2034 in
1662 1991 1863 2035 faciendis
1895 1990 2037 2034 verbis

274 2058 352 2100 erit
381 2058 516 2098 audax
546 2060 587 2097 et
614 2056 657 2096 in
686 2054 983 2096 transferendis
1015 2057 1277 2097 verecundus
1307 2062 1348 2098 et
1376 2071 1528 2112 parcus
1559 2057 1603 2097 in
1632 2055 1799 2110 priscis,
1844 2054 2038 2110 reliquis-

273 2134 353 2177 que
384 2120 637 2161 ornamentis
667 2123 708 2160 et
736 2120 963 2160 verborum
995 2123 1036 2159 et
1064 2120 1364 2160 sententiarum
1401 2119 1643 2169 demissior;
1694 2116 1913 2159 tralatione
1951 2115 2039 2158 for-

224 2197 261 2224 so
274 2188 380 2225 tasse
412 2184 624 2231 crebrior,
669 2195 749 2236 qua
780 2180 1115 2236 frequentissime
1145 2194 1282 2223 sermo
1314 2183 1448 2223 omnis
1477 2182 1606 2222 utitur
1635 2194 1720 2222 non
1751 2182 1879 2223 modo
1909 2181 2035 2222 urba-

273 2259 424 2288 norum
454 2243 527 2286 sed
556 2245 679 2285 etiam
710 2244 981 2285 rusticorum:
1041 2242 1246 2298 siquidem
1278 2250 1341 2286 est
1378 2258 1526 2285 eorum
1567 2257 1832 2297 gemmare
1875 2242 2035 2292 vites,

275 2309 430 2351 sitire
461 2320 641 2362 agros,
674 2307 843 2347 laetas
875 2320 990 2347 esse
1021 2312 1258 2360 segetes,
1305 2308 1588 2349 luxuriosa
1616 2306 1904 2349 frumenta.
1966 2307 2034 2347 82.

273 2371 386 2413 Nihil
412 2374 564 2413 horum
592 2383 738 2425 parum
769 2370 986 2417 audacter,
1018 2371 1091 2410 sed
1112 2374 1182 2411 aut
1202 2370 1336 2411 simile
1358 2375 1420 2411 est
1449 2369 1510 2411 illi
1539 2371 1652 2411 unde
1680 2370 1933 2418 transferas,
1965 2371 2038 2409 aut

276 2435 311 2476 si
340 2448 407 2476 res
438 2448 559 2475 suum
588 2431 745 2473 nullum
773 2432 902 2473 hahet
930 2445 1105 2481 nomen,
1138 2432 1316 2474 docendi
1347 2446 1470 2475 causa
1499 2438 1727 2487 sumptum,
1757 2445 1843 2474 non
1864 2431 2035 2473 ludendi

227 2511 263 2539 ³⁵
277 2497 454 2539 videtur.
515 2497 608 2536 Hoc
646 2498 889 2536 ornamento
929 2493 1103 2535 liberius
1141 2496 1283 2548 paullo
1322 2509 1445 2552 quam
1482 2497 1630 2537 ceteris
1660 2500 1802 2538 utetur
1829 2494 1896 2536 hic
1927 2508 2041 2536 sum-

277 2559 451 2609 missus,
503 2571 581 2599 nec
609 2562 693 2598 tam
722 2556 894 2599 licenter
927 2563 1088 2607 tamen,
1135 2572 1256 2613 quam
1286 2559 1321 2600 si
1352 2572 1505 2613 genere
1535 2559 1699 2601 dicendi
1728 2562 1921 2600 uteretur
1952 2571 2041 2598 am-

276 2624 478 2679 plissimo,
536 2622 668 2665 XXV.
714 2621 856 2675 Itaque
892 2619 994 2663 illud
1024 2621 1270 2663 indecorum
1299 2645 1354 2652 —
1381 2624 1493 2679 quod
1524 2622 1646 2677 quale
1676 2623 1751 2672 sit,
1803 2634 1856 2663 ex
1885 2619 2039 2662 decoro

373 2794 407 2826 1.
434 2795 636 2835 ignoratam
672 2792 822 2825 Ernestii
861 2801 1002 2832 operae.
1037 2810 1075 2818 -—·
1118 2793 1302 2834 inaratam
1337 2792 1518 2835 quandam
1548 2792 1794 2834 neyliqcntiam
1833 2799 1911 2824 cum
1947 2789 2042 2823 Iulio

281 2839 424 2874 Victore
450 2841 584 2881 Meyer·
613 2838 669 2875 (Ut.
694 2849 777 2878 n05,
822 2842 925 2873 etiam
952 2840 1222 2880 Quintilianus.)
1254 2855 1289 2862 —
1332 2841 1365 2872 6.
1394 2841 1494 2881 quast
1518 2840 1555 2871 id
1581 2840 1648 2872 Gu.
1676 2840 1709 2870 1.
1737 2840 1770 2872 2.
1798 2838 1895 2872 Mon.
1923 2837 1967 2869 R.
1994 2854 2040 2859 —

283 2889 340 2920 12.
365 2889 477 2921 aberit
500 2888 570 2919 Vit.
599 2887 718 2925 Eins.,
744 2886 806 2918 Dr.
835 2886 901 2918 Gu.
929 2889 963 2918 1.
991 2888 1024 2918 2.
1054 2888 1105 2927 R,
1135 2888 1287 2921 Goeller.
1318 2903 1355 2910 -—
1393 2887 1449 2919 13.
1477 2891 1722 2918 ornamentum
1749 2885 1836 2918 Cod.
1866 2887 1913 2925 (7)
1939 2885 2041 2916 Lam-

282 2936 371 2973 bini,
391 2935 480 2967 Ven.
501 2943 570 2967 sec.
590 2933 707 2966 Peter.
737 2933 793 2973 (Ut
817 2941 898 2972 nos,
926 2934 1004 2965 libri
1031 2943 1124 2967 nunc
1149 2937 1221 2968 noti
1247 2940 1281 2968 et
1305 2931 1365 2974 R.)
1388 2950 1425 2957 -—
1457 2934 1512 2965 15.
1540 2931 1655 2975 atque]
1683 2934 1786 2975 idque
1803 2933 1976 2966 Moserus.
1999 2946 2038 2953 —

283 2983 402 3015 Malim
430 2990 506 3014 cum
532 2982 693 3015 Manutio
720 2985 862 3014 orator,
891 2985 930 3011 ut
955 2981 1102 3021 Quintil.
1128 2982 1173 3022 2,
1199 2983 1244 3021 5,
1272 2982 1306 3013 8.
1336 2983 1402 3013 On.
1426 2997 1464 3003 —
1492 2980 1731 3012 dominabitur
1756 2988 1836 3012 cuin
1864 2979 1961 3012 libris
1986 2977 2037 3009 R:

285 3029 558 3061 dominabuntur
582 3036 660 3060 cum
683 3026 763 3060 Asc.
790 3036 859 3059 sec.
887 3028 913 3058 E
942 3034 975 3059 et
1000 3028 1150 3061 Goeller.
1178 3045 1220 3051 —-
1247 3028 1304 3059 18.
1331 3027 1513 3060 verborum
1531 3037 1600 3060 om.
1620 3027 1688 3059 Vit.
1718 3026 1814 3059 Eins.
1841 3026 1939 3060 Mon.
1968 3024 2036 3056 Gu.

285 3077 317 3107 1.
346 3076 380 3107 2.
407 3076 450 3107 R.
478 3092 523 3097 —
564 3075 620 3107 19.
648 3078 777 3106 sonant
800 3090 815 3097 —
838 3090 851 3095 -
875 3074 1067 3114 emplananc
1093 3076 1212 3115 Eins.,
1238 3075 1384 3107 Lamb.:
1410 3079 1516 3107 sonat
1539 3090 1554 3096 -
1578 3090 1592 3096 -
1616 3073 1784 3113 explanat
1810 3081 1888 3106 cum
1915 3073 2038 3105 ceteris

286 3121 381 3154 libris
415 3123 486 3154 RE.
528 3140 566 3146 —
611 3122 668 3153 20.
705 3126 765 3153 aut
791 3120 924 3160 factum
949 3122 1090 3155 aliunde
1116 3131 1194 3154 cum
1220 3122 1314 3153 libris
1343 3122 1399 3153 R:
1443 3125 1474 3153 et
1507 3125 1683 3162 sumptum
1714 3121 1761 3152 al.
1788 3120 1934 3158 Lamb.,
1976 3119 2040 3148 auc

286 3174 461 3208 sumptum
496 3170 544 3201 al.
571 3169 612 3201 E.
654 3166 701 3208 (et
735 3169 865 3210 sactum
898 3169 1037 3202 aliunde
1069 3173 1108 3201 ut
1138 3173 1261 3200 mutuo
1295 3173 1357 3200 aut
1381 3167 1513 3207 factum
1537 3169 1580 3201 ab
1605 3169 1680 3208 ipso
1706 3171 1738 3199 et
1762 3175 1891 3198 novum
1916 3164 2038 3199 volunt

287 3215 407 3255 Meyer
434 3220 467 3247 et
492 3216 596 3248 Hand
620 3216 723 3248 Turs.
752 3215 780 3246 Ι.
809 3225 842 3255 p.
870 3213 965 3256 278.)
994 3231 1032 3238 —
1067 3217 1124 3248 21.
1153 3217 1323 3247 usitatum
1349 3220 1384 3248 et
1408 3223 1486 3248 mox
1513 3218 1647 3247 usitata
1672 3214 1740 3246 vit.
1762 3214 1860 3245 Eins.
1878 3213 1940 3244 Dr.
1969 3210 2037 3242 Gu-

287 3261 322 3293 1.
349 3261 383 3293 2.
411 3261 454 3292 R.
484 3279 520 3287 -
547 3263 606 3295 28.
635 3266 666 3293 ec
688 3271 815 3304 parcus
840 3265 870 3294 et
894 3263 931 3294 in
957 3270 1034 3294 cum
1062 3263 1156 3295 libris
1181 3266 1320 3302 praeter
1345 3262 1504 3295 Lambini
1530 3263 1782 3296 Memmianum
1806 3259 1944 3300 Meyer,
1974 3258 2040 3289 Pe-

287 3312 353 3340 ter.
403 3308 447 3339 Ut
472 3317 559 3348 nos,
599 3308 684 3342 Cod.
711 3309 945 3342 Memmianus
972 3314 1005 3344 et
1030 3310 1073 3344 R.
1113 3325 1151 3333 -
1193 3308 1252 3344 31.
1284 3311 1480 3352 yerminare
1518 3309 1584 3344 Gu.
1611 3309 1646 3343 2.
1672 3309 1718 3342 R.
1761 3323 1800 3332 —
1842 3305 1900 3339 32.
1926 3301 2036 3344 sitire]

288 3354 450 3389 lascivire
472 3355 502 3387 D
519 3379 529 3396 ,
557 3355 626 3390 Gu.
652 3357 686 3389 1.
712 3357 746 3388 2.
764 3380 774 3399 ‚
799 3357 885 3391 scire
907 3356 949 3391 R.
