2117 3762
278 270 333 312 44
945 270 1012 311 AD
1052 271 1362 314 HERENNIUM

277 383 322 418 ut
352 391 474 432 quam
505 378 692 431 proxime
723 381 808 417 tum
838 377 995 416 vultum
1027 377 1320 419 admoveamus
1352 380 1402 420 ad
1434 380 1640 419 auditores
1659 409 1669 426 ,
1716 378 1749 418 si
1788 392 1910 432 quam
1940 393 2028 421 rem

279 442 428 482 docere
459 454 529 481 eos
562 446 601 480 et
631 441 893 480 vehementer
922 439 1117 490 instigare
1138 441 1335 489 velimus3
1370 441 1431 482 sin
1453 443 1530 482 crit
1550 443 1591 482 in
1614 441 1849 481 narratione
1872 455 2023 491 serm0‚

276 503 386 543 idem
428 508 562 543 motus
601 503 752 555 poterit
795 502 967 540 idoneus
1004 513 1118 549 esse,
1172 502 1241 554 qui
1281 505 1418 555 paullo
1459 510 1552 544 ante
1589 505 1948 544 demonstrabatur
1984 506 2028 545 in

278 567 504 619 dignitate;
539 566 601 605 sin
630 565 672 603 in
703 563 907 603 iocationc
927 594 938 611 ,
971 565 1086 604 vultu
1117 563 1321 617 quandam
1353 567 1595 607 debebimus
1626 565 1873 606 hilaritatem
1903 567 2028 620 signi-

247 627 424 676 sficare,
459 629 546 667 sine
577 626 895 666 commutatione
927 631 1078 679 gestus.
1140 628 1208 666 27.
1250 627 1292 666 Si
1323 631 1617 669 contendemus
1648 642 1724 682 per
1755 628 2027 669 continuatio-

276 703 396 737 nem,
430 689 599 730 brachio
632 688 782 736 celeri,
816 689 960 728 mobili
991 690 1131 736 vultu,
1175 689 1258 728 acri
1290 697 1458 743 aspectu
1486 697 1677 740 utemur;
1726 692 1787 730 sin
1819 691 2027 731 contentio

276 750 346 792 fiet
375 764 450 804 per
480 752 835 798 distributionem,
869 752 993 792 celeri
1025 752 1280 804 proiectione
1311 751 1494 801 brachii,
1527 754 1877 801 inmnhulationo,
1909 753 2028 806 pedis

277 815 413 854 dextri
444 827 535 854 rara
565 814 835 866 supplosione
855 845 865 861 ,
900 815 982 854 acri
1015 819 1055 854 et
1085 812 1218 855 defixo
1250 820 1419 867 aspectu
1440 815 1498 854 uti
1520 817 1741 868 oportebit.
1804 816 1846 856 Si
1866 820 2029 855 utemur

276 875 592 929 amplificatione
610 889 684 928 per
700 877 1040 924 cohortationem,
1064 878 1202 929 paullo
1221 877 1400 917 tardiore
1413 882 1450 916 et
1464 879 1783 918 consideratiore
1801 881 1914 931 gestu
1932 891 2029 918 con-

226 952 261 977 10
276 940 412 979 veniet
427 939 484 978 uti
500 970 509 986 ,
535 937 737 978 similibus
755 938 899 980 ceteris
918 941 1040 980 rebus
1063 945 1183 992 atque
1208 940 1249 978 in
1281 939 1542 979 contentione
1558 953 1632 992 per
1650 941 2025 989 continuationem3

275 1002 337 1041 sin
362 1006 525 1040 utemur
555 999 873 1054 amplificatione
903 1015 978 1056 per
1008 1003 1374 1055 conquestionem,
1406 1001 1569 1041 feminis
1600 1003 1798 1055 plangore
1823 1008 1862 1043 et
1884 1004 2028 1056 capitis

274 1064 382 1111 ictu,
415 1077 710 1118 nonnunquam
741 1066 882 1105 sedato
916 1069 955 1105 et
985 1065 1188 1104 constanti
1220 1070 1357 1117 gestu,
1391 1068 1548 1104 maesto
1581 1070 1620 1104 et
1650 1067 1892 1105 conturbato
1914 1067 2029 1106 vultu

274 1125 332 1164 uti
374 1127 598 1178 oportebit.
676 1128 767 1166 Non
812 1141 901 1167 sum
944 1128 1132 1174 nescius,
1180 1132 1376 1181 quantum
1423 1127 1676 1179 susceperim
1722 1129 1907 1181 negotii,
1959 1129 2028 1182 qui

275 1192 409 1228 motus
439 1190 626 1242 corporis
658 1190 892 1242 exprimere
933 1191 1096 1237 verbis,
1142 1189 1293 1228 imitari
1334 1189 1539 1241 scriptura
1580 1193 1750 1229 conatus
1781 1190 1857 1229 sim
1887 1203 2025 1230 voces.

223 1261 258 1287 ²⁵
274 1253 426 1292 Verum
456 1265 533 1291 nec
564 1253 642 1291 hoc
673 1250 849 1291 confisus
880 1266 969 1292 sum
1000 1265 1122 1305 posse
1152 1250 1239 1291 fieri
1259 1282 1269 1298 ,
1302 1256 1347 1290 ut
1378 1253 1428 1291 de
1458 1253 1521 1291 his
1544 1253 1668 1292 rebus
1690 1252 1786 1291 satis
1811 1253 2027 1292 commode

274 1314 398 1354 scribi
430 1319 593 1366 posset3
627 1327 703 1354 nec
722 1345 732 1361 ,
768 1314 800 1353 si
831 1315 872 1354 id
903 1312 990 1354 fieri
1019 1328 1104 1354 non
1134 1319 1302 1367 posset,
1336 1315 1413 1354 hoc
1433 1345 1443 1361 ,
1477 1316 1587 1368 quod
1617 1313 1723 1362 feci,
1764 1315 1854 1354 fore
1884 1315 2029 1355 inutile

273 1377 496 1430 putabam,
546 1381 769 1429 propterca
814 1377 924 1430 quod
972 1378 1039 1417 hic
1079 1378 1303 1416 admonere
1345 1377 1577 1424 voluimus,
1630 1378 1741 1430 quod
1787 1381 2025 1429 oporteret:

273 1440 432 1493 reliqua
461 1440 671 1479 trademus
703 1440 1001 1479 exercitationi.
1062 1440 1151 1479 Hoc
1193 1440 1296 1479 scire
1339 1437 1503 1493 [tamen]
1548 1444 1740 1492 oportet,
1786 1439 2029 1492 pronuntia-

273 1503 428 1543 tionem
459 1503 611 1542 bonam
642 1503 683 1541 id
714 1499 913 1554 perficere
933 1532 943 1548 ,
976 1506 1021 1540 ut
1051 1515 1115 1541 res
1148 1516 1199 1541 ex
1230 1502 1365 1541 animo
1398 1503 1463 1555 agi
1494 1502 1697 1542 videatur.

223 1573 259 1599 20
385 1565 493 1605 XVI.
539 1565 606 1604 28.
658 1565 774 1603 Nunc
814 1565 864 1603 ad
906 1562 1143 1604 thesaurum
1182 1565 1445 1604 inventorum
1487 1570 1609 1618 atque
1641 1565 1692 1604 ad
1722 1563 1906 1604 omnium
1935 1578 2029 1618 par-

274 1629 375 1668 tium
396 1628 626 1667 rhetoricae
649 1628 860 1666 custodem
874 1657 884 1674 ,
918 1627 1160 1666 memoriam
1182 1631 1451 1666 transeamus,
1502 1627 1704 1666 Memoria
1723 1630 1860 1667 utrum
1880 1625 2031 1668 habeat

275 1691 470 1745 quiddam
493 1688 674 1737 artificii,
709 1703 759 1728 an
781 1690 914 1729 omnis
937 1690 988 1728 ab
1012 1694 1158 1728 natura
1187 1687 1497 1741 proficiscatur,
1531 1690 1643 1728 aliud
1674 1689 1836 1729 dicendi
1868 1694 2028 1743 tempus

274 1754 403 1807 magis
433 1754 627 1792 idoneum
659 1752 838 1792 dabitur.
918 1753 1033 1791 Nunc
1064 1752 1237 1804 perinde
1267 1757 1388 1804 atque
1420 1756 1576 1791 constet
1604 1752 1646 1790 in
1674 1752 1752 1791 hac
1782 1764 1826 1791 re
1855 1752 2028 1793 multum

273 1818 411 1856 valere
455 1820 584 1854 artem
625 1820 663 1854 et
703 1814 1072 1867 praeceptionem,
1124 1815 1181 1854 ita
1220 1828 1268 1854 ea
1299 1815 1349 1854 de
1380 1828 1424 1854 re
1456 1815 1688 1868 loquemur.
1750 1814 1889 1854 Placet
1919 1815 2029 1854 enim

223 1891 258 1916 25
273 1879 393 1918 nobis
424 1891 513 1918 esse
544 1875 761 1916 artificium
790 1877 1046 1925 memoriae3
1101 1890 1227 1930 quare
1268 1877 1450 1931 placeat,
1504 1877 1603 1916 alias
1645 1877 1935 1925 ostendemus;
1987 1878 2029 1917 in

273 1941 506 1995 praesentia
536 1940 762 1979 cuiusmodi
794 1940 844 1979 sit
886 1952 959 1986 ea,
1002 1939 1248 1992 aperiemus
1313 1939 1415 1978 Sunt
1453 1940 1577 1993 ‘igitur
1621 1939 1727 1978 duae
1771 1939 2024 1979 memoriae:

272 2018 354 2044 una
383 2003 608 2050 naturalis,
642 2003 770 2042 altera
801 2000 1034 2041 artificiosa.
1112 2001 1316 2041 Naturalis
1348 2007 1408 2042 est
1438 2015 1515 2049 ea,
1563 2014 1668 2055 quae
1698 2002 1849 2042 nostris
1880 2002 2027 2042 animis

273 2067 396 2106 insita
426 2070 487 2106 est
517 2070 558 2104 et
588 2065 709 2104 simul
739 2078 830 2104 cum
863 2064 1109 2117 cogitatione
1141 2069 1266 2112 nata3
1313 2063 1534 2105 artificiosa
1564 2069 1625 2104 est
1656 2078 1730 2111 ea,
1779 2077 1902 2118 quam
1931 2078 2028 2104 con-

274 2127 409 2168 firmat
452 2128 633 2167 inductio
679 2128 879 2180 quaedam
925 2132 964 2166 et
1006 2127 1110 2166 ratio
1153 2128 1474 2181 praeceptionis.
1552 2127 1631 2167 Sed
1672 2127 1768 2180 quia
1805 2127 1848 2166 in
1880 2128 2027 2167 ceteris

224 2203 259 2229 30
274 2190 583 2244 rebus-ingenii
616 2190 776 2229 bonitas
808 2190 991 2229 imitatur
1022 2201 1144 2243 saepe
1176 2189 1426 2237 doctrinam,
1467 2204 1531 2230 ars
1562 2203 1686 2243 porro
1717 2194 1887 2230 naturae
1918 2203 2029 2230 com-

273 2254 396 2294 moda
426 2251 638 2292 confirmat
669 2258 708 2292 et
738 2257 883 2305 auget,
932 2253 1031 2292 item
1061 2250 1105 2291 fit
1134 2252 1176 2290 in
1207 2250 1281 2291 hac
1312 2266 1382 2300 re,
1430 2257 1474 2291 ut
1503 2265 1800 2305 nonnunquam
1829 2253 2026 2292 naturalis

273 2316 493 2363 memoria,
528 2316 560 2355 si
592 2316 656 2355 cui
687 2317 780 2355 data
810 2320 869 2355 est
891 2315 1082 2368 egregia,
1117 2314 1262 2353 similis
1284 2315 1335 2354 sit
1354 2315 1449 2354 huic
1477 2313 1736 2354 artificiosae.
1796 2316 1865 2354 29.
1898 2315 2026 2354 Porro

273 2380 376 2419 haec
407 2375 625 2418 artificiosa
654 2382 821 2417 naturae
853 2378 1070 2417 commoda
1100 2377 1250 2417 retinet
1281 2382 1320 2417 et
1351 2375 1573 2430 amplificat
1603 2377 1761 2417 ratione
1794 2377 2021 2417 doctrinae.

274 2442 536 2495 Quapropter
567 2445 606 2479 et
634 2441 830 2480 naturalis
860 2440 1061 2480 memoria
1096 2440 1391 2492 praeceptione
1434 2437 1713 2479 confirmanda
1752 2444 1841 2487 est,
1892 2443 1937 2478 ut
1975 2439 2028 2479 sit

225 2503 464 2557 ssegregia3
498 2508 538 2543 et
568 2501 690 2550 haec,
725 2515 827 2556 quae
859 2503 1045 2543 doctrina
1076 2503 1194 2542 datur
1213 2533 1223 2549 ,
1256 2503 1413 2555 indiget
1442 2502 1612 2555 ingenii.
1673 2503 1758 2541 Nec
1788 2503 1866 2541 hoc
1895 2502 2025 2555 magis

275 2572 343 2606 aut
371 2566 505 2605 minus
544 2566 585 2604 in
625 2566 702 2604 hac
744 2579 788 2605 re
829 2579 951 2618 quam
991 2565 1033 2604 in
1072 2565 1218 2604 ceteris
1249 2565 1405 2604 artibus
1435 2562 1504 2611 fit,
1550 2569 1595 2604 ut
1624 2563 1790 2618 ingenio
1821 2563 2022 2611 doctrina,

273 2628 565 2682 praeceptione
596 2633 740 2667 natura
770 2628 955 2668 nitescat.
1018 2627 1155 2676 Quare
1187 2631 1227 2666 et
1255 2627 1362 2674 illis,
1405 2628 1474 2680 qui
1506 2632 1651 2667 natura
1680 2638 1884 2665 memores
1915 2630 2022 2673 sunt,

274 2691 383 2730 utilis
405 2689 504 2730 haec
527 2690 605 2730 erit
625 2691 847 2739 instituti03
882 2691 991 2743 quod
1012 2696 1096 2730 tute
1118 2691 1257 2743 paullo
1280 2695 1374 2743 post
1394 2690 1546 2744 poteris
1568 2688 1815 2741 intelligere.
1867 2687 2025 2736 Quodsi

276 2754 334 2792 illi
378 2751 472 2793 freti
515 2753 680 2806 ingenio
726 2766 798 2792 suo
829 2753 958 2792 nostri
988 2766 1071 2792 non
1101 2753 1315 2806 indigent,
1366 2757 1506 2792 tamen
1545 2752 1623 2791 ista
1661 2764 1782 2791 causa
1826 2751 2022 2799 daretur,

228 2826 262 2851 (ιο
279 2829 403 2868 quare
434 2815 507 2861 iis,
560 2816 629 2869 qui
668 2815 803 2855 minus
839 2815 992 2868 ingenii
1032 2815 1215 2863 habent,
1267 2815 1504 2854 adiumento
1536 2814 1710 2853 velimus
1742 2827 1847 2854 esse.
1907 2816 2024 2855 Nunc

279 2879 329 2917 de
361 2877 580 2918 artificiosa
607 2878 807 2918 memoria
836 2878 1068 2931 loquemur.
1149 2877 1316 2917 Constat
1343 2878 1467 2930 igitur
1497 2874 1715 2917 artificiosa
1742 2877 1942 2917 memoria
1972 2891 2024 2917 ex

370 3027 403 3058 7.
428 3026 654 3067 proiectione]
690 3028 911 3068 porrectione
947 3027 1041 3059 Libri
1081 3030 1168 3059 noti.
1217 3028 1260 3059 l'Jt
1296 3036 1358 3059 nos
1391 3026 1558 3058 Lambino
1591 3029 1733 3058 auctore
1759 3026 1797 3058 E.
1828 3026 1897 3059 Cl'r.
1949 3026 2020 3058 Cic.

281 3074 377 3106 Orat.
406 3074 461 3104 18.
513 3075 678 3112 Quinctil.
708 3076 770 3111 11,
799 3074 840 3112 3,
868 3074 923 3105 84.
952 3092 994 3097 -
1033 3076 1088 3106 12.
1117 3072 1228 3116 qestu]
1253 3076 1380 3116 yemitu
1405 3074 1444 3104 T.
1483 3090 1520 3095 -
1561 3073 1616 3104 14.
1645 3078 1675 3105 ct
1701 3073 1837 3104 imitari
1861 3073 2020 3105 PBFRT.

281 3137 321 3143 —
349 3120 403 3151 17.
432 3121 521 3160 quod
538 3121 641 3158 PFT,
667 3121 712 3153 L:
740 3121 823 3162 qnid
841 3121 973 3152 ABRE.
1024 3120 1118 3160 (Estz
1149 3126 1302 3153 «tantum
1319 3121 1515 3158 dumtaxat,
1543 3124 1708 3159 quantum
1724 3129 1866 3152 necesse
1881 3119 2020 3161 esset-n)

281 3183 321 3189 —-
350 3167 406 3197 18.
433 3168 519 3197 scire
542 3169 622 3204 (om.
649 3168 778 3206 tamen)
802 3167 941 3204 PAFT,
974 3171 1089 3198 tamen
1113 3171 1196 3200 scire
1222 3168 1299 3202 BR.
1326 3167 1366 3198 L.
1416 3167 1485 3199 Nos
1512 3166 1726 3198 seclusimus.
1766 3183 1800 3189 —
1841 3167 1897 3198 22.
1925 3167 2023 3208 quid-

280 3214 362 3244 dam
386 3213 553 3244 PBFRT:
583 3213 772 3252 quidquam
799 3215 869 3246 ΑΕ.
900 3230 938 3236 -
974 3215 1015 3246 ab
1040 3215 1145 3246 PFT:
1174 3224 1197 3246 α
1221 3213 1352 3245 ΑΒΒΕ.
1379 3229 1422 3236 -
1454 3212 1511 3244 23.
1538 3215 1650 3254 mayis
1676 3222 1744 3245 om.
1762 3213 1859 3245 PAF.
1887 3230 1923 3236 —
1961 3213 2018 3244 26.

278 3262 323 3291 sit
350 3268 389 3291 ea
414 3259 527 3290 BRT:
555 3261 598 3290 sit
624 3267 679 3289 eas
706 3269 755 3297 pr.
776 3260 820 3295 P.
847 3262 916 3292 sint
937 3270 994 3293 eas
1018 3262 1075 3293 AF
1101 3266 1134 3293 et
1159 3269 1245 3292 corr.
1271 3260 1319 3297 P,
1345 3269 1386 3292 ea
1409 3261 1453 3290 sit
1480 3260 1518 3290 E.
1549 3276 1585 3281 —
1614 3261 1669 3292 31.
1696 3262 1775 3292 item
1798 3259 1937 3291 PAFT:
1969 3261 2021 3292 ita

278 3306 381 3338 BRE.
411 3323 447 3328 -
477 3305 532 3336 33.
559 3309 590 3336 et
615 3314 680 3336 om.
706 3306 863 3338 PAFRT.
893 3325 929 3331 —-
957 3307 1012 3339 39.
1040 3309 1151 3339 nostri
1176 3307 1255 3338 BR:
1283 3312 1403 3338 nostro
1428 3307 1466 3338 E.
1497 3305 1626 3345 (Ceteri
1654 3309 1760 3339 nostri
1787 3304 2015 3348 corrupti.)—

278 3354 469 3395 indiqerent
491 3352 618 3384 PAFT.
648 3368 688 3374 —
712 3353 851 3385 daretur
878 3363 955 3386 cum
981 3357 1105 3386 nostris
1131 3364 1188 3388 sex
1214 3355 1318 3386 ceteri
1348 3353 1424 3385 libri
1450 3355 1544 3385 uoti:
1574 3354 1683 3385 datur
1708 3354 1746 3386 E.
