2117 3762
222 279 306 321 374
1030 277 1229 319 BRUTUS

222 383 313 427 fieri
349 388 544 442 putaret?
594 384 688 425 195.
723 383 825 424 Cum
855 380 891 423 is
919 382 1002 423 hoc
1039 379 1219 436 probare
1257 383 1402 431 vellet,
1452 383 1520 424 Μ’.
1566 381 1758 430 Curium,
1801 397 1895 425 cum
1925 383 1981 427 ita

222 449 348 489 heres
384 449 593 489 institutus
632 449 760 492 esset,
803 443 838 485 si
874 442 1055 499 pupillus
1092 448 1185 484 ante
1224 451 1411 487 mortuus
1451 449 1584 492 esset,
1628 458 1751 501 quam
1789 446 1832 486 in
1863 461 1979 489 suam

221 511 394 551 tutelam
432 509 632 555 venisset,
675 505 832 562 pupillo
871 519 955 548 non
992 509 1090 546 nato
1119 505 1317 548 heredem
1348 521 1438 549 esse
1469 520 1552 548 non
1581 520 1728 562 posse3
1781 509 1880 562 quid
1909 509 1980 551 ille

221 583 306 612 non
336 570 441 612 dixit
471 573 522 611 de
552 574 893 611 testamentorum
923 568 1040 617 iure,
1073 566 1124 610 de
1154 569 1330 623 antiquis
1360 569 1575 612 formulis?
1626 570 1978 624 quemadmodum

191 633 347 675 sscribi
369 634 643 686 oportuisset,
678 631 712 672 si
733 633 857 673 etiam
876 630 961 672 filio
984 643 1069 672 non
1100 635 1196 671 nato
1228 629 1349 672 heres
1378 632 1693 674 institueretur?
1728 635 1820 675 196.
1856 647 1980 689 quam

221 695 449 751 captiosum
481 708 572 735 esse
603 694 788 748 populo,
822 695 934 750 quod
964 693 1164 748 scriptum
1195 699 1318 741 esset,
1350 694 1503 749 negligi
1534 701 1574 736 et
1605 694 1801 751 opinione
1832 697 1979 751 quaeri

218 758 450 800 voluntates
480 762 522 797 et
550 756 890 811 interpretatione
921 755 1172 797 disertorum
1203 755 1355 811 scripta
1374 756 1625 810 simplicium
1648 757 1862 799 hominum
1884 771 1980 812 per-

217 822 410 862 vertere?
443 821 537 860 197.
573 821 707 869 Quam
737 819 806 861 ille
837 819 964 860 multa
996 818 1046 860 de
1076 820 1321 860 auctoritate
1352 821 1480 872 patris
1511 822 1595 870 sui,
1629 822 1699 876 qui
1731 834 1896 876 semper
1913 822 1978 863 ius

218 881 319 924 illud
350 895 441 923 esse
473 880 742 924 defenderat?
793 896 918 937 quam
959 881 1129 923 omnino
1161 883 1291 923 multa
1321 880 1371 923 de
1403 883 1688 925 conservando
1719 885 1811 925 iure
1843 883 1980 926 civili?

168 960 205 985 10
221 947 336 995 Quae
368 943 536 1000 quidem
569 945 708 986 omnia
737 958 831 986 cum
861 945 993 1000 perite
1025 951 1066 985 et
1095 946 1298 992 scienter,
1345 950 1430 985 tum
1470 946 1528 986 ita
1557 947 1740 987 breviter
1769 952 1809 988 et
1839 960 1980 1002 presse

221 1014 261 1050 et
291 1009 389 1048 satis
420 1012 565 1049 ornate
597 1012 637 1049 et
666 1009 957 1061 pereleganter
986 1006 1164 1065 diceret,
1218 1008 1309 1061 quis
1351 1011 1459 1048 esset
1496 1008 1538 1048 in
1577 1009 1758 1062 populo,
1811 1011 1880 1065 qui
1911 1015 1982 1052 aut

219 1074 480 1125 exspectaret
509 1075 579 1112 aut
607 1069 697 1111 fieri
727 1083 851 1124 posse
883 1069 1109 1125 quidquam
1139 1069 1288 1111 melius
1318 1073 1508 1125 putaret?
1557 1072 1663 1112 LIII.
1696 1073 1748 1112 At
1776 1086 1903 1121 vero,
1936 1077 1982 1114 ut

217 1138 362 1175 contra
393 1133 563 1175 Crassus
593 1135 644 1174 ab
676 1133 941 1174 adolescente
973 1132 1174 1182 delicato,
1209 1133 1280 1189 qui
1311 1135 1352 1174 in
1382 1133 1504 1174 litore
1536 1133 1748 1175 ambulans
1779 1136 1978 1177 scalmum

217 1197 472 1251 repperisset
501 1198 555 1238 01)
589 1209 763 1251 eamque
792 1210 884 1237 rem
914 1194 1136 1237 aedificare
1165 1209 1314 1237 navem
1344 1197 1674 1249 concupivisset,
1708 1211 1882 1239 exorsus
1903 1202 1976 1245 est,

168 1259 410 1300 assimiliter
439 1260 683 1300 Scaevolam
714 1272 766 1299 ex
794 1271 879 1300 uno
910 1258 1061 1299 scalmo
1096 1258 1299 1314 captionis
1336 1258 1633 1300 centumvirale
1670 1258 1868 1300 iudicium
1908 1259 1981 1301 he-

219 1323 406 1363 reditatis
449 1320 657 1368 effecisse,
707 1319 787 1362 hoc
826 1320 896 1362 illo
942 1321 1060 1362 initio
1106 1327 1352 1363 consecutus
1398 1321 1537 1363 multis
1583 1323 1768 1362 eiusdem
1814 1324 1981 1375 generis

219 1385 436 1426 sententiis
467 1384 687 1426 delectavit
715 1383 959 1440 animosque
990 1384 1199 1431 omnium,
1244 1385 1316 1438 qui
1358 1386 1550 1431 aderant,
1595 1385 1637 1424 in
1677 1383 1927 1426 hilaritatem
1958 1399 1983 1426 a

219 1448 441 1489 severitate
486 1448 691 1497 traduxit3
744 1449 855 1502 quod
896 1451 960 1488 est
996 1460 1124 1488 unum
1167 1461 1220 1488 ex
1258 1448 1416 1495 tribus,
1465 1460 1571 1501 quae
1615 1447 1702 1488 dixi
1733 1449 1784 1488 ab
1816 1452 1982 1488 oratore

220 1508 328 1551 effici
359 1508 528 1551 debere.
588 1508 747 1551 Deinde
776 1512 856 1551 hoc
885 1509 1068 1551 voluisse
1098 1523 1215 1558 eum,
1249 1511 1319 1564 qui
1350 1514 1643 1550 testamentum
1674 1510 1868 1558 fecisset,
1900 1511 1982 1551 1]οο

168 1584 206 1610 20
220 1573 422 1622 sensisse,
469 1586 641 1628 quoquo
671 1574 796 1614 modo
827 1571 935 1613 filius
964 1585 1050 1613 non
1081 1577 1210 1619 esset,
1256 1574 1327 1626 qui
1362 1573 1404 1613 in
1441 1586 1557 1613 suam
1586 1573 1759 1613 tutelam
1788 1571 1979 1621 veniret,

218 1635 306 1677 sive
335 1650 421 1677 non
449 1640 570 1676 natus
599 1634 686 1677 sive
717 1639 812 1676 ante
842 1639 1054 1682 mortuus,
1104 1635 1253 1676 Curius
1291 1637 1411 1675 heres
1452 1640 1498 1675 ut
1527 1640 1659 1676 esset:
1711 1635 1767 1675 ita
1799 1633 1982 1676 seribere

217 1699 441 1754 plerosque
471 1704 512 1739 et
539 1699 582 1739 id
611 1698 753 1739 valere
785 1702 827 1738 et
857 1697 1035 1739 valuisse
1066 1696 1245 1752 semper.
1307 1699 1420 1738 Haec
1452 1704 1492 1739 et
1520 1697 1648 1738 multa
1688 1698 1890 1739 eiusmodi
1922 1697 1983 1739 di-

219 1775 316 1802 cens
347 1760 471 1802 fidem
500 1760 702 1811 faciebat;
750 1761 863 1815 quod
904 1765 966 1801 est
996 1774 1049 1801 ex
1079 1759 1213 1801 tribus
1244 1761 1423 1801 oratoris
1454 1758 1600 1801 officiis
1630 1761 1819 1801 alterum.
1882 1761 1976 1801 198.

217 1826 377 1866 Deinde
408 1838 587 1879 aequum
617 1825 797 1871 bonum,
842 1827 1188 1864 testamentorum
1225 1822 1448 1864 sententias
1478 1824 1796 1877 voluntatesque
1827 1828 1982 1864 tutatus

167 1895 205 1922 25
220 1892 303 1937 est;
351 1892 506 1943 quanta
545 1891 655 1927 esset
694 1886 738 1926 10
778 1885 918 1927 verbis
959 1886 1097 1938 captio
1128 1899 1223 1925 cum
1254 1887 1296 1926 in
1328 1885 1478 1926 ceteris
1510 1887 1635 1927 rebus
1666 1890 1753 1926 tum
1784 1887 1828 1926 in
1858 1891 1981 1927 testa-

218 1951 390 1998 mentis,
438 1950 472 1990 si
511 1950 826 2003 negligerentur
861 1947 1116 1998 voluntates3
1167 1953 1361 2003 quantam
1401 1948 1480 1988 sibi
1518 1949 1745 2002 potentiam
1783 1949 1981 1988 Scaevola

218 2016 467 2060 assumeret,
513 2013 548 2053 si
590 2025 714 2052 nemo
761 2012 934 2051 auderet
975 2016 1264 2051 testamentum
1303 2011 1443 2050 facere
1480 2016 1625 2065 postea
1663 2010 1742 2051 nisi
1780 2012 1831 2051 de
1872 2010 1980 2051 illius

217 2074 435 2118 sententia.
494 2076 610 2115 Haec
649 2087 742 2114 cum
780 2075 985 2127 graviter,
1033 2078 1121 2113 tum
1159 2071 1210 2113 ab
1254 2072 1455 2125 exemplis
1487 2072 1678 2128 copiose,
1726 2078 1812 2114 tum
1843 2073 1979 2120 varie,

216 2143 304 2179 tum
349 2139 472 2179 etiam
512 2138 687 2178 ridicule
725 2141 766 2177 et
799 2135 931 2177 facete
963 2135 1173 2190 explicans
1204 2148 1292 2176 eam
1325 2134 1645 2176 admirationem
1677 2137 1982 2176 assensionem-

167 2215 203 2241 ³0
218 2214 297 2257 que
338 2199 582 2247 commovit,
638 2199 793 2239 dixisse
832 2203 879 2238 ut
919 2202 1065 2239 contra
1104 2211 1228 2238 nemo
1268 2197 1494 2238 videretur.
1558 2199 1647 2238 Hoc
1680 2203 1768 2239 erat
1798 2198 1980 2239 oratoris

217 2262 402 2304 officium
433 2261 656 2315 partitione
685 2262 878 2307 tertium,
911 2273 1063 2314 genere
1095 2261 1338 2301 maximum.
1400 2262 1477 2300 Hic
1498 2261 1568 2300 illc
1591 2262 1641 2301 de
1662 2262 1820 2315 populo
1841 2259 1978 2308 iudeX,

216 2327 286 2381 qui
317 2325 541 2380 separatim
571 2323 748 2370 alterum
778 2324 1007 2364 admiratus
1039 2328 1167 2371 esset,
1214 2324 1350 2370 idem,
1395 2323 1537 2363 audito
1573 2322 1731 2372 altero,
1777 2322 1979 2364 iudicium

214 2402 334 2430 suum
380 2392 689 2429 contemneret:
742 2391 782 2428 at
822 2400 920 2428 vero
968 2387 1204 2439 intelligens
1246 2391 1287 2426 et
1327 2386 1472 2426 doctus
1519 2386 1692 2427 audiens
1736 2384 1977 2427 Scaevolam

214 2450 388 2492 sentiret
428 2464 519 2491 esse
559 2448 770 2504 quoddam
808 2451 980 2490 uberius
1014 2449 1178 2490 dicendi
1211 2462 1341 2503 genus
1372 2454 1412 2489 et
1443 2448 1644 2490 ornatius.
1705 2449 1768 2489 Ab
1798 2454 1977 2503 utroque

163 2528 199 2555 ³5
214 2519 376 2562 autem,
409 2525 532 2554 00050
552 2518 770 2568 perorata,
804 2514 838 2553 si
860 2517 1152 2568 quaereretur,
1184 2518 1279 2552 uter
1308 2516 1538 2565 praestaret
1568 2517 1734 2558 orator,
1766 2524 1977 2566 nunquam

212 2575 403 2631 profecto
434 2576 632 2629 sapientis
674 2575 873 2617 iudicium
913 2589 937 2616 a
966 2577 1119 2616 iudicio
1149 2576 1262 2628 vulgi
1293 2575 1560 2627 discreparet.
1618 2574 1720 2615 LIV.
1754 2575 1847 2614 199.
1896 2574 1978 2623 Qui

211 2643 395 2694 praestat
436 2639 563 2692 igitur
605 2637 841 2692 intelligens
895 2638 1116 2693 imperito?
1173 2641 1322 2691 Magna
1365 2652 1410 2678 re
1456 2642 1497 2678 et
1542 2635 1717 2678 difficili:
1770 2636 1977 2691 siquidem

212 2714 409 2756 magnum
454 2706 517 2742 est
560 2702 688 2748 scire,
739 2702 890 2756 quibus
934 2702 1061 2741 rebus
1106 2699 1312 2741 efficiatur
1355 2702 1616 2741 amittaturve
1660 2701 1834 2741 dicendo
1876 2699 1977 2741 illud

213 2765 415 2820 quidquid
457 2768 538 2812 est,
589 2764 703 2818 quod
747 2768 818 2804 aut
856 2762 964 2805 effici
1002 2762 1177 2803 dicendo
1219 2767 1383 2818 oportet
1413 2769 1483 2804 aut
1512 2762 1642 2803 amitti
1672 2776 1757 2804 non
1789 2767 1970 2816 oportet.

161 2840 198 2866 40
212 2830 401 2869 Praestat
440 2828 564 2868 etiam
600 2827 673 2867 illo
710 2827 857 2868 doctus
888 2827 1055 2867 auditor
1084 2827 1278 2875 indocto,
1327 2825 1439 2881 quod
1469 2839 1611 2880 saepe,
1659 2839 1753 2867 cum
1784 2832 1974 2868 oratores

213 2892 294 2930 duo
327 2894 399 2931 aut
426 2891 569 2944 plures
599 2888 743 2944 populi
774 2888 928 2930 iudicio
961 2892 1208 2944 probantur,
1256 2891 1368 2943 quod
1405 2888 1570 2929 dicendi
1608 2902 1737 2942 genus
1769 2889 1972 2943 optimum

212 2951 288 3001 sit,
336 2951 547 3007 intelligit.
609 2953 712 2993 Nam
748 2950 871 3000 illud,
922 2954 1034 3007 quod
1074 2951 1232 3007 populo
1262 2966 1345 2992 non
1376 2950 1593 3006 probatur,
1644 2965 1696 2992 ne
1728 2951 1974 3005 intelligenti

302 3084 337 3116 lt.
365 3086 655 3125 quemadmodum
680 3085 758 3117 libri
785 3090 922 3124 praeter
947 3095 1057 3118 unum
1085 3085 1196 3118 Oxon.
1226 3084 1368 3116 Lamb.:
1408 3085 1513 3124 quid?
1547 3085 1836 3125 quemadmodum
1862 3084 1973 3117 Oxon.

211 3139 323 3168 unus,
351 3132 425 3162 RE.
470 3150 507 3156 —
550 3132 584 3163 6.
611 3141 680 3164 esse
703 3133 833 3172 populo
860 3133 959 3164 libri:
1004 3137 1086 3165 esset
1109 3132 1240 3172 populo
1268 3132 1293 3162 E
1321 3133 1410 3163 coni.
1442 3148 1480 3153 -—
1510 3133 1565 3163 10.
1595 3134 1735 3163 omnino
1761 3141 1838 3163 cum
1862 3132 1903 3163 R.
1931 3147 1975 3152 —

211 3177 268 3210 16.
296 3178 356 3208 Ιιο0
381 3179 441 3209 illo
468 3179 628 3211 Ernestio
655 3184 798 3212 auc-tore
825 3188 907 3210 nos:
944 3180 1005 3211 hoc
1031 3181 1068 3211 in
1091 3180 1151 3210 illo
1177 3187 1254 3210 cum
1282 3178 1376 3209 libris
1403 3178 1580 3218 plerisque
1606 3179 1726 3210 Lamb.
1756 3179 1801 3217 E,
1830 3180 1893 3209 hoc
1918 3177 1974 3208 ille

211 3224 332 3256 Ottob.
361 3224 412 3262 R,
456 3225 615 3265 Ellendt,
660 3229 718 3266 qui
746 3228 780 3258 in
807 3228 922 3264 priore
950 3227 1014 3259 Ed.
1043 3229 1089 3258 ita
1118 3229 1342 3257 coniectaret.
1380 3241 1418 3247 —
1462 3226 1519 3256 20.
1546 3226 1677 3258 veniret
1709 3234 1784 3257 cum
1820 3225 1917 3256 libris
1943 3224 1974 3255 R

212 3276 246 3304 et
270 3270 411 3302 Lamb.:
438 3273 583 3303 venisset
608 3282 685 3305 cum
711 3274 775 3305 Ed.
796 3272 930 3306 veneta
958 3278 991 3306 et
1016 3272 1095 3304 Asc.
1124 3273 1165 3304 E.
1196 3290 1228 3296 -
1268 3272 1324 3302 28.
1353 3280 1428 3302 cum
1453 3273 1495 3303 ab
1522 3272 1566 3303 D.
1593 3272 1654 3312 Lg.
1683 3277 1817 3311 praeter
1841 3271 1875 3302 8.
1904 3271 1970 3302 Gu.

211 3320 243 3350 1.
272 3319 306 3348 2.
341 3317 465 3348 Dresd.
495 3317 728 3353 Emendatum
761 3322 796 3353 in
829 3320 871 3353 R.
914 3337 952 3344 —·
995 3319 1052 3352 39.
1081 3320 1122 3353 V.
1152 3319 1296 3351 dicendo
1323 3323 1401 3351 ante
1429 3323 1564 3360 oportet
1588 3322 1789 3359 suspectum
1814 3318 1970 3360 Meyero.

208 3365 297 3398 Vide
323 3363 550 3397 Ellendtium.
