2117 3762
700 281 797 321 LlB.
831 279 883 320 Il.
947 278 992 320 C.
1026 279 1093 320 8⁷4.
1127 277 1194 320 85.
1229 278 1296 320 86.
1787 277 1866 320 289

118 387 273 442 pientia
302 393 342 428 et
372 386 609 442 magnitudo
639 386 788 432 animi,
837 399 916 439 qua
948 398 1090 426 omnes
1119 397 1187 425 res
1216 383 1419 426 humanae
1449 387 1592 424 tenues
1622 395 1670 423 ac
1700 395 1775 437 pro
1808 385 1869 424 ni-

119 450 202 491 hilo
232 456 449 505 putantur3
484 456 523 490 et
554 449 594 490 in
626 449 897 501 excogitando
932 450 991 488 vis
1022 449 1223 501 quaedam
1257 445 1409 501 ingenii
1441 451 1480 486 et
1510 445 1597 501 ipsa
1629 445 1869 499 eloquentia

118 512 402 553 admirationis
446 511 567 553 habet
607 524 689 551 non
731 509 884 556 minus;
934 509 1194 551 iucunditatis
1231 509 1389 551 minus:
1442 509 1555 562 ipsos
1593 509 1701 549 enim
1742 509 1870 562 magis

118 574 300 620 videtur.
334 588 438 630 quos
470 573 704 620 laudamus,
749 586 868 625 quam
910 572 1023 618 illos,
1077 570 1184 626 apud
1224 585 1329 625 quos
1361 571 1595 619 laudamus,
1645 583 1795 612 ornare
1825 583 1871 610 ac

119 641 238 680 tueri.
299 639 378 678 Sed
409 643 544 677 tamen
575 637 615 675 in
639 633 842 675 laudando
866 635 1071 687 iungenda
1096 639 1190 675 sunt
1217 635 1337 674 etiam
1360 636 1461 675 llaec
1483 646 1634 687 genera
1655 634 1868 674 virtutum.
1888 644 1903 669 ε

120 701 273 740 Ferunt
304 700 411 739 enim
435 711 556 739 aures
578 700 790 739 hominum
806 731 814 745 ‚
846 712 937 739 cum
960 697 1023 738 illa
1040 729 1050 745 ,
1084 709 1188 751 quae
1211 696 1388 736 iucunda
1411 701 1450 736 et
1472 701 1609 749 grata,
1643 700 1727 736 tum
1750 696 1873 735 etiam

120 760 212 808 illa,
246 774 349 814 quae
383 760 584 801 mirabilia
615 766 709 801 sunt
740 760 779 801 iu
803 762 977 808 virtute,
1010 757 1182 800 laudari.
1244 759 1446 802 Lxxxv.
1476 761 1572 799 345.
1606 759 1659 799 Et
1679 756 1874 813 quoniam

120 822 373 876 singularum
406 822 602 863 virtutum
635 829 729 864 suut
759 829 870 864 certa
902 823 1102 877 quaedam
1135 818 1270 861 officia
1301 834 1347 861 ac
1380 834 1549 861 munera
1572 826 1612 862 et
1632 834 1703 862 sua
1725 820 1874 874 cuique

120 885 259 926 virtuti
292 885 378 926 laus
408 885 578 938 propria
609 884 804 931 debetur,
856 886 934 926 erit
971 881 1259 937 explicandum
1301 883 1342 922 in
1372 881 1492 923 laude
1523 882 1728 931 iustitiae,
1777 880 1877 936 quid

121 961 212 989 cum
244 946 346 994 fide,
380 946 479 1001 quid
510 960 601 988 cum
634 946 946 1003 aequabilitate,
989 946 1087 999 quid
1120 958 1212 986 cum
1244 943 1447 985 eiusmodi
1479 944 1616 998 aliquo
1648 944 1784 986 officio
1816 947 1925 992 is,10

121 1009 192 1065 qui
222 1009 474 1057 laudabitur,
510 1010 695 1063 gesserit.
756 1012 939 1064 Itemque
970 1009 1011 1048 iu
1044 1006 1194 1048 ceteris
1224 1019 1291 1047 res
1323 1011 1462 1061 gestae
1494 1005 1544 1047 ad
1576 1007 1773 1062 cuiusque
1795 1007 1878 1048 vir-

120 1073 215 1112 tutis
246 1084 373 1125 genus
405 1077 444 1112 et
474 1072 555 1112 vim
588 1079 626 1113 et.
657 1087 809 1113 nomen
841 1068 1276 1113 accommodabuntur.
1339 1070 1435 1110 346.
1472 1068 1711 1111 Gratissima
1742 1075 1877 1110 autem

120 1135 209 1174 laus
250 1147 395 1174 eorum
437 1133 640 1175 sactorum
680 1133 880 1184 habetur,
932 1146 1038 1188 quae
1078 1137 1265 1186 suscepta
1294 1132 1490 1173 videntur
1519 1145 1541 1172 a
1571 1131 1670 1173 viris
1701 1130 1877 1173 fortibus

120 1196 208 1238 sine
238 1195 518 1237 emolumento
551 1211 597 1237 ac
630 1197 842 1250 praemi03
890 1211 996 1252 quae
1034 1208 1133 1236 vero
1167 1193 1291 1235 etiam
1322 1207 1415 1234 cum
1446 1192 1588 1235 labore
1620 1200 1660 1235 et
1690 1194 1875 1250 periculo

121 1261 322 1314 ipsorum,
370 1258 469 1300 haec
509 1258 664 1300 habent
704 1258 955 1300 uberrimam
986 1259 1148 1311 copiam
1178 1258 1229 1297 ad
1261 1257 1537 1305 laudandum,
1585 1259 1695 1312 quod
1728 1261 1768 1298 et
1797 1255 1926 1297 dici1⁵

121 1321 381 1362 ornatissime
426 1327 599 1374 possunt
639 1328 680 1363 et
718 1322 849 1363 audiri
895 1320 1103 1363 facillime.
1160 1320 1220 1359 Ea
1261 1318 1370 1359 enim
1410 1318 1588 1373 denique
1627 1319 1757 1361 virtus
1787 1332 1877 1360 esse

121 1383 282 1425 videtur
311 1384 556 1438 praestantis
588 1384 690 1432 viri,
741 1398 845 1439 quae
877 1389 938 1425 est
968 1384 1180 1424 fructuosa
1210 1379 1325 1430 aliis,
1365 1381 1442 1435 ipsi
1473 1386 1610 1422 autem
1641 1380 1876 1429 laboriosa,

122 1452 191 1488 aut
229 1445 460 1501 periculosa
502 1452 571 1488 aut
609 1452 719 1487 certe
751 1448 944 1499 gratuita.
1005 1447 1154 1497 Magna
1185 1442 1308 1484 etiam
1339 1442 1410 1484 illa
1439 1442 1527 1484 laus
1558 1449 1598 1485 et
1627 1442 1879 1485 admirabilis

122 1508 255 1550 videri
286 1509 391 1549 solet
420 1509 560 1550 tulisse
591 1522 708 1550 casus
741 1509 951 1564 sapienter
981 1507 1203 1555 adversos,
1245 1519 1328 1548 non
1358 1505 1535 1547 fractum
1567 1521 1657 1548 esse
1688 1505 1876 1556 fortuna,

122 1572 340 1614 retinuisse
367 1573 407 1612 in
428 1574 550 1612 rebus
573 1573 729 1626 asperis
751 1572 1007 1625 dignitatem.
1069 1572 1165 1611 347.
1199 1570 1343 1624 Neque
1365 1573 1503 1610 tamen
1525 1568 1594 1610 illa
1615 1582 1698 1611 non
1719 1573 1876 1617 ornant,
1893 1578 1929 1603 20

124 1637 251 1676 habiti
282 1637 488 1682 honores,
536 1636 701 1675 decreta
731 1634 893 1676 virtutis
934 1632 1145 1690 praemia,
1185 1645 1253 1673 res
1294 1636 1434 1685 gestae
1473 1631 1635 1674 iudiciis
1664 1631 1879 1672 hominum

124 1699 435 1752 comprobatae;
482 1697 522 1737 in
564 1697 715 1751 quibus
760 1698 881 1738 etiam
924 1695 1160 1738 felicitatem
1201 1695 1335 1747 ipsam
1376 1696 1552 1736 deorum
1582 1693 1880 1735 immortalium

124 1760 278 1801 iudicio
310 1759 434 1800 tribui
465 1758 713 1800 laudationis
746 1765 820 1800 est.
884 1759 1119 1807 Sumendae
1157 1761 1297 1798 autem
1333 1769 1398 1797 res
1430 1762 1549 1798 erunt
1578 1762 1647 1799 aut
1676 1755 1880 1811 magnitu-

125 1823 219 1863 dine
248 1820 518 1875 praestabiles
549 1826 617 1862 aut
648 1821 828 1862 novitate
861 1822 1021 1874 primae
1051 1824 1120 1860 aut
1146 1832 1297 1873 genere
1317 1820 1408 1873 ipso
1430 1818 1674 1874 singulares.
1734 1821 1878 1874 Neque

125 1885 234 1926 enim
263 1896 414 1938 parvae
445 1896 579 1937 neque
610 1883 783 1924 usitatae
814 1896 951 1938 neque
971 1883 1164 1936 vulgares
1185 1880 1458 1923 admiratione
1480 1887 1549 1923 aut
1570 1884 1738 1923 omnino
1759 1880 1878 1923 laude
1892 1896 1928 1922 25

125 1946 273 2001 dignae
303 1945 433 1987 videri
465 1946 611 1987 solent.
671 1947 766 1986 348.
801 1948 871 1986 Est
900 1944 1023 1986 etiam
1043 1957 1136 1985 cum
1156 1945 1303 1985 ceteris
1328 1943 1629 1997 praestantibus
1649 1945 1747 1984 viris
1768 1957 1880 1984 com-

123 2008 284 2065 paratio
311 2008 353 2049 in
383 2008 620 2050 laudatione
650 2007 878 2063 praeclara.
938 2010 1000 2048 De
1030 2021 1112 2062 quo
1145 2020 1298 2061 genere
1328 2005 1489 2048 libitum
1522 2012 1583 2048 est
1612 2004 1712 2046 mihi
1738 2004 1879 2060 paullo

126 2073 268 2126 plura,
301 2084 425 2126 quam
455 2072 741 2118 ostenderam,
774 2073 934 2119 dicere,
968 2083 1053 2111 non
1084 2075 1164 2111 tam
1195 2074 1368 2123 propter
1396 2083 1518 2111 usum
1547 2068 1778 2116 forensem,
1810 2067 1881 2121 qui

127 2139 189 2175 est
209 2147 231 2175 a
251 2148 318 2175 me
347 2133 390 2174 in
421 2133 532 2175 omni
561 2134 642 2174 hoc
673 2145 864 2174 sermone
895 2137 1116 2181 tractatus,
1151 2145 1273 2187 quam
1303 2138 1350 2174 ut
1378 2134 1459 2173 hoc
1489 2130 1706 2179 videretis,
1740 2131 1774 2172 si
1795 2129 1883 2170 lau-

128 2196 313 2238 dationes
344 2201 480 2238 essent
509 2195 552 2236 in
582 2194 756 2237 oratoris
787 2195 947 2244 officio,
994 2194 1106 2251 quod
1135 2208 1259 2236 nemo
1296 2199 1436 2249 negat,
1487 2193 1641 2236 oratori
1683 2192 1881 2234 virtutum
1896 2207 1932 2233 30

129 2258 312 2301 omnium
343 2257 645 2313 cognitionem,
682 2259 772 2299 sine
802 2272 883 2313 qua
913 2257 1095 2299 laudatio
1127 2256 1232 2299 effici
1263 2271 1347 2298 non
1375 2256 1532 2311 possit,
1573 2269 1664 2298 esse
1694 2268 1882 2296 necessa-

129 2322 247 2363 riam.
309 2323 404 2362 349.
437 2322 523 2362 Iam
553 2320 815 2375 vituperandi
845 2325 1067 2376 praecepta
1097 2320 1313 2362 contrariis
1343 2335 1394 2362 ex
1423 2321 1533 2362 vitiis
1564 2320 1761 2361 sumenda
1792 2331 1881 2358 esse

129 2385 395 2440 perspicuum
426 2388 502 2424 est.
565 2381 694 2424 Simul
724 2386 785 2422 est
813 2381 916 2424 illud
945 2388 1039 2424 ante
1071 2383 1235 2432 oculos,
1266 2397 1343 2425 nec
1374 2381 1530 2424 bonum
1550 2383 1684 2423 virum
1709 2379 1882 2436 proprie

131 2453 171 2489 et
200 2446 368 2502 copiose
397 2444 556 2487 laudari
587 2443 674 2486 sine
703 2443 901 2485 virtutum
931 2458 1007 2485 nec
1036 2444 1273 2500 improbum
1303 2447 1437 2488 notari
1468 2459 1515 2486 ac
1544 2443 1769 2498 vituperari
1793 2443 1881 2483 sine

129 2509 326 2551 vitiorum
368 2507 605 2562 cognitione
645 2505 742 2548 satis
772 2506 964 2561 insignite
993 2512 1115 2563 atque
1147 2521 1295 2563 aspere
1326 2521 1463 2561 posse.
1524 2508 1656 2561 Atque
1687 2507 1750 2546 his
1780 2504 1930 2545 locis³5

133 2577 173 2614 et
211 2570 405 2613 laudandi
446 2576 487 2612 et
520 2568 781 2624 vituperandi
826 2583 949 2626 saepe
993 2570 1114 2612 nobis
1159 2575 1220 2611 est
1259 2572 1458 2612 utendum
1500 2571 1543 2611 in
1580 2568 1693 2611 omni
1731 2579 1881 2622 genere

133 2647 364 2679 causarum.

244 2698 338 2738 350.
387 2696 585 2745 Habetis,
633 2694 684 2736 de
721 2694 980 2737 inveniendis
1021 2693 1146 2737 rebus
1184 2693 1533 2749 disponendisque
1564 2694 1661 2749 quid
1692 2690 1878 2733 sentiam.

135 2757 366 2812 Adiungam
396 2758 519 2800 etiam
551 2760 601 2799 de
632 2759 853 2805 memoria,
899 2764 944 2799 ut
972 2758 1116 2799 labore
1149 2760 1341 2808 Crassum
1370 2760 1502 2799 levem
1535 2770 1666 2811 neque
1697 2754 1735 2795 ei
1765 2751 1884 2807 quid-

137 2835 258 2876 quam
289 2820 421 2870 aliud‚
455 2823 506 2862 de
537 2835 618 2876 quo
651 2821 849 2869 disserat,
880 2821 1113 2876 relinquam
1144 2820 1223 2862 nisi
1253 2834 1300 2861 ea
1319 2852 1331 2870 ,
1370 2819 1518 2876 quibus
1548 2821 1647 2859 haec
1678 2828 1884 2857 exornen·
1900 2828 1937 2854 40

137 2889 216 2925 tur.
277 2885 502 2926 LXXXVI.
534 2885 664 2939 Perge
684 2897 810 2932 vero,
841 2885 975 2938 inquit
1005 2885 1190 2924 Crassus.
1238 2882 1435 2924 Libenter
1465 2880 1572 2922 enim
1603 2886 1642 2921 te
1672 2876 1885 2931 cognitum

232 3043 263 3075 1.
291 3045 461 3083 yeruntur
485 3045 597 3075 tenues
622 3043 663 3075 R.
695 3059 733 3067 -
775 3052 815 3075 ac
840 3043 866 3074 B
892 3041 1042 3081 alitque:
1083 3043 1114 3072 et
1139 3038 1181 3080 (Α
1194 3038 1225 3082 7)
1263 3040 1332 3073 RE.
1374 3056 1410 3063 -—
1446 3035 1525 3079 pro]
1561 3044 1669 3077 prope
1694 3034 1735 3066 B.
1768 3050 1812 3057 -
1848 3032 1884 3065 lc.

138 3090 302 3123 videntur
328 3089 427 3121 Voss.
453 3089 512 3120 AB
539 3094 574 3122 et.
598 3099 650 3130 pr.
679 3091 777 3122 Leid.
808 3089 906 3130 prob.
935 3089 1042 3120 Balsio
1059 3110 1068 3125 ,
1108 3088 1268 3119 videmur
1295 3088 1376 3127 Lag.
1404 3086 1437 3117 3.
1463 3085 1498 3116 [4.
1535 3091 1638 3115 «sane
1665 3090 1732 3113 non
1759 3080 1886 3113 male.»

142 3138 330 3170 Ermum.
361 3154 397 3160 —
426 3144 531 3176 quam
554 3151 568 3159 —
592 3154 605 3160 -
630 3137 812 3170 laudamus
838 3146 906 3168 om.
931 3136 1003 3167 ΑΒ.
1033 3151 1072 3156 -
1101 3134 1135 3166 5.
1160 3135 1199 3165 in
1224 3143 1293 3166 om.
1321 3133 1426 3164 ABR.
1456 3148 1492 3154 —
1525 3130 1580 3161 11.
1609 3130 1751 3171 yesserit
1775 3127 1886 3160 Codd.

141 3184 210 3216 iil-z
246 3185 332 3226 fierit
366 3183 450 3219 AB.
486 3184 606 3224 fecerit
638 3184 709 3214 RE.
739 3201 778 3206 —-
818 3185 863 3216 ad
888 3178 1064 3221 cuiusque]
1094 3180 1212 3220 aliquo
1252 3189 1358 3219 usque
1393 3179 1442 3211 Β,
1482 3177 1528 3207 ad
1554 3178 1653 3208 cuius
1678 3176 1720 3207 R.
1748 3191 1793 3196 —
1830 3173 1888 3205 14.

142 3228 188 3270 et]
216 3240 257 3263 ac
285 3231 322 3262 Β.
350 3247 391 3253 -
418 3230 473 3260 17.
501 3227 628 3269 autem]
657 3233 720 3260 aut
743 3230 783 3261 B.
814 3246 852 3252 —
881 3230 936 3261 19.
963 3225 1148 3267 sapienter]
1174 3228 1348 3266 patienter
1374 3224 1574 3256 Lambinus.
1601 3239 1643 3246 —
1681 3222 1739 3253 21.
1764 3220 1890 3252 virtuti

141 3277 223 3318 Lag.
251 3278 308 3308 20.
335 3276 455 3308 Lamb.
484 3292 526 3297 —
553 3276 610 3307 26.
636 3276 769 3307 viribus
795 3276 1031 3315 comprobatio
1050 3273 1120 3304 AB.
1151 3289 1190 3295 -
1217 3273 1273 3304 27.
1301 3272 1383 3303 mihi·
1407 3275 1455 3303 est
1473 3270 1546 3302 AR.
1568 3286 1608 3292 —
1634 3268 1693 3301 28.
1721 3272 1793 3299 tam
1818 3275 1886 3298 orn.

143 3324 182 3355 B.
211 3338 252 3346 -
286 3323 342 3354 30.
369 3321 475 3364 quod]
503 3331 607 3363 quam
625 3322 664 3352 B.
696 3339 735 3344 —
763 3321 818 3354 35.
846 3323 1028 3363 insislniter
1055 3320 1095 3350 R.
1124 3336 1164 3343 —
1190 3320 1234 3352 iis
1259 3320 1299 3352 B.
1326 3334 1367 3341 -—
1394 3317 1451 3350 38.
1479 3316 1762 3356 inveniendique
1786 3314 1826 3345 B.
1847 3327 1889 3337 -

143 3370 200 3403 40.
227 3370 322 3401 niA.
352 3387 389 3393 --
418 3369 539 3412 quibus
563 3368 664 3403 rebus
681 3369 723 3401 R.
749 3385 790 3390 —
816 3369 1031 3401 adornentur
1056 3367 1098 3400 lt.

221 3441 313 3468 cicero
333 3440 363 3471 T.
382 3440 402 3469 Ι.
1399 3433 1449 3478 19
