2117 3762
205 267 286 307 300
905 264 974 304 DE
1012 264 1257 308 ORATORE

204 373 476 428 argumentis,
523 375 564 414 in
603 384 651 411 eo
692 373 870 410 mentem
902 368 1216 426 orationemque
1247 371 1400 427 defigit.
1464 370 1668 427 Sulpicius
1700 377 1836 415 autem
1866 376 1951 417 for-

204 435 364 478 tissimo
396 438 574 490 quodam
605 432 728 473 animi
757 432 932 486 impetu,
965 431 1202 486 plenissima
1232 442 1271 477 et
1300 437 1478 476 maxima
1509 448 1634 483 voce,
1667 449 1826 477 summa
1856 451 1953 479 con-

205 500 386 539 tentione
417 495 603 552 corporis
634 499 674 534 et
705 493 900 547 dignitate
931 500 1089 542 motus,
1136 499 1361 539 verborum
1400 512 1565 553 quoque
1607 511 1653 538 ea
1685 500 1881 551 gravitate
1912 505 1951 540 et

206 560 328 614 copia
357 565 436 606 est,
488 563 531 599 ut
559 570 664 597 unus
702 557 753 596 ad
786 555 1005 597 dicendum
1035 556 1374 602 instructissimus
1404 575 1427 601 a
1457 566 1600 601 natura
1633 574 1722 601 esse
1753 563 1952 603 videatur.

176 623 277 664 ⁵IX.
322 625 386 664 32.
431 619 493 662 Ad
538 623 700 660 nosmet
744 617 858 672 ipsos
895 620 977 659 iam
1017 625 1225 669 revertor,
1277 625 1470 677 quoniam
1511 626 1568 664 sic
1606 622 1758 664 fuimus
1795 637 1958 679 semper

204 685 452 738 comparati,
497 687 542 723 ut
578 680 795 722 hominum
832 680 1094 723 sermonibus
1132 683 1249 738 quasi
1278 685 1319 725 in
1350 685 1516 742 aliquod
1547 686 1823 727 contentionis
1853 685 1959 727 iudi-

205 748 314 788 cium
345 757 614 787 vocaremur:
646 742 745 798 quid
775 749 859 785 tam
891 744 1086 786 dissimile
1118 759 1240 800 quam
1273 760 1350 801 ego
1379 747 1421 789 in
1453 748 1629 790 dicendo
1661 754 1699 789 et
1729 749 1957 790 Antonius?

204 823 296 850 cum
327 808 395 848 ille
425 809 458 848 is
489 805 541 847 sit
571 811 734 854 orator,
772 812 817 848 ut
851 807 953 848 nihil
983 821 1033 849 eo
1063 810 1194 863 possit
1223 822 1313 849 esse
1343 811 1644 864 praestantius3
1694 825 1771 865 ego
1803 817 1955 859 autem,

205 884 450 926 quamquam
482 875 633 911 memet
664 870 746 910 mei
766 870 970 924 poenitet,
1004 885 1097 911 cum
1127 874 1206 913 hoc
1227 871 1405 912 maxime
1427 878 1563 914 tamen
1586 877 1626 914 in
1649 874 1957 926 comparatione

152 945 190 970 10
205 933 445 986 coniungat.
521 932 748 980 Videtisne,
795 946 922 987 genus
954 935 1035 974 hoc
1066 936 1177 989 quod
1208 936 1260 975 sit
1289 934 1490 976 Antonii?
1541 934 1670 984 sorte,
1716 938 1955 985 vehemens,

204 1000 457 1038 commotum
486 996 527 1036 in
558 997 743 1048 agendo,
791 997 1095 1050 praemunitum
1137 1003 1177 1038 et
1208 1012 1259 1038 ex
1290 997 1402 1039 omni
1434 1002 1547 1052 parte
1578 1011 1722 1039 causae
1754 1005 1956 1053 saeptum,

203 1072 316 1106 acre,
363 1063 554 1106 acutum,
606 1058 886 1106 enucleatum,
951 1059 991 1100 in
1032 1074 1114 1100 una
1167 1074 1330 1115 quaque
1368 1073 1413 1100 re
1456 1072 1739 1110 commorans,
1786 1064 1959 1102 honeste

202 1122 375 1169 cedens,
409 1120 558 1162 acriter
590 1121 834 1175 insequens,
867 1126 1053 1170 terrens,
1097 1124 1354 1177 supplicans,
1399 1135 1559 1164 summa
1594 1123 1792 1165 orationis
1828 1125 1959 1165 varie-

203 1189 305 1231 tate,
357 1183 468 1224 nulla
497 1189 732 1225 nostrarum
764 1183 927 1226 aurium
958 1184 1156 1226 satietate.
1220 1188 1287 1226 33.
1330 1188 1412 1226 Nos
1443 1192 1604 1233 autem,
1654 1188 1887 1242 quicunque
1917 1186 1960 1227 in

151 1256 186 1283 1⁵
203 1247 378 1286 dicendo
409 1259 572 1293 sumus,
620 1247 813 1300 quoniam
853 1260 943 1287 esse
983 1249 1121 1303 aliquo
1153 1249 1194 1289 in
1225 1261 1400 1290 numero
1431 1250 1551 1289 vobis
1583 1247 1794 1296 videmur,
1845 1254 1958 1289 certe

202 1314 340 1349 tamen
369 1310 419 1349 ab
449 1307 570 1349 huius
601 1307 773 1349 multum
805 1322 958 1363 genere
989 1311 1207 1360 distamus3
1242 1313 1354 1366 quod
1376 1310 1497 1366 quale
1521 1311 1592 1357 sit,
1625 1324 1710 1351 non
1743 1316 1803 1351 est
1822 1325 1959 1352 meum

201 1370 360 1418 dicere,
392 1375 613 1426 propterea
644 1370 755 1425 quod
786 1371 953 1412 minime
983 1371 1061 1413 sibi
1092 1373 1266 1428 quisque
1298 1379 1419 1414 notus
1453 1378 1514 1414 est
1545 1378 1585 1413 et
1626 1372 1864 1414 difficillime
1911 1374 1960 1415 de

202 1446 245 1473 se
276 1434 450 1489 quisque
480 1433 625 1483 sentit;
678 1432 750 1474 sed
789 1439 925 1474 tamen
956 1436 1248 1477 dissimilitudo
1285 1434 1458 1489 intelligi
1497 1440 1634 1490 potest
1670 1440 1710 1476 et
1739 1450 1790 1476 ex
1820 1442 1957 1478 motus

201 1494 285 1536 mei
312 1495 597 1537 mediocritate
628 1502 669 1537 et
698 1511 749 1537 ex
780 1510 854 1545 eo,
889 1496 1023 1551 quod,
1057 1497 1205 1553 quibus
1235 1498 1419 1552 vestigiis
1449 1499 1628 1551 primum
1660 1497 1805 1545 institi,
1836 1500 1878 1539 in
1909 1499 1960 1540 iis

151 1556 290 1599 eofere
335 1558 448 1600 soleo
489 1572 688 1613 perorare
732 1565 772 1600 et
811 1559 926 1615 quod
970 1560 1181 1614 aliquanto
1220 1575 1286 1602 me
1328 1561 1465 1601 maior
1503 1561 1544 1600 in
1574 1558 1715 1601 verbis
1749 1559 1885 1616 [quam
1919 1563 1962 1602 in

202 1619 429 1674 sententiis]
464 1623 665 1677 eligendis
696 1621 813 1663 labor
843 1629 883 1663 et
914 1637 1011 1664 cura
1042 1629 1209 1679 torquet
1245 1628 1480 1672 verentem,
1527 1637 1602 1670 ne,
1651 1624 1685 1664 si
1715 1624 1857 1677 paullo
1888 1626 1963 1665 ob-

201 1683 374 1724 soletior
394 1682 518 1725 fuerit
539 1686 697 1733 oratio,
730 1699 815 1727 non
846 1684 968 1739 digna
998 1686 1305 1741 exspectatione
1338 1692 1378 1726 et
1407 1686 1572 1726 silentio
1603 1686 1732 1727 fuisse
1753 1686 1956 1728 videatur.

202 1747 268 1786 34.
300 1746 457 1794 Quodsi
494 1748 535 1788 in
566 1747 711 1794 nobis,
757 1748 826 1803 qui
858 1750 1071 1796 adsumus,
1117 1755 1251 1790 tantae
1290 1748 1664 1796 dissimilitudines,
1710 1754 1793 1789 tam
1825 1755 1962 1790 certae

202 1822 267 1850 res
296 1809 494 1866 cuiusque
525 1810 720 1865 propriae
753 1817 792 1851 et
822 1812 863 1851 in
894 1824 941 1851 ea
972 1811 1173 1852 varietate
1203 1811 1289 1853 fere
1320 1812 1466 1853 melius
1487 1825 1509 1852 a
1532 1810 1740 1852 deteriore
1770 1811 1961 1853 facultate

152 1882 188 1908 2⁵
203 1872 333 1926 magis
365 1887 487 1928 quam
520 1887 672 1928 genere
694 1873 959 1927 distinguitur
979 1880 1102 1929 atque
1125 1888 1248 1915 omne
1269 1874 1481 1922 laudatur,
1515 1876 1627 1930 quod
1648 1875 1690 1915 in
1711 1889 1786 1916 suo
1809 1889 1961 1928 genere

204 1933 434 1989 perfectum
466 1943 556 1978 est:
607 1936 703 1992 quid
736 1936 929 1983 censetis,
980 1938 1013 1977 si
1044 1950 1211 1985 omneS,
1263 1938 1333 1992 qui
1369 1935 1526 1992 ubique
1565 1941 1660 1978 sunt
1698 1943 1767 1977 aut
1796 1937 1963 1978 fuerunt

203 2002 412 2044 oratores,
445 1998 639 2052 amplecti
669 1999 960 2040 voluerimus?
1000 2013 1138 2039 nonne
1169 2000 1277 2047 fore,
1309 2004 1376 2047 ut,
1411 2004 1512 2054 quot
1543 2004 1755 2048 oratores,
1788 1998 1961 2040 totidem

202 2073 333 2113 paene
377 2063 638 2115 reperiantur
681 2076 833 2115 genera
875 2063 1067 2102 dicendi?
1116 2064 1178 2102 Ex
1218 2076 1299 2116 qua
1343 2075 1436 2102 mea
1476 2061 1752 2116 disputatione
1790 2062 1963 2103 forsitan

202 2128 393 2163 occurrat
436 2123 563 2172 illud,
615 2123 647 2165 si
695 2138 827 2177 paene
870 2125 1191 2165 innumerabiles
1238 2126 1317 2165 sint
1361 2125 1476 2178 quasi
1523 2124 1682 2165 formae
1721 2123 1962 2179 figuraeque

152 2201 188 2228 30
204 2185 389 2233 dicendi,
430 2186 567 2240 specie
598 2188 806 2241 dispares,
848 2200 999 2240 genere
1029 2187 1277 2235 laudabiles,
1326 2201 1410 2228 non
1441 2201 1564 2240 posse
1597 2200 1667 2234 ea,
1720 2200 1825 2241 quae
1856 2188 1963 2228 inter

202 2260 246 2287 se
287 2248 546 2300 discrepant,
596 2250 742 2290 iisdem
785 2251 1014 2304 praeceptis
1060 2255 1182 2304 atque
1222 2263 1302 2291 una
1341 2249 1598 2290 institutione
1645 2247 1831 2293 formari.
1892 2251 1959 2290 35.

203 2308 326 2359 Quod
355 2324 439 2350 non
471 2317 532 2352 est
560 2312 639 2359 ita,
690 2311 1087 2368 diligentissimeque
1120 2312 1197 2353 hoc
1230 2317 1291 2352 est
1323 2313 1403 2359 eis,
1447 2312 1515 2367 qui
1547 2313 1766 2353 instituunt
1796 2311 1959 2367 aliquos

201 2379 325 2428 atque
358 2375 577 2423 erudiunt,
617 2373 868 2423 videndum,
912 2389 992 2428 qno
1026 2390 1098 2415 sua
1130 2388 1338 2429 quemque
1368 2379 1514 2414 natura
1546 2375 1725 2415 maxime
1757 2373 1869 2415 ferre
1903 2376 1960 2415 vi-

202 2434 361 2477 deatur.
423 2438 584 2477 Etenim
615 2439 802 2479 videmus
834 2451 883 2478 ex
915 2437 1063 2478 eodem
1095 2439 1211 2492 quasi
1240 2437 1338 2478 ludo
1370 2451 1625 2478 summorum
1656 2438 1699 2477 in
1730 2451 1804 2478 suo
1827 2438 1964 2478 cuius-

153 2515 187 2540 35
204 2513 282 2554 que
313 2512 465 2554 genere
495 2499 698 2541 artificum
731 2506 770 2541 et
799 2500 1088 2554 magistrorum
1120 2501 1253 2541 exisse
1285 2499 1512 2554 discipulos
1543 2498 1763 2540 dissimiles
1789 2499 1896 2540 inter
1918 2514 1962 2540 se

203 2575 249 2602 ac
270 2567 409 2603 tamen
427 2561 675 2611 laudandos,
710 2576 801 2603 cum
824 2565 873 2604 ad
903 2563 1101 2619 cuiusque
1134 2569 1322 2604 naturam
1353 2562 1556 2603 institutio
1591 2562 1771 2604 doctoris
1802 2575 1964 2603 accom-

202 2626 457 2666 modaretur.
527 2627 592 2666 36.
639 2624 762 2666 Cuius
809 2631 871 2666 est
913 2627 980 2666 vel
1026 2626 1205 2666 maxime
1250 2625 1413 2679 insigne
1457 2625 1559 2666 illud
1605 2624 1867 2679 exemplum,
1919 2630 1965 2666 ut

204 2693 363 2728 ceteras
394 2693 504 2729 artes
536 2689 793 2737 omittamus,
842 2690 954 2742 quod
986 2687 1150 2729 dicebat
1180 2690 1403 2736 Isocrates,
1453 2687 1599 2729 doctor
1629 2686 1872 2741 singularis,
1920 2702 1963 2728 se

204 2749 430 2792 calcaribus
469 2752 512 2791 in
552 2752 748 2805 Ephoro,
800 2756 943 2791 contra
985 2757 1121 2792 autem
1160 2753 1203 2791 in
1242 2754 1514 2806 Theopompo
1558 2749 1687 2791 frenis
1718 2749 1779 2791 uti
1810 2749 1960 2791 solere.

154 2825 190 2853 ’.ο
205 2812 385 2854 Alterum
418 2814 525 2854 enim
559 2815 833 2854 exsultantem
863 2815 1089 2854 verborum
1121 2815 1290 2854 audacia
1325 2814 1598 2866 reprimebat.
1646 2813 1822 2853 alterum
1865 2826 1964 2853 eun-

204 2880 382 2916 ctantem
426 2880 465 2916 et
509 2875 624 2930 quasi
668 2878 1014 2917 verecundantem
1058 2874 1267 2917 incitabat.
1326 2878 1468 2930 Neque
1515 2888 1586 2915 eos
1627 2874 1782 2915 similes
1823 2874 1961 2916 effecit

204 2937 312 2978 inter
342 2953 406 2986 se,
438 2937 510 2980 sed
542 2944 699 2980 tantum
730 2939 846 2979 alteri
877 2937 1057 2986 affinxit,
1093 2940 1144 2979 de
1175 2937 1304 2980 altero
1334 2937 1505 2994 limavit,
1540 2942 1585 2978 ut
1604 2938 1646 2978 id
1673 2936 1959 2979 conformaret

301 3078 356 3108 11.
386 3076 429 3117 et]
457 3084 560 3120 atque
587 3079 626 3111 B.
658 3096 696 3102 —
725 3079 780 3110 19.
808 3079 860 3110 his
878 3079 950 3111 BR.
974 3097 1013 3102 —
1039 3079 1095 3110 ⁶20.
1124 3078 1186 3110 Vv.
1208 3087 1313 3118 quam
1337 3079 1377 3109 in
1401 3078 1578 3109 sententiis
1609 3077 1736 3110 delevit
1762 3077 1960 3109 Schotzius.

207 3124 278 3156 Nos
306 3124 533 3156 seclusimus:
580 3130 611 3157 et
635 3127 672 3157 in
695 3127 875 3158 sententiis
901 3127 1064 3168 eligendis
1091 3134 1300 3165 quamquam
1328 3133 1401 3156 eum
1433 3125 1532 3155 labor
1558 3124 1605 3160 B,
1646 3129 1676 3156 et
1713 3125 1751 3156 in
1784 3126 1963 3156 sententiis

209 3171 373 3210 eliqendis
398 3180 504 3210 quam
529 3173 717 3204 Antonium
743 3173 841 3204 labor
865 3174 906 3204 R.
946 3190 986 3195 —
1025 3173 1083 3204 22.
1117 3172 1253 3202 silentio
1280 3174 1311 3202 et
1336 3172 1589 3212 exspectatione
1613 3172 1655 3202 R.
1695 3188 1736 3193 —
1777 3170 1834 3202 23.
1875 3170 1961 3212 tam]

209 3226 317 3249 causa
342 3217 424 3255 (Sic)
451 3219 490 3247 B.
516 3234 557 3241 —
583 3220 640 3250 28.
667 3218 757 3261 mea]
786 3222 823 3251 in
847 3229 888 3251 ea
913 3220 952 3251 B.
985 3237 1021 3242 —
1052 3219 1108 3251 31.
1136 3228 1206 3249 una
1234 3217 1343 3250 Codd.
1373 3220 1439 3250 al.:
1467 3220 1503 3249 in
1528 3226 1601 3249 una
1627 3217 1728 3248 BRE.
1760 3234 1797 3240 —
1825 3218 1964 3249 institu-

211 3261 315 3303 tione]
343 3264 572 3302 disputatione
608 3267 648 3297 R.
689 3282 730 3288 —·
772 3266 828 3298 36.
862 3276 901 3299 ac
936 3271 1051 3298 tamen
1084 3273 1162 3296 cum
1186 3265 1335 3297 Muliero
1363 3265 1456 3297 edidi
1484 3267 1586 3296 etiam
1613 3265 1708 3302 prius
1737 3271 1776 3295 ex
1803 3263 1865 3296 Ox.
1894 3274 1962 3296 uno

214 3315 248 3342 et
275 3310 456 3342 Goerenzii
485 3310 643 3353 Cod.(?)‚
681 3315 762 3344 item
790 3314 844 3345 T:
873 3316 1028 3345 attamen
1053 3312 1157 3343 BRE.
1191 3328 1228 3334 —
1257 3312 1313 3343 39.
1344 3313 1380 3344 in
1404 3317 1483 3344 ante
1510 3312 1650 3352 Ephoro
1677 3319 1746 3342 om.
1767 3309 1807 3341 B.
1834 3327 1878 3332 -
1903 3311 1961 3344 40.

212 3360 409 3389 comantem
435 3356 478 3389 R.
508 3374 544 3380 —
572 3359 630 3393 41.
659 3358 736 3399 feeit
759 3360 800 3394 B.
828 3375 864 3384 —
890 3360 948 3392 42.
976 3360 1196 3402 confirmaret
1221 3358 1292 3392 BR.
