2117 3762
750 276 850 316 LIB.
883 274 915 315 Ι.
978 273 1022 314 C.
1057 275 1123 317 35.
1157 276 1224 317 30.
1259 276 1326 317 37.
1825 277 1901 318 201

156 385 339 431 veniam,
373 384 591 431 Scaevola,
625 379 696 429 da;
731 380 907 436 pertire,
944 387 985 421 ut
1017 383 1184 423 Crassus
1215 385 1338 429 haec,
1372 394 1476 436 quae
1509 381 1733 422 coaretavit
1754 385 1793 421 ot
1813 395 1907 435 per-

156 453 326 499 anguste
358 448 523 488 refersit
556 448 595 487 iu
625 444 812 485 oratione
843 459 940 492 sua,
976 445 1114 486 dilatet
1136 446 1253 485 nobis
1276 450 1397 498 atque
1429 443 1622 497 explicet.
1690 445 1781 484 164..
1817 445 1903 494 Ego

155 509 411 554 mehercule,
445 508 577 563 inquit
606 509 784 554 Mucius,
820 513 935 547 antea
968 515 1102 549 vestra
1133 508 1261 559 magis
1295 509 1373 546 lioe
1404 520 1525 548 eausa
1556 505 1747 548 volebam
1779 520 1902 560 quam

153 584 260 612 mea.
324 574 464 625 Neque
495 570 602 611 euim
635 575 745 610 tanto
778 583 903 624 opere
926 570 1025 611 haue
1048 586 1070 611 a
1093 572 1239 611 Crasso
1262 570 1578 623 disputationem
1603 567 1904 615 desiderabam,

155 640 308 688 quanto
340 647 466 687 opere
499 633 586 674 eius
617 631 658 673 in
689 634 820 673 causis
852 633 1039 673 oratioue
1070 632 1271 679 delector-3
1317 646 1423 672 nune
1457 645 1573 678 vero,
1608 631 1779 677 Crasse,
1813 643 1903 670 mea
1923 646 1937 672 3

154 710 320 752 quoque
361 698 482 737 etiam
522 708 643 735 eausa
679 708 800 746 rogo,
850 702 892 735 ut
923 695 1115 750 quoniam
1148 701 1302 735 tantum
1334 696 1534 735 habemus
1565 694 1661 742 otii,
1708 699 1904 750 quantum

153 758 308 800 iamdiu
363 758 481 800 uobis
533 771 616 798 non
659 757 850 811 contigit,
903 772 954 798 ne
1000 756 1183 811 graveris
1223 757 1493 798 exaedificare
1536 756 1576 798 id
1617 770 1741 812 opuS‚
1793 756 1904 811 quod

153 823 376 863 instituisti.
433 822 624 860 Formam
656 822 763 860 enim
796 822 920 861 totius
952 821 1104 872 negotii
1135 820 1330 874 opinione
1369 821 1584 860 meliorem
1624 819 1908 872 maioremque

152 886 300 934 vide03
334 896 455 939 quam
486 883 752 923 vehementer
781 885 930 937 probo.
991 884 1182 923 XXXVI.
1219 885 1312 924 165.
1347 882 1593 929 Enimvero,
1627 880 1759 936 inquit
1791 881 1910 921 Cras-

153 960 242 994 sus,
290 945 431 986 mirari
462 944 559 986 satis
591 960 672 986 non
703 959 810 1000 queo
840 945 962 986 etiam
995 952 1032 987 te
1064 948 1191 993 haee,
1236 944 1455 991 Scaevola,
1497 944 1757 993 desiderare,
1803 955 1959 999 quaem

151 1021 287 1062 neque
318 1019 395 1060 ego
426 1011 571 1053 teneo,
611 1007 669 1048 uti
702 1007 752 1055 ii,
797 1008 867 1062 qui
898 1010 1071 1056 doeent3
1119 1020 1255 1061 neque
1287 1013 1380 1047 sunt
1411 1007 1500 1048 eius
1531 1007 1721 1062 generis,
1766 1010 1831 1054 ut,
1874 1006 1908 1046 si

151 1072 308 1124 optime
349 1075 560 1117 tenerem,
614 1068 736 1121 digna
774 1076 910 1110 essent
948 1069 1024 1111 ista
1060 1070 1257 1124 sapientia
1297 1083 1342 1109 ae
1375 1070 1453 1110 tuis
1485 1070 1667 1110 auribus.
1725 1067 1804 1109 Ain
1836 1070 1908 1108 tu?

150 1133 284 1187 inquit
312 1131 398 1173 ille.
462 1132 503 1171 Si
542 1130 591 1171 de
633 1131 720 1172 istis
761 1131 1048 1173 communibus
1079 1138 1118 1173 et
1148 1134 1380 1187 pervagatis
1426 1133 1496 1174 vix
1534 1132 1632 1174 huic
1671 1131 1794 1174 aetati
1834 1145 1906 1172 au-

150 1193 347 1235 diendum
376 1199 519 1249 putas,
553 1194 729 1234 etiamne
760 1194 828 1235 illa
859 1194 1071 1248 negligere
1104 1208 1343 1249 possumus,
1377 1209 1482 1251 quae
1514 1201 1557 1236 tu
1578 1196 1731 1237 oratori
1755 1207 1908 1248 cogno-

149 1259 301 1298 scenda
332 1271 422 1297 esse
454 1254 614 1302 dixisti,
648 1257 698 1296 de
730 1257 885 1297 naturis
915 1257 1154 1305 hominum,
1189 1257 1239 1298 de
1272 1259 1480 1305 moribus,
1514 1260 1564 1299 de
1595 1255 1824 1298 rationibus
1846 1257 1957 1303 iis‚1s

150 1318 301 1373 quibus
332 1319 547 1359 hominum
579 1324 738 1359 mentes
772 1325 811 1360 et
841 1319 1110 1361 incitarentur
1150 1325 1190 1360 et
1231 1322 1576 1376 reprimerentur,
1628 1321 1678 1360 de
1716 1319 1902 1366 historia,

151 1384 202 1423 de
234 1381 501 1437 antiquitate,
535 1384 586 1423 de
618 1382 972 1424 administratione
1004 1381 1065 1422 rei
1095 1383 1312 1435 publicae,
1354 1381 1533 1438 denique
1563 1385 1614 1423 de
1644 1387 1786 1423 nostro
1820 1381 1908 1434 ipso

148 1444 238 1486 iure
276 1445 410 1485 civili?
461 1446 576 1485 llanc
616 1446 725 1485 enim
766 1459 844 1499 ego
887 1458 1052 1486 omnem
1086 1444 1300 1486 scientiam
1333 1451 1372 1485 et
1403 1447 1566 1498 copiam
1597 1459 1735 1487 rerum
1768 1447 1806 1485 in
1841 1450 1908 1484 tua

148 1506 367 1563 prudentia
412 1506 591 1548 sciebam
636 1509 798 1557 iuesse;
851 1507 893 1549 in
938 1509 1117 1549 oratoris
1163 1521 1263 1549 vero
1310 1507 1584 1550 instrumento
1633 1515 1714 1550 tam
1757 1507 1908 1549 lautam

149 1571 450 1622 supellectilem
481 1584 690 1625 nunquam
721 1570 923 1612 videram.
1921 1581 1958 1607 20

236 1614 354 1674 JTGG.
405 1634 527 1674 Potes
558 1633 707 1687 igitur,
757 1634 891 1689 inquit
922 1635 1117 1682 Crassus,
1173 1631 1232 1687 (ut
1261 1633 1340 1675 alia
1372 1636 1558 1676 omittam
1592 1632 1909 1675 innumerabilia

150 1701 190 1737 et
219 1697 418 1737 immensa
449 1702 489 1737 et
518 1698 569 1737 ad
603 1698 735 1752 ipsum
767 1703 882 1737 tuum
914 1698 977 1737 ius
1009 1696 1128 1738 civile
1161 1696 1370 1751 veniam,)
1413 1703 1601 1739 oratores
1632 1703 1775 1752 putare
1807 1710 1904 1744 eOS‚

149 1771 252 1814 quos
274 1760 422 1799 multas
451 1758 574 1800 horas
603 1760 876 1814 exspectavit,
909 1774 1001 1799 cum
1032 1759 1073 1800 in
1105 1773 1294 1815 campum
1325 1766 1591 1815 properaret,
1626 1765 1666 1801 et
1694 1760 1834 1801 ridens
1865 1764 1906 1800 et

148 1822 409 1861 stomachans
440 1822 662 1869 Scaevola,
696 1836 787 1861 eum
815 1823 1029 1877 Hypsaeus
1061 1823 1237 1864 maxima
1270 1837 1393 1871 voce,
1429 1822 1616 1878 plurimis
1638 1822 1776 1864 verbis
1805 1836 1826 1863 a
1849 1824 1903 1863 M.

149 1882 296 1923 Crasso
319 1887 510 1937 praetore
532 1885 821 1930 contenderet,
843 1890 888 1924 ut
910 1883 969 1931 ei,
995 1899 1117 1939 quem
1140 1885 1410 1934 defendebat,
1433 1899 1553 1927 eausa
1576 1885 1725 1926 cadere
1747 1885 1902 1932 liceret,
1919 1900 1956 1927 25

150 1946 220 1986 Cn.
244 1950 380 1986 autem
413 1946 626 1993 Octavius,
677 1948 803 1987 homo
835 1946 1088 1996 consularis,
1138 1962 1221 1989 non
1253 1948 1386 1989 minus
1417 1947 1540 2002 longa
1570 1949 1758 1989 oratione
1791 1962 1907 1987 reeu-

147 2012 280 2055 saret,
330 2022 383 2049 ne
424 2007 684 2050 adversarius
724 2023 845 2049 causa
884 2011 1051 2051 caderet
1089 2023 1136 2051 ae
1175 2024 1225 2051 ne
1266 2012 1323 2059 is,
1374 2024 1451 2065 pro
1492 2024 1574 2066 quo
1605 2012 1693 2064 ipse
1725 2009 1906 2056 diceret,

146 2071 258 2125 turpi
290 2069 441 2111 tutelae
467 2070 620 2112 iudicio
653 2078 775 2127 atque
807 2072 922 2114 omni
952 2074 1142 2114 molestia
1174 2074 1343 2114 stultitia
1375 2075 1600 2114 adversarii
1634 2073 1908 2113 liberaretur?

150 2134 242 2176 167.
274 2134 361 2184 Ego
390 2146 491 2174 vero
523 2135 651 2183 istos,
684 2134 840 2190 inquit,
877 2136 1065 2186 (memini
1097 2135 1207 2177 enim
1237 2135 1337 2177 mihi
1368 2149 1538 2177 narrare
1570 2137 1794 2185 Mucium,)
1828 2148 1910 2175 non

147 2194 272 2237 modo
310 2195 487 2237 oratoris
529 2196 696 2237 nomine
731 2199 803 2238 sed
835 2211 885 2238 ne
916 2196 1008 2239 soro
1039 2199 1205 2254 quidem
1237 2197 1383 2253 dignos
1413 2201 1606 2254 putarim.
1670 2197 1789 2254 Atqui
1823 2210 1961 2238 nonso

148 2257 278 2299 defuit
306 2257 386 2298 illis
417 2257 628 2311 patronis,
663 2259 795 2314 inquit
827 2262 1023 2309 Crassus,
1068 2260 1305 2315 eloquentia
1336 2275 1471 2316 neque
1502 2261 1665 2301 dicendi
1697 2262 1800 2301 ratio
1834 2264 1904 2299 aut

149 2321 269 2375 copia
310 2318 382 2360 sed
428 2321 527 2361 iuris
569 2322 701 2362 civilis
740 2322 934 2364 seientia:
986 2325 1098 2379 quod
1139 2323 1242 2364 alter
1282 2323 1374 2379 plus
1404 2324 1495 2379 lege
1528 2326 1688 2378 agendo
1718 2321 1906 2378 petebat,

148 2397 270 2439 quam
302 2387 499 2437 quantum
530 2383 597 2425 lex
629 2386 669 2425 in
714 2387 805 2427 XII.
837 2385 987 2426 tabulis
1025 2386 1289 2441 pern1iserat3
1340 2389 1452 2442 quod
1492 2402 1585 2427 cum
1626 2385 1906 2440 impetrasset,

149 2459 273 2487 causa
304 2447 492 2486 caderet:
534 2447 638 2487 alter
668 2447 856 2501 iniquum
888 2447 1058 2501 putabat
1090 2448 1181 2502 plus
1212 2463 1352 2490 seeum
1384 2450 1472 2504 agi,
1505 2462 1625 2504 quam
1658 2449 1769 2503 quod
1801 2450 1909 2487 esset

147 2509 190 2549 in
227 2507 411 2559 aetione;
461 2522 595 2563 neque
634 2509 915 2564 intelligebat,
965 2512 997 2551 si
1037 2511 1093 2551 ita
1130 2516 1237 2552 esset
1277 2517 1435 2560 aetum,
1482 2511 1595 2553 litem
1626 2508 1956 2552 adversarium³3

146 2570 421 2627 perditurum.
482 2573 694 2613 XXXVII.
731 2574 823 2613 168.
876 2574 1011 2622 Quid?
1061 2573 1124 2614 his
1156 2573 1296 2627 paucis
1328 2575 1476 2615 diebus
1508 2588 1667 2622 nonne,
1713 2572 1834 2613 nobis
1865 2570 1908 2612 in

148 2633 343 2675 tribunali
387 2635 438 2684 Q.
477 2634 688 2688 Pompeii,
737 2636 938 2689 praetoris
977 2637 1149 2685 urbani,
1198 2636 1411 2678 familiaris
1452 2638 1601 2684 nostri,
1647 2634 1905 2684 sedentibus,

148 2697 275 2738 homo
308 2709 359 2737 ex
390 2711 564 2739 numero
598 2696 846 2738 disertorum
878 2697 1132 2752 postulabat,
1173 2704 1218 2739 ut
1247 2699 1327 2746 illi,
1368 2697 1476 2739 unde
1508 2704 1742 2752 peteretur,
1791 2703 1906 2738 vetus

149 2765 272 2814 atque
310 2758 459 2802 usitata
503 2760 696 2816 exceptio
737 2762 926 2810 daretur,
982 2773 1111 2803 cvws
1150 2753 1360 2809 PEcvruAE
1400 2774 1498 2803 mus
1537 2764 1743 2803 FVISSET?
1794 2761 1907 2814 quod

242 2939 275 2972 3.
303 2940 438 2973 Mucius
464 2950 531 2974 om.
560 2942 599 2974 B.
631 2959 670 2965 —
696 2942 731 2975 7.
759 2944 903 2985 contigit
926 2943 952 2974 B
979 2944 1129 2984 aliique,
1158 2945 1209 2976 R:
1239 2945 1411 2984 continqit
1439 2944 1475 2974 E.
1507 2959 1545 2965 —
1573 2950 1719 2982 {Ji-avere
1745 2942 1805 2983 Lg.
1834 2942 1904 2980 ple-

149 2990 251 3028 rique
278 2992 312 3020 et
338 2988 380 3019 R.
411 3004 450 3010 —
475 2988 509 3020 8.
535 2989 709 3021 meliorem
734 2992 966 3031 maioremque
992 2991 1102 3022 Codd.
1132 2992 1314 3023 meliores:
1342 2992 1510 3022 maiorem
1533 2989 1773 3029 melioremque
1799 2989 1902 3020 BRE.

151 3051 191 3058 —
219 3035 274 3067 11.
301 3033 367 3075 uti]
395 3039 435 3066 ut
461 3034 571 3067 Codd.
598 3045 655 3069 sex
681 3037 774 3076 apud
804 3038 1014 3069 Ellendtium
1042 3043 1147 3076 atque
1175 3038 1277 3070 liuius
1305 3046 1445 3076 operae.
1475 3053 1511 3058 —
1541 3036 1575 3066 Ιιὶ
1601 3035 1641 3067 R.
1664 3052 1705 3058 —
1733 3036 1789 3066 12.
1819 3036 1907 3076 opti-

148 3090 206 3114 ma
233 3081 272 3112 13.
305 3098 341 3104 —-
382 3081 438 3112 An
465 3082 506 3112 R.
545 3099 583 3105 ·-
622 3083 678 3114 15.
705 3084 756 3115 his
782 3084 824 3115 R.
866 3101 904 3107 --
951 3084 1006 3115 16.
1035 3086 1227 3116 'Incitantur
1252 3089 1281 3117 et
1308 3086 1542 3123 reprimuntur
1568 3082 1610 3113 R.
1652 3099 1687 3105 —
1732 3083 1788 3113 17.
1827 3084 1904 3123 ipso

148 3131 270 3160 nostro
296 3128 338 3159 R.
369 3144 406 3151 —-
449 3128 507 3159 22.
535 3132 566 3160 et
591 3134 630 3160 ut
657 3129 704 3159 ad
728 3131 771 3162 R.
798 3148 840 3153 —-
882 3132 936 3162 ius
963 3131 1061 3162 civile
1088 3136 1188 3162 tunm
1214 3132 1239 3162 B
1256 3155 1264 3169 ‚
1292 3131 1386 3162 civile
1411 3131 1464 3160 ius
1489 3134 1585 3160 tumn
1613 3129 1653 3160 R.
1681 3146 1719 3152 —
1762 3128 1819 3160 23.
1849 3138 1905 3160 es:-

148 3176 301 3215 spectavi
327 3175 367 3206 R.
398 3189 436 3194 —
460 3183 685 3214 properarem
712 3177 754 3208 R.
784 3194 823 3200 —
860 3178 917 3210 25.
941 3182 1044 3218 pater
1071 3178 1259 3210 ostenderet
1284 3175 1358 3216 (sie)
1387 3177 1425 3207 B.
1457 3192 1492 3198 —
1535 3175 1591 3207 28.
1620 3176 1790 3214 turpicula
1816 3175 1905 3206 iudi-

149 3223 202 3253 cio
227 3221 299 3253 BR.
330 3239 365 3244 —
395 3220 450 3252 29.
478 3222 589 3260 inquit
615 3231 685 3253 non
707 3227 793 3262 pulo
818 3226 956 3256 memini
985 3224 1009 3254 B
1027 3248 1035 3261 ‚
1069 3225 1179 3265 inquit
1208 3229 1365 3255 oratores
1389 3231 1461 3253 non
1483 3225 1591 3262 puto:
1629 3224 1767 3254 memini
1794 3223 1831 3254 R.
1861 3237 1904 3243 —-

150 3268 207 3300 30·
234 3276 277 3299 πθ
301 3277 370 3300 0¹¹¹·
398 3268 437 3298 Β·
468 3268 624 3305 (Retinet
650 3268 707 3306 Β.)
733 3286 772 3292 -
800 3271 926 3310 defluos
950 3272 1010 3301 viz·
1036 3271 1106 3301 BR.
1137 3287 1173 3293 -
1200 3276 1360 3310 putarem
1385 3269 1435 3306 B,
1460 3272 1586 3307 putare
1612 3268 1655 3300 R.
1689 3286 1723 3291 —
1753 3269 1809 3300 31.
1837 3267 1904 3299 elo-

151 3316 310 3355 quentia,
338 3315 454 3355 inquit
480 3313 623 3345 Crassus
648 3315 692 3346 R.
722 3333 759 3338 —
788 3316 844 3348 32.
872 3318 1019 3350 scientia
1045 3317 1155 3348 Codd.
1184 3318 1227 3348 al.
1247 3340 1255 3353 ,
1284 3317 1332 3347 R:
1356 3316 1548 3355 prudentia
1573 3315 1642 3347 BE.
1673 3315 1741 3348 Cir.
1769 3313 1806 3356 §-
1835 3314 1902 3347 172

151 3365 186 3395 et
210 3361 289 3394 175.
318 3377 359 3384 —
386 3362 442 3395 34.
471 3365 555 3395 esset
579 3361 606 3394 B
632 3362 762 3405 aliique
779 3386 788 3403 ‚
814 3363 868 3396 R:
897 3369 971 3398 erat
997 3364 1039 3397 R.
1070 3380 1108 3386 -
1137 3363 1193 3395 36.
1221 3361 1286 3405 liis]
1313 3363 1352 3394 in
1376 3362 1426 3403 B,
1453 3363 1489 3397 in
1514 3362 1565 3396 liis
1591 3363 1631 3394 E.
