2117 3762
681 260 776 298 LlB.
813 259 880 299 ΙΙΙ.
942 258 983 302 C.
1015 260 1083 299 20.
1123 260 1190 300 21.
1225 262 1290 300 22.
1803 266 1855 304 127

108 361 198 403 loco
237 363 486 404 constituere
525 367 688 416 oportet
718 377 863 403 manus
894 366 942 404 ad
977 364 1133 405 caelum
1168 365 1378 406 tollentem
1410 365 1663 412 Domitium,
1716 379 1806 407 cum
1837 381 1857 406 a

108 425 287 475 Regibus
319 426 480 466 Marciis
510 425 610 466 loris
641 425 847 466 caedatur.
913 428 999 466 llo(-
1040 428 1147 475 erit,
1202 430 1287 467 lam
1317 429 1752 480 domuitionenkreyes.
1818 430 1858 468 ln

106 486 238 527 altero
270 487 360 528 loco
392 491 598 543 Aesopum
630 493 669 527 et
701 488 912 528 Cimbrum
946 489 973 539 ἦ*
1020 488 1237 530 subornari
1272 489 1550 543 lpbigenimn,
1590 492 1860 541 Agamemno-

107 562 200 589 nem
233 556 272 590 et
302 549 544 590 Menelaum.
608 551 696 589 lloc
726 552 805 590 erit
825 582 833 595 ,
867 552 1029 590 Atridae
1055 559 1217 604 parant.
1294 554 1379 591 lloc
1410 551 1533 592 modo
1565 551 1701 593 omnia
1733 554 1857 592 verba

107 618 226 652 erunt
258 626 467 665 expressa.
531 614 611 651 Sed
644 614 745 652 baec
776 612 996 663 imaginum
1029 612 1301 653 conformatio
1334 619 1417 654 tum
1451 613 1555 654 valet
1575 646 1585 662 ,
1633 614 1666 654 si
1698 621 1890 655 natura-⁵

107 673 187 715 lem
220 674 462 715 memoriam
494 674 879 715 exsuscitavei-imus
911 674 984 714 buc
1014 676 1223 715 notatione
1244 707 1253 723 ,
1302 681 1366 723 ut,
1421 690 1538 716 versu
1571 676 1730 730 posito,
1787 676 1863 728 ipsi

109 738 323 777 nobiscum
361 739 538 789 primum
586 742 839 776 transeamus
882 737 943 777 bis
986 743 1054 777 aut
1101 743 1162 776 ter
1207 752 1299 777 eum
1349 753 1535 784 versum,
1588 737 1737 778 deinde
1770 751 1863 777 cum

108 797 356 849 imaginibus
387 799 512 838 verba
543 798 835 850 exprimamus.
899 802 987 839 lloc
1018 798 1143 839 modo
1174 806 1341 839 naturae
1363 800 1635 853 suppeditabit
1660 800 1860 841 doctrina.

108 860 136 911 ἦ·
160 862 258 900 Nam
301 866 475 913 utraque.
515 860 640 901 altera
679 869 867 914 separatu
907 861 1042 902 minus
1079 863 1158 901 erit
1200 862 1340 909 lirina,
1394 863 1447 902 ila
1481 869 1613 903 tamen
1654 870 1696 904 ut
1737 862 1864 903 multo

106 922 195 976 plus
226 921 267 962 in
299 923 488 963 doctrina
519 929 640 978 atque
672 930 757 963 arte
793 924 984 976 praesidii
1016 924 1079 964 sil.
1140 923 1259 972 Quod
1293 926 1442 964 (locere
1475 940 1554 965 non
1580 940 1861 977 gravaremur,
1882 936 1914 959 ¹0

106 983 150 1024 ni
181 990 481 1032 metueremus,
517 999 567 1024 ue
590 1017 598 1032 ‚
633 1001 724 1026 cum
757 988 806 1026 ab
840 986 1024 1026 instituto
1056 992 1198 1026 nostro
1221 986 1532 1027 recessissemus
1553 1019 1562 1035 ‚
1598 989 1731 1029 minus
1754 1002 1865 1030 com-

107 1045 228 1087 mode
259 1053 495 1088 servaretur
525 1050 624 1088 baec
654 1048 831 1088 dilucida
863 1047 1040 1088 brevitas
1072 1048 1392 1102 praeceptionis,

218 1111 285 1150 25.
318 1112 454 1156 Nunc,
487 1110 682 1164 quoniam
714 1110 819 1151 solet
849 1109 1058 1155 accidere,
1090 1116 1135 1151 ut
1165 1110 1363 1163 imagines
1393 1111 1542 1166 partim
1574 1111 1714 1153 lirmae
1747 1119 1785 1154 et
1816 1115 1865 1155 ad

105 1170 356 1213 monendum
388 1171 562 1213 idoneae
595 1173 698 1220 sint,
730 1173 876 1227 partim
909 1171 1139 1213 imbecillae
1172 1179 1211 1213 et
1242 1173 1453 1221 inlirmae,
1485 1188 1589 1229 quae
1620 1175 1688 1215 vix
1711 1189 1868 1216 memo-

105 1234 209 1275 riam
239 1234 398 1289 possint
429 1234 636 1283 excitare,
679 1249 758 1290 qua
790 1236 840 1275 de
871 1248 993 1275 causa
1023 1241 1244 1290 utrumque
1276 1235 1363 1283 liat,
1407 1236 1750 1278 considerandum
1783 1245 1914 1287 est;1⁵

105 1302 172 1344 ut,
204 1296 365 1349 cognita
398 1311 541 1343 causa,
583 1311 683 1352 quas
715 1297 888 1339 vitemus
920 1304 959 1338 et
991 1312 1090 1353 quas
1121 1311 1345 1353 sequamur
1374 1298 1596 1351 imagines,
1639 1299 1743 1340 scire
1773 1313 1869 1354 pos-

107 1358 248 1400 simus.
309 1361 438 1402 XXH.
469 1362 598 1400 Docet
629 1359 755 1413 igitur
786 1374 860 1400 nos
890 1360 977 1414 ipsa
1018 1365 1183 1407 natura,
1231 1361 1328 1415 quid
1374 1367 1565 1415 oporteat
1607 1359 1708 1402 lieri.
1769 1364 1869 1402 Nam

107 1422 140 1463 si
172 1435 273 1477 quas
303 1435 371 1462 res
401 1421 442 1462 in
474 1421 555 1463 vita
586 1421 775 1462 videmus
805 1436 975 1477 parvas,
1007 1422 1200 1469 usitatas,
1233 1422 1513 1477 quotidianas,
1546 1436 1613 1463 eas
1636 1419 1870 1464 meminisse

107 1498 190 1525 non
221 1484 428 1533 solemus;
468 1489 691 1539 propterea
722 1484 834 1539 quod
865 1484 972 1526 nulla
1004 1484 1081 1525 nisi
1111 1494 1217 1524 nova
1248 1490 1318 1525 aut
1348 1484 1579 1526 admirabili
1611 1499 1656 1526 re
1689 1499 1870 1527 commo-

106 1552 228 1588 vetur
257 1546 426 1588 animus.
485 1551 535 1587 At
564 1546 597 1588 si
629 1546 727 1601 quid
760 1549 945 1588 videmus
976 1552 1045 1587 aut
1076 1546 1264 1587 audimus
1296 1548 1463 1601 egregie
1495 1555 1615 1603 turpe
1646 1554 1714 1589 aut
1741 1550 1870 1590 hone-
1884 1561 1918 1585 το

109 1615 242 1657 stum,
287 1609 551 1656 inusitatum,
592 1622 810 1664 magnum,
851 1609 1114 1656 incredibile,
1156 1609 1398 1657 ridiculum,
1443 1610 1484 1651 id
1523 1610 1592 1652 diu
1632 1610 1870 1652 meminisse

109 1670 416 1712 consuevimus.
495 1672 679 1724 Itemque
720 1685 819 1726 quas
864 1685 932 1712 res
970 1678 1062 1712 ante
1103 1685 1176 1712 ora
1219 1671 1408 1713 videmus
1457 1679 1528 1714 aut
1574 1675 1683 1728 quod
1725 1686 1871 1714 recens

109 1733 364 1780 audivimus,
397 1732 683 1774 obliviscimur
712 1734 980 1788 plerumque;
1022 1748 1126 1789 quae
1158 1734 1396 1776 acciderunt
1426 1734 1466 1775 in
1496 1736 1696 1789 pueritia,
1729 1736 1872 1777 memi-

109 1798 243 1836 nimus
273 1795 428 1850 optime
460 1809 604 1850 saepe;
656 1810 730 1836 nec
773 1796 849 1837 boc
889 1797 965 1837 alia
997 1797 1047 1838 de
1078 1810 1197 1837 causa
1228 1804 1362 1852 potest
1392 1798 1603 1847 accidere,
1649 1797 1729 1839 nisi
1760 1802 1869 1852 quod

108 1857 283 1899 usitatae
312 1872 381 1900 res
411 1857 530 1899 facile
561 1872 583 1899 e
613 1859 815 1900 memoria
847 1858 1087 1906 elabuntur,
1139 1858 1317 1913 insignes
1357 1866 1395 1900 el
1426 1873 1557 1901 novae
1588 1866 1752 1901 manent
1781 1860 1920 1902 diu—2⁵

110 1921 202 1963 tius.
263 1922 330 1963 36.
384 1920 490 1961 Solis
531 1927 722 1967 exortus,
769 1934 935 1968 cursus,
982 1934 1150 1962 occasus
1190 1934 1311 1962 nemo
1353 1921 1601 1970 admiratur,
1652 1928 1871 1977 propterea

111 1982 224 2039 quod
253 1982 440 2038 quotidie
471 1981 598 2031 fiunt;
645 1988 685 2023 at
715 1983 886 2038 eclipses
917 1983 1015 2024 solis
1046 1986 1275 2031 mirantur,
1323 1984 1419 2038 quia
1448 1998 1546 2025 raro
1576 1984 1789 2033 accidunt,
1833 1990 1874 2026 et

111 2045 210 2087 solis
241 2044 412 2100 eclipses
443 2045 574 2099 magis
604 2045 808 2087 mirantur
837 2059 960 2101 quam
990 2045 1130 2093 lunae,
1162 2052 1386 2100 propterea
1409 2049 1519 2101 quod
1543 2046 1617 2087 hae
1639 2045 1873 2088 crebriores

111 2112 220 2149 sunt.
281 2110 412 2149 Docet
441 2121 543 2162 crgo
574 2122 617 2150 se
648 2114 793 2150 natura
823 2108 983 2163 vulgari
1013 2114 1053 2149 et
1081 2110 1226 2149 usitata
1257 2121 1303 2148 rc
1334 2121 1416 2149 non
1447 2108 1712 2158 exsuscitari,
1756 2109 1874 2151 novi-

111 2175 194 2212 tate
224 2175 264 2211 οἱ
293 2169 444 2224 insigni
474 2169 654 2225 quodam
684 2170 852 2225 negotio
883 2169 1153 2212 commoveri.
1216 2170 1404 2212 Imitetur
1433 2185 1499 2212 ars
1530 2171 1656 2225 igitur
1686 2177 1871 2213 naturam
1888 2185 1922 2211 30

113 2239 176 2281 et,
223 2232 335 2289 quod
377 2246 424 2274 ea
454 2232 686 2282 desiderat,
736 2233 944 2283 inveniat3
992 2232 1104 2287 quod
1143 2233 1346 2282 ostendit,
1396 2240 1605 2288 sequatur.
1665 2234 1774 2275 Nihil
1815 2241 1875 2275 est

114 2296 249 2345 enim,
296 2294 409 2351 quod
449 2302 517 2337 aut
554 2301 701 2337 natura
733 2302 965 2338 extremum
994 2295 1198 2337 invenerit
1228 2302 1298 2337 aut
1328 2295 1515 2338 doctriua
1544 2295 1752 2351 primum;
1800 2299 1872 2337 sed

113 2371 255 2400 rerum
285 2357 488 2414 principia
518 2356 569 2399 ab
600 2357 766 2411 ingenio
796 2358 982 2414 prosecta
1013 2363 1134 2407 sunt,
1185 2356 1253 2412 [et]
1287 2358 1423 2400 exitus
1455 2358 1668 2414 disciplina
1711 2372 1874 2413 compa—

115 2426 269 2463 rantur.
332 2423 398 2461 37.
453 2422 656 2474 Imagines
702 2421 830 2476 igitur
873 2435 949 2463 nos
987 2420 1028 2462 in
1067 2435 1118 2463 eo
1157 2434 1309 2475 genere
1354 2421 1606 2463 constituere
1650 2420 1870 2476 oportebit,

116 2485 228 2540 quod
259 2496 390 2538 genus
421 2496 587 2524 manere
618 2483 659 2524 in
690 2484 892 2526 memoria
923 2483 1149 2525 diutissime
1180 2489 1327 2538 potest.
1390 2483 1435 2525 Id
1465 2483 1644 2531 accidet,
1688 2483 1722 2524 si
1753 2496 1871 2538 quam
1889 2496 1923 2522 35

115 2545 295 2587 maxime
326 2550 483 2587 notatas
513 2544 800 2588 similitudines
832 2546 1149 2596 constituemus;
1183 2548 1215 2587 si
1246 2560 1329 2588 non
1359 2552 1493 2588 mutas
1525 2559 1598 2588 nec
1628 2559 1771 2601 vagas,
1802 2547 1874 2587 sed

209 2654 243 2685 2.
272 2654 417 2695 Reqibus
435 2653 621 2686 Graevius:
650 2654 784 2694 reslibus
810 2663 885 2686 cum
914 2653 1025 2686 Codd.
1056 2655 1096 2686 E.
1122 2670 1160 2676 —
1188 2653 1222 2685 3.
1249 2654 1437 2685 subornari
1454 2654 1653 2685 PABFRT:
1682 2654 1875 2685 subornare

118 2701 158 2732 E.
209 2701 320 2732 Locus
347 2705 399 2732 eu
426 2701 650 2740 desperatus:
679 2704 879 2732 varietatem
908 2702 984 2733 vide
1012 2704 1044 2732 in
1064 2701 1528 2739 Graevi0·0udend0rpiana
1554 2704 1637 2733 etin
1661 2701 1873 2740 Programm.

120 2747 239 2779 Turic.
269 2756 300 2778 a.
329 2746 453 2783 1844..
482 2758 521 2780 ex
547 2757 614 2787 qua
642 2746 783 2779 sortasse
812 2748 876 2779 boc
904 2748 1038 2787 prodit:
1079 2749 1268 2779 subornari
1292 2749 1328 2778 in
1355 2748 1571 2787 lphiyeniam
1596 2745 1875 2786 (immolandam)

120 2804 142 2825 a
169 2794 355 2826 Calchante
379 2795 668 2833 Aqamemnonem
686 2799 716 2826 ec
734 2794 940 2826 Menelaum.
969 2794 1210 2834 (subornatum
1236 2797 1376 2834 aventes
1402 2795 1616 2833 lphiyeniam
1640 2792 1818 2833 Lindem.)
1835 2809 1875 2816 —

121 2840 154 2871 8.
182 2841 460 2881 suppeditabatur
486 2842 589 2879 PAF,
618 2840 657 2872 L.
698 2857 736 2863 —
775 2842 808 2873 9.
836 2842 924 2873 Nam
961 2840 1043 2881 cet.]
1086 2842 1150 2872 llic
1177 2850 1316 2880 quaque
1345 2841 1438 2872 locus
1473 2845 1613 2880 propter
1646 2841 1876 2879 multiplicem

122 2887 200 2920 lect.
230 2889 428 2919 varietatem
457 2897 594 2928 prorsus
622 2889 773 2920 incertus
793 2892 854 2919 est.
909 2888 951 2919 Ut
976 2897 1058 2926 nos,
1088 2888 1137 2919 E:
1167 2887 1226 2919 sed
1248 2887 1311 2918 suit
1329 2892 1408 2918 aut:
1436 2897 1518 2918 nam
1535 2890 1681 2927 utraque
1699 2887 1741 2918 ab
1761 2887 1877 2918 altera

122 2938 292 2974 separata
316 2935 430 2964 minus
453 2935 519 2966 erit
542 2934 664 2976 fir'mcm
702 2938 780 2965 aut:
819 2943 903 2964 nam
929 2939 1074 2974 utraque
1098 2944 1140 2966 θα)
1165 2932 1236 2971 (ab)
1261 2934 1371 2964 altera
1392 2937 1522 2972 parata
1547 2933 1662 2972 maqis
1687 2935 1750 2965 eric
1775 2934 1878 2974 firma

123 2981 200 3012 Sch.
216 3004 224 3018 ,
252 2979 304 3011 vel
328 2981 442 3011 minus
467 2982 532 3011 erit
558 2982 720 3023 infirma;
749 2985 828 3012 aut:
855 2990 940 3012 nam
963 2987 1110 3021 utraque
1130 2982 1457 3023 alterircomparata
1481 2977 1658 3019 (yepaart)
1682 2982 1794 3019 maqis
1812 2981 1878 3010 erit

122 3028 223 3069 firma
248 3025 469 3066 (comparata
494 3027 598 3060 habet
624 3028 685 3067 Α).
738 3027 824 3058 Vide
862 3027 1123 3060 Graevio-Oud.
1152 3032 1185 3059 et
1211 3027 1328 3066 Progr.
1361 3026 1443 3056 Tur.
1476 3040 1509 3046 —
1551 3026 1607 3057 14.
1635 3026 1825 3058 imbecillae
1851 3027 1876 3057 1¹

124 3078 159 3106 et
183 3074 252 3105 duo
278 3073 441 3113 Grypbli:
482 3074 662 3105 imbecilles
699 3082 776 3105 cum
814 3077 936 3106 ceteris
970 3075 1009 3107 E.
1047 3091 1088 3097 —
1128 3074 1186 3105 21.
1213 3070 1414 3110 ridiculum]
1451 3073 1681 3111 periculosum
1708 3074 1734 3105 B
1762 3077 1796 3104 et.
1820 3073 1876 3104 aiii

124 3121 294 3152 nonnulli.
321 3135 362 3141 —
399 3119 456 3149 22.
485 3125 545 3151 aut
572 3118 677 3162 quod]
703 3125 740 3152 ut
763 3121 854 3160 quod
879 3119 926 3158 (in
955 3122 1088 3158 rasura)
1115 3120 1161 3157 P,
1190 3124 1226 3150 at
1251 3119 1343 3159 quod
1367 3118 1426 3148 AT
1455 3124 1488 3149 et
1512 3117 1698 3158 (superscr.
1728 3119 1803 3159 aut)
1828 3121 1875 3156 F,

125 3172 155 3199 et
181 3165 273 3207 (sine
299 3164 402 3207 quod)
427 3166 477 3202 R,
505 3171 566 3198 aut
593 3169 683 3204 (sine
707 3166 809 3207 qnod)
835 3167 904 3198 BE.
934 3183 973 3190 —
1001 3176 1115 3199 recens
1140 3166 1257 3197 ABFT
1284 3170 1318 3196 et
1342 3173 1431 3198 corr.
1455 3165 1501 3196 P:
1530 3175 1597 3197 om.
1619 3174 1734 3198 recens
1760 3167 1818 3197 RE
1844 3169 1878 3198 et.

126 3222 178 3253 pr.
198 3213 234 3245 P.
266 3228 307 3234 —·
331 3213 389 3243 23.
417 3213 614 3244 audivt'mus
640 3213 837 3244 PABFRT:
865 3214 1027 3245 audimus
1055 3214 1092 3245 E.
1122 3230 1163 3235 —
1189 3212 1244 3242 28.
1271 3214 1457 3251 propterea
1482 3212 1575 3251 quod
1596 3213 1766 3244 PAFRT:
1794 3221 1877 3253 quo-

124 3261 221 3292 niam
246 3259 315 3291 BE.
344 3275 384 3281 —
423 3259 478 3290 30.
506 3268 563 3290 ars
587 3259 695 3300 iyitur
720 3260 795 3290 PF:
831 3260 940 3300 iqitur
965 3269 1024 3291 ars
1051 3259 1183 3290 ABRE.
1211 3256 1312 3295 (erqo
1337 3267 1395 3288 ars
1421 3258 1481 3297 T.)
1511 3276 1547 3281 -
1587 3258 1643 3289 33.
1673 3265 1702 3291 et
1730 3268 1796 3292 om.
1823 3267 1873 3298 pr.

126 3306 172 3344 P,
198 3314 237 3338 ac
263 3306 305 3338 de
333 3306 483 3339 Ernestii
511 3308 639 3343 suspic.
667 3305 747 3338 Sch.
798 3305 867 3337 Nos
903 3308 1118 3339 seclusimus.
1154 3318 1196 3326 —-
1238 3303 1295 3335 36.
1321 3307 1462 3336 notatas
1492 3305 1538 3341 Β,
1581 3306 1718 3340 codices
1743 3306 1879 3346 aliquot

129 3353 389 3395 oudendorpii,
418 3353 486 3388 duo
512 3351 602 3395 (ΑΕ)
628 3351 880 3394 Lindemanni‚
908 3353 1084 3393 Interpres
1111 3350 1290 3384 Graecus:
1312 3355 1416 3385 notas
1441 3351 1633 3386 PAFRTE.
