2117 3762
726 269 824 310 LIB.
859 270 927 311 lv.
991 270 1035 310 C.
1070 272 1110 311 2.
1144 271 1184 311 3.
1780 274 1829 314 51

85 379 271 428 Quodsi,
320 379 484 418 illorum
515 374 756 417 auctoritate
796 381 951 416 remota
971 407 980 422 ‚
1030 376 1058 427 ἦ·
1089 388 1154 416 res
1186 387 1329 416 omnes
1358 375 1500 416 volent
1529 388 1619 417 cum
1651 391 1695 417 re
1726 390 1837 418 corn-

83 453 255 494 parare,
290 439 517 493 intelligent
548 451 629 478 non
661 436 797 477 omnia
829 440 1092 480 concedenda
1124 452 1213 479 esse
1245 437 1491 494 antiquitati.
1557 440 1624 479 Ill.
1657 440 1835 480 Primum

85 504 209 555 igitur
228 534 237 549 ,
272 504 383 557 quod
415 503 466 541 ab
490 500 549 541 eis
572 499 621 540 de
644 498 844 540 modestia
867 499 1014 541 dicitnr
1031 533 1040 549 ‚
1074 501 1286 542 videamus
1304 533 1313 547 ,
1346 515 1396 542 ne
1427 502 1598 542 nimium
1625 501 1838 554 pueriliter

85 566 334 619 proseratur.
396 566 496 604 Nam
529 561 561 603 si
594 567 727 602 tacere
759 568 827 603 aut
858 563 957 603 nibil
979 562 1160 604 scribere
1183 562 1384 604 modestia
1405 569 1486 611 est,
1519 577 1592 605 cur
1614 563 1835 619 quidquam

85 628 269 667 scribunt
310 632 379 667 aut
418 625 676 680 loquuntur?
728 625 798 664 Sin
840 624 994 679 aliquid
1026 639 1143 665 suum
1176 624 1388 672 scribunt,
1441 640 1542 675 cur,
1592 640 1673 681 quo
1706 625 1868 667 secius⁵

86 689 223 730 omnia
254 689 463 735 scribant,
509 687 790 739 impediuntur
834 686 1066 727 modestia?
1116 686 1242 735 Quasi
1287 689 1318 727 si
1351 689 1442 743 quis
1472 688 1521 729 ad
1553 689 1839 744 Olympiae-um

87 766 178 792 cum
203 751 360 791 venerit
381 763 545 790 cursum
578 754 618 788 et
648 748 831 795 steterit,
864 755 909 789 ut
940 750 1147 796 mittatur,
1182 749 1440 804 impudentes
1471 751 1580 792 dicat
1610 765 1698 792 esse
1730 751 1838 795 illos,

87 814 156 869 qui
188 826 356 854 currere
387 811 630 864 coeperint,
665 812 753 863 ipse
784 812 887 851 intra
919 824 1108 851 carceres
1138 817 1219 851 stet
1250 818 1290 852 et
1321 820 1457 854 narret
1487 814 1598 861 aliis,
1631 817 1839 869 quomodo

86 877 217 917 Ladas
247 879 317 915 aut
345 875 471 914 Boius
502 887 595 913 cum
629 874 832 927 Sicyoniis
863 874 1122 921 cursitarint,
1156 873 1214 914 sic
1247 874 1337 923 isti,
1386 890 1477 916 cum
1510 877 1551 917 in
1583 878 1680 918 artis
1712 875 1842 917 curri-

88 939 222 979 culum
270 936 598 982 descendernnt,
646 936 765 983 illos,
810 937 879 990 qui
925 936 964 976 in
1007 950 1082 983 eo,
1128 935 1239 990 quod
1279 943 1341 978 est
1380 937 1564 987 artificii,
1607 938 1838 987 elaborent,
1857 951 1892 976 πο

87 1001 201 1040 aiunt
230 1000 367 1040 facere
399 1000 673 1047 immodeste;
719 1000 797 1051 ipsi
843 998 1023 1053 aliquem
1064 1000 1279 1053 antiquum
1321 1006 1529 1042 oratorem
1570 1008 1638 1043 aut
1677 1007 1842 1055 poetam

88 1064 256 1104 laudant
285 1068 354 1102 aut
383 1062 654 1116 scripturam,
701 1062 758 1100 sic
797 1066 843 1102 ut
879 1060 921 1101 in
962 1062 1136 1101 stadium
1169 1063 1267 1103 artis
1299 1063 1529 1105 rhetoricae
1560 1065 1728 1119 prodire
1760 1078 1842 1106 non

87 1127 279 1165 audeant.
340 1126 380 1164 5.
414 1125 505 1164 Non
538 1124 667 1163 ausim
699 1122 863 1170 dicere,
899 1124 971 1163 sed
1002 1129 1139 1164 tamen
1170 1137 1342 1173 vereor,
1385 1139 1436 1166 ne
1456 1157 1466 1174 ,
1500 1140 1579 1181 qua
1610 1127 1649 1168 in
1680 1141 1725 1168 re
1756 1129 1844 1168 lau-

88 1189 183 1228 dem
213 1188 440 1228 modestiae
472 1192 694 1233 venentur,
738 1185 780 1225 in
823 1198 871 1224 ea
913 1185 1002 1237 ipsa
1041 1199 1088 1226 re
1126 1187 1207 1226 sint
1248 1187 1522 1240 impudentes.
1585 1189 1692 1238 Quid
1735 1191 1844 1231 enim

88 1249 163 1290 tibi
193 1249 289 1290 vis?
320 1248 468 1305 aliquis
498 1250 670 1304 inquiet.
731 1252 870 1289 Artem
902 1252 1013 1287 tuam
1045 1246 1221 1297 scribis;
1255 1249 1387 1303 gignis
1418 1264 1546 1292 novas
1577 1253 1697 1292 nobis
1728 1262 1894 1305 prae-1⁵

89 1310 324 1366 ceptiones;
358 1326 426 1352 eas
456 1311 542 1366 ipse
575 1308 818 1352 confirmare
849 1323 932 1350 non
965 1315 1106 1362 potes;
1139 1312 1188 1351 ab
1210 1312 1301 1351 aliis
1324 1312 1515 1367 exempla
1537 1315 1677 1354 sumis.
1723 1314 1842 1363 Vide,

88 1387 141 1414 ne
171 1373 297 1414 facias
328 1375 617 1428 impudenter,
650 1371 721 1427 qui
752 1377 821 1412 tuo
855 1372 1012 1413 nomini
1044 1372 1152 1413 velis
1184 1386 1235 1414 ex
1265 1373 1440 1415 aliorum
1473 1374 1682 1417 laboribus
1713 1376 1844 1418 libare

88 1434 268 1477 laudem.
330 1436 360 1487 ’ὶ-
391 1438 493 1476 Nam
540 1436 573 1475 si
616 1434 1016 1482 e01·um,v01umina
1054 1437 1354 1488 prehenderint
1393 1437 1550 1492 antiqui
1591 1445 1776 1480 oratores
1807 1445 1847 1481 et

89 1503 238 1551 poetae
284 1503 325 1538 et
367 1512 486 1538 suum
534 1498 707 1552 quisque
753 1498 802 1537 de
833 1498 950 1538 libris
981 1499 1221 1547 sustulerit,
1272 1498 1377 1539 nihil
1416 1500 1531 1549 istis,
1579 1503 1690 1555 quod
1729 1515 1847 1542 suum

91 1561 242 1607 velint,
275 1560 546 1614 relinquetur.
607 1562 660 1599 At
699 1561 918 1614 exempla,
970 1562 1164 1615 quoniam
1195 1561 1527 1603 testimoniorum
1558 1564 1706 1604 similia
1737 1570 1844 1612 sunt,
1863 1573 1898 1598 20

91 1623 191 1662 item
221 1623 414 1663 convenit
442 1628 488 1662 ut
518 1623 752 1663 testimonia
783 1620 834 1662 ab
865 1624 1103 1663 hominibus
1134 1624 1434 1678 probatissimis
1466 1627 1586 1667 sumi.
1667 1628 1848 1669 Primum

93 1684 277 1726 omnium
310 1685 498 1739 exempla
528 1689 741 1739 ponuntur
770 1685 838 1724 hic
868 1698 951 1725 non
983 1685 1255 1727 confirmandi
1285 1700 1418 1741 neque
1442 1687 1687 1729 testificandi
1708 1702 1846 1738 causa,

94 1749 166 1788 sed
197 1746 522 1788 demonstrandi.
584 1749 676 1787 Non
707 1747 814 1787 enim
836 1778 846 1795 ,
894 1760 987 1787 cum
1026 1748 1199 1789 dicimus
1231 1762 1320 1790 esse
1353 1752 1694 1800 exornationem,
1743 1765 1848 1806 quae

92 1808 210 1850 verbi
254 1823 376 1850 causa
416 1814 576 1849 constet
617 1823 669 1849 ex
707 1808 894 1849 similiter
939 1808 1224 1851 desinentibus
1254 1812 1417 1860 verbis,
1470 1819 1510 1853 et
1540 1815 1732 1868 ponimus
1770 1815 1851 1855 hoc

95 1870 331 1926 exemplum
361 1884 385 1912 a
417 1872 590 1920 Crasso,
634 1872 772 1924 quibus
801 1885 1014 1924 possumus
1052 1878 1086 1912 et
1115 1874 1317 1922 debemus,
1362 1876 1641 1917 testimonium
1674 1877 1850 1917 colloca·
1865 1884 1899 1910 2⁵

93 1948 210 1983 mus,
255 1935 329 1975 sed
359 1935 610 1987 exemplum.
673 1935 765 1974 Hoc
804 1935 931 1987 igitur
971 1935 1145 1975 interest
1182 1935 1290 1976 inter
1320 1939 1559 1990 exemplum
1588 1944 1629 1979 et
1667 1939 1851 1980 testimo-

94 1998 233 2038 nium:
267 1992 458 2051 exemplo
491 1995 800 2037 demonstratur
829 1995 891 2043 id,
924 1999 1035 2052 quod
1068 1996 1266 2046 dicimus,
1300 1999 1530 2041 cuiusmodi
1560 2000 1635 2050 sit3
1668 2000 1852 2043 testimo-

95 2059 166 2101 nio
197 2073 289 2100 esse
319 2059 422 2099 illud
453 2059 535 2107 ita,
575 2063 621 2099 ut
649 2072 726 2098 nos
758 2056 960 2108 dicimus,
1005 2058 1286 2101 confirmatur.
1348 2063 1388 2102 6.
1437 2063 1656 2105 Praeterea
1688 2068 1853 2120 oportet

95 2122 379 2164 testimonium
411 2135 504 2162 cum
535 2135 580 2163 re
611 2122 865 2171 convenire;
899 2122 1019 2162 aliter
1049 2120 1158 2162 enim
1188 2137 1276 2163 rem
1305 2137 1390 2166 non
1419 2130 1558 2179 potest
1588 2127 1849 2168 confirmare.

96 2187 149 2226 At
178 2185 246 2234 id,
281 2185 394 2239 quod
424 2185 486 2224 illi
517 2182 701 2233 faciunt,
749 2198 842 2224 cum
872 2199 917 2225 re
948 2198 1032 2226 non
1063 2187 1270 2227 convenit.
1333 2187 1442 2236 Quid
1473 2189 1562 2229 ita?
1608 2189 1703 2244 quia
1732 2188 1853 2243 polli-
1867 2205 1901 2231 so

99 2253 244 2289 centur
272 2253 404 2289 artem
436 2262 480 2288 se
510 2248 693 2289 scribere
724 2252 766 2288 et
795 2246 986 2301 exempla
1016 2248 1236 2301 proferunt
1274 2249 1324 2289 ab
1365 2248 1415 2289 iis
1454 2251 1698 2305 plerumque
1717 2281 1728 2298 ‚
1781 2248 1853 2303 qui

99 2315 229 2351 artem
259 2311 513 2352 nescierunt.
574 2312 678 2352 Tum
708 2311 798 2366 quis
828 2316 911 2358 est,
943 2311 1012 2365 qui
1043 2311 1173 2366 possit
1200 2309 1268 2360 id,
1304 2313 1416 2367 quod
1438 2314 1488 2353 de
1510 2318 1596 2353 arte
1625 2313 1850 2366 scripserit,

99 2374 396 2428 comprobare,
442 2372 523 2414 nisi
563 2373 721 2428 aliquid
761 2374 916 2414 scribat
956 2388 1009 2414 ex
1048 2376 1165 2415 arte?
1225 2374 1461 2429 Contraque
1500 2374 1680 2423 faciunt,
1731 2387 1852 2429 quam

99 2435 291 2488 polliceri
321 2437 528 2477 videntur.
589 2437 693 2476 Nam
723 2449 817 2477 cum
846 2437 1029 2477 scrihere
1060 2442 1191 2478 artem
1221 2438 1458 2487 instituunt,
1492 2440 1685 2480 videntur
1715 2439 1850 2478 dicere

101 2509 145 2538 se
185 2498 471 2552 excogitasse,
524 2501 635 2554 quod
677 2498 779 2540 alios
817 2497 1043 2550 docerent;
1097 2514 1190 2541 cum
1227 2514 1328 2542 vero
1371 2500 1583 2548 scribunt,
1634 2498 1900 2541 ostendunt3⁵

193 2613 226 2644 1.
253 2620 308 2644 res
332 2610 417 2653 cet.]
453 2614 502 2645 sic
536 2617 697 2652 corrupte
736 2615 839 2646 etiam
877 2615 998 2646 nostri.
1035 2612 1122 2652 (rem
1156 2616 1295 2646 omnino
1329 2615 1447 2646 volent
1479 2625 1556 2646 cum
1588 2624 1624 2648 re
1649 2614 1728 2646 Sch.
1758 2615 1848 2645 cont.

102 2656 195 2690 Fort.
223 2660 394 2692 rationem
417 2660 530 2692 volent
555 2670 630 2692 cum
655 2662 794 2693 racione
813 2660 895 2698 On..
924 2662 958 2693 id
985 2662 1078 2701 quod
1107 2662 1228 2701 probat
1247 2659 1490 2702 Lindemann.)
1512 2679 1545 2685 —
1577 2662 1609 2693 2.
1638 2660 1854 2693 concedenda

103 2714 173 2736 esse
196 2705 363 2738 PABFT:
391 2715 460 2738 esse
485 2707 703 2739 concedenda
729 2708 803 2740 RE.
834 2725 871 2731 —
900 2708 934 2740 3.
963 2709 1136 2740 inutiliter
1161 2714 1191 2740 et
1214 2709 1397 2748 pueriliter
1422 2709 1481 2740 BR
1498 2732 1506 2747 ,
1533 2709 1571 2740 L.
1599 2725 1639 2729 —
1673 2708 1708 2739 4.
1736 2713 1773 2738 ut
1800 2716 1851 2747 pr.

103 2750 154 2789 P,
180 2755 211 2783 et
235 2753 336 2784 AFT.
360 2757 441 2789 (aut
465 2753 525 2786 BR
550 2759 584 2787 et
611 2762 700 2785 corr.
724 2752 777 2795 P.)
804 2769 846 2776 —
871 2754 905 2786 6.
932 2756 961 2788 si
985 2757 1061 2796 quis
1086 2755 1132 2786 ad
1157 2755 1396 2796 Olympiacam
1419 2765 1496 2787 cum
1512 2755 1644 2786 venerit
1661 2754 1738 2786 Sch.
1759 2755 1852 2785 conl.

105 2798 239 2831 firmata
263 2800 306 2831 ab
332 2799 443 2832 Oxon.
471 2810 541 2833 uno
569 2805 602 2833 et
628 2801 678 2832 R:
705 2803 735 2833 si
760 2802 836 2841 quis
861 2802 1016 2843 olympia
1041 2803 1237 2833 convenerit
1263 2811 1314 2843 pr.
1336 2802 1382 2841 P,
1409 2804 1438 2833 si
1462 2803 1537 2842 quis
1562 2802 1608 2832 ad
1625 2801 1856 2841 olympiacum

104 2846 238 2876 venerit
261 2846 409 2878 ABFTE
437 2851 471 2880 et
497 2855 585 2880 corr.
613 2847 653 2880 P.
693 2862 736 2869 —
775 2848 810 2879 7.
835 2847 887 2889 uc]
922 2849 1014 2881 unde
1042 2849 1123 2880 Ern.
1153 2857 1249 2888 susp.
1299 2849 1367 2881 Sed
1392 2853 1431 2880 ut
1455 2850 1618 2880 mittatur
1645 2849 1747 2887 iunge
1775 2855 1854 2879 cum

106 2899 207 2932 seqq.
233 2893 441 2932 impudentes
465 2895 560 2926 dicat
584 2899 659 2932 cet;
686 2903 754 2927 non
773 2903 850 2927 cum
869 2904 921 2928 vv.
943 2900 973 2927 et
990 2897 1132 2928 steterit.
1168 2895 1248 2926 Est:
1278 2896 1421 2927 «Statim
1442 2895 1500 2926 ubi
1521 2896 1675 2925 mittatur
1694 2896 1852 2934 signum»

108 2944 174 2971 cet.
217 2955 254 2961 —
295 2940 510 2978 impudentes
543 2942 648 2973 PBR:
687 2942 918 2981 imprudentes
949 2943 1027 2979 AF,
1067 2942 1346 2982 impudentesque
1370 2942 1440 2973 ΤΕ.
1483 2957 1521 2963 -
1565 2941 1655 2972 ἀέσαι
1681 2948 1750 2972 esse
1776 2941 1855 2971 illos

105 2985 276 3017 PABFT:
304 2985 398 3018 dicat
421 2987 500 3019 illos
525 2996 592 3021 esse
616 2989 667 3025 R,
693 2988 771 3020 illos
797 2988 890 3020 dicat
915 2997 984 3021 esse
1010 2989 1047 3020 E.
1077 3005 1116 3011 ——
1143 2989 1198 3019 12.
1226 2990 1377 3022 studium
1400 2986 1516 3019 PAFT
1543 2995 1619 3018 cum
1648 2986 1758 3018 Codd.
1782 2992 1856 3019 tan-

107 3037 181 3064 tum
206 3041 274 3064 non
301 3032 481 3071 omnibus,
507 3035 622 3066 studio
647 3036 688 3066 R.
719 3033 856 3075 (Lamb.
883 3038 974 3068 coni.
1003 3034 1158 3066 stadium
1182 3035 1320 3066 firmant
1344 3035 1370 3065 B
1396 3039 1430 3066 et
1455 3034 1685 3066 Lindemanni
1710 3033 1854 3074 DE.)—

107 3079 165 3112 15.
190 3087 299 3111 novas
324 3079 422 3110 nobie
446 3079 611 3113 PABFR:
636 3081 734 3113 nobis
758 3091 866 3113 novas
891 3082 965 3113 TE.
999 3098 1040 3104 —-
1086 3081 1140 3113 18.
1168 3081 1258 3113 Nam
1280 3082 1311 3112 si
1336 3078 1417 3120 cet.]
1446 3080 1557 3112 Locus
1585 3085 1781 3119 corruptus.
1810 3097 1854 3102 ——

108 3125 165 3158 19.
195 3125 236 3156 de
260 3125 359 3157 libris
383 3126 560 3159 sustulerit
586 3128 750 3160 Turnebo
775 3133 916 3161 auctore
943 3128 1037 3161 dedit
1055 3128 1096 3159 E.
1131 3128 1202 3159 Iam
1231 3130 1335 3160 nostri
1361 3129 1429 3159 sic:
1458 3126 1498 3159 de
1523 3126 1620 3159 libris
1647 3128 1713 3159 tuis
1738 3127 1857 3159 tulerit

108 3172 168 3204 ΡΑ
193 3176 228 3205 et
252 3180 338 3205 corr.
372 3172 399 3203 T
415 3195 423 3210 ‚
467 3172 506 3204 de
530 3173 628 3206 libris
652 3175 770 3207 tulerit
794 3175 844 3213 R,
883 3176 924 3207 de
947 3176 1044 3207 libris
1075 3175 1147 3205 suis
1179 3176 1297 3206 tulerit
1321 3173 1363 3211 F,
1403 3173 1444 3204 de
1470 3173 1565 3205 libris
1589 3175 1659 3206 suis
1684 3178 1857 3215 sumptum

110 3219 227 3251 tulerit
251 3219 298 3258 B,
337 3218 454 3251 tulerit
477 3220 518 3251 de
542 3219 639 3252 libris
663 3223 731 3253 tuis
757 3231 808 3261 pr.
835 3221 877 3254 T.
905 3238 945 3244 —
986 3222 1044 3253 25.
1079 3221 1218 3261 quibus]
1242 3220 1332 3262 quod
1357 3220 1503 3252 PAFRT
1534 3228 1613 3252 cum
1646 3220 1756 3253 Codd.
1783 3225 1857 3252 tan-

111 3271 184 3298 tum
209 3275 278 3298 non
304 3266 474 3298 omnibus.
525 3265 673 3300 Litteras
699 3268 743 3300 od
765 3269 792 3300 P
817 3268 922 3301 habet
945 3270 979 3300 in
1007 3275 1136 3300 rasura.
1200 3267 1404 3299 Emendavit
1430 3266 1553 3299 Lumb.
1581 3276 1598 3300 e
1626 3266 1697 3300 th.
1725 3268 1767 3300 de
1793 3267 1854 3299 Or.

112 3314 154 3351 1,
180 3313 237 3344 5-2.
266 3317 300 3345 et
324 3313 428 3346 habet
451 3313 571 3354 quibus
595 3313 636 3344 B.
679 3331 715 3337 —
757 3315 989 3346 testimonium
1013 3314 1103 3346 ΒΚΤ
1130 3316 1164 3346 et
1186 3321 1241 3354 pr.
1267 3313 1318 3346 P:
1360 3322 1432 3347 non
1456 3315 1687 3348 testimonium
1710 3313 1796 3347 ΑΒΕ
1823 3316 1858 3346 et

113 3367 201 3392 corr.
226 3359 266 3393 P.
296 3376 337 3384 —
371 3359 428 3393 26.
454 3360 515 3392 hoc
537 3361 679 3394 interest
703 3361 812 3403 iqitur
836 3361 937 3395 PAT.
