2117 3762
719 291 913 330 BRUTUS
946 291 988 330 C.
1026 292 1061 334 1.
1094 292 1132 331 2.
1166 292 1206 331 3.
1755 298 1833 340 311

92 398 131 434 et
151 396 358 436 monendo
379 401 418 435 et
441 394 631 436 favendo.
692 397 731 435 a.
757 393 860 441 Sed,
895 396 1088 450 quoniam
1109 404 1305 452 perpetua
1327 401 1501 455 quadam
1524 399 1717 443 felicitate
1739 418 1836 446 usus

91 455 158 497 ille
191 458 313 497 cessit
343 471 365 497 c
397 458 476 498 vita
510 471 584 498 suo
615 458 745 510 magis
776 471 896 511 quam
929 474 1095 501 suorum
1129 460 1278 502 civium
1310 468 1498 514 tempore
1529 469 1570 503 et
1607 469 1691 505 tum
1729 467 1838 506 occi-

91 517 172 565 dit,
208 532 299 559 cum
330 519 472 573 lugere
504 520 663 560 facilius
693 533 780 559 rem
814 522 1016 572 publicam
1049 529 1205 577 posset,
1242 523 1276 564 si
1307 525 1488 573 viveret,
1522 539 1644 580 quam
1676 527 1834 576 iuvare,

89 578 274 634 vixitque
306 582 482 630 tamdiu,
533 595 653 637 quam
685 580 800 622 licuit
830 582 867 622 in
900 583 1059 624 civitate
1091 587 1196 625 bene
1241 588 1440 641 beateque
1480 588 1643 634 vivere.
1694 597 1835 631 nostro

89 642 354 685 incommodo
394 644 747 699 detrimentoque,
799 644 830 685 si
863 651 923 685 est
961 647 1015 686 ita
1055 660 1246 695 necesse,
1299 647 1535 690 doleamus:
1586 649 1694 691 illius
1734 666 1866 693 veroz

89 706 232 746 mortis
262 708 609 761 opportunitatem
642 706 928 748 benevolentia
961 710 1098 762 potius
1141 722 1262 763 quam
1295 709 1580 752 misericordia
1613 726 1838 768 prosequa-

88 779 205 815 mur,
252 775 314 814 ut,
365 770 689 825 quotiescunque
729 769 778 810 de
817 770 1046 811 clarissimo
1086 776 1126 811 et
1165 772 1403 813 beatissimo
1447 775 1536 814 viro
1583 778 1835 829 cogitemus,

88 827 202 871 illum
233 832 368 885 potius
398 845 519 885 quam
551 838 713 873 nosmet
742 832 853 885 ipsos
885 833 1055 885 diligere
1086 834 1310 875 videamur.
1369 838 1409 875 5.
1444 838 1569 885 Nam,
1603 839 1635 878 si
1657 839 1696 879 id
1719 841 1835 881 dole-

87 904 196 938 mus,
241 894 352 946 quod
385 906 435 933 eo
467 895 546 935 iam
578 894 657 935 frui
688 893 806 936 nobis
838 909 920 936 non
951 895 1072 943 licet,
1121 901 1304 937 nostrum
1337 903 1397 937 est
1428 899 1467 938 id
1499 899 1671 949 malum;
1723 904 1834 957 quod

86 953 247 995 modice
276 953 474 1003 seramus,
506 971 558 998 ne
591 957 630 997 id
662 972 743 998 non
777 957 825 998 ad
857 957 1098 1005 amicitiam,
1135 957 1208 998 sed
1239 957 1288 998 ad
1320 957 1588 1002 domesticam
1619 962 1832 1005 utilitatem
1849 978 1884 1002 ιο

86 1015 242 1057 referre
273 1016 498 1059 videamur.
561 1019 650 1066 Sin,
704 1026 909 1075 tamquam
951 1018 1007 1060 illi
1046 1019 1124 1072 ipsi
1163 1019 1398 1062 acerbitatis
1428 1022 1580 1078 aliquid
1611 1026 1829 1075 acciderit,

84 1079 291 1132 angimur,
323 1094 523 1121 summam
555 1083 641 1122 eius
672 1082 907 1123 felicitatem
938 1095 1021 1122 non
1053 1083 1149 1123 satis
1180 1089 1296 1135 grato
1328 1083 1465 1125 animo
1497 1086 1832 1139 interpretamur.

83 1143 135 1182 11.
169 1144 207 1183 6.
238 1143 422 1187 Etenim.
463 1143 497 1184 si
527 1145 685 1184 viveret
717 1145 765 1193 Q.
788 1145 1052 1191 Hortensius,
1096 1149 1232 1185 cetera
1262 1143 1438 1187 fortasse
1469 1146 1721 1190 desideraret
1752 1165 1833 1192 una

83 1217 175 1244 cum
206 1203 374 1260 reliquis
405 1206 524 1246 bonis
554 1212 593 1246 et
623 1205 798 1247 fortibus
831 1206 1010 1255 civibus;
1043 1207 1153 1247 hunc
1183 1212 1254 1247 aut
1283 1213 1449 1260 praeter
1469 1215 1628 1251 ceteros
1649 1217 1717 1252 aut
1738 1227 1830 1254 cum

81 1267 222 1320 paucis
251 1269 474 1309 sustineret
504 1267 711 1315 dolorem,
743 1281 835 1309 cum
865 1269 1000 1309 forum
1022 1269 1164 1323 populi
1187 1269 1384 1318 Romani,
1418 1273 1526 1325 quod
1550 1271 1693 1314 suisset
1714 1275 1879 1328 quasi1⁵

82 1331 284 1371 theatrum
315 1330 424 1371 illius
456 1330 628 1385 ingenii,
661 1344 762 1371 voce
789 1330 949 1372 erudita
970 1337 1008 1371 et
1030 1333 1223 1373 Romanis
1246 1334 1494 1388 Graecisque
1516 1337 1685 1377 auribus
1707 1336 1830 1389 digna

80 1394 302 1446 spoliatum
335 1399 457 1447 atque
489 1392 678 1434 orbatum
710 1392 881 1434 videret.
938 1392 1141 1447 Equidem
1182 1408 1313 1448 angor
1352 1397 1488 1437 animo
1527 1411 1607 1437 non
1648 1399 1828 1447 consilii,

79 1468 164 1497 non
194 1457 369 1510 ingenii,
403 1469 483 1496 non
515 1455 769 1496 auctoritatis
801 1457 924 1496 armis
955 1469 1079 1509 egere
1111 1470 1198 1496 rem
1220 1458 1446 1511 publicam,
1479 1472 1583 1513 quae
1605 1458 1829 1503 didiceram

79 1523 251 1559 tractare
292 1517 524 1573 quibusque
564 1532 628 1558 me
668 1516 970 1559 assuefeceram
1010 1532 1198 1573 quaeque
1236 1525 1352 1560 crant
1391 1521 1559 1574 propria
1590 1536 1681 1563 cum
1713 1536 1831 1578 prae·-

80 1582 222 1622 stantis
252 1582 293 1622 in
324 1594 367 1621 re
399 1579 560 1636 publica
591 1580 668 1621 viri
701 1586 784 1621 tum
818 1582 922 1621 bene
954 1587 1137 1622 moratae
1168 1587 1208 1622 et
1237 1580 1343 1623 bene
1373 1585 1617 1626 constitutae
1640 1584 1828 1627 civitatis.
1844 1605 1879 1628 20

80 1643 237 1693 Quodsi
269 1642 344 1684 fuit
374 1643 413 1683 in
445 1656 490 1683 re
521 1641 685 1696 publica
717 1649 877 1696 tempus
907 1643 1059 1691 ullum,
1093 1658 1187 1685 cum
1211 1651 1460 1699 extorquere
1491 1660 1604 1688 arma
1634 1654 1773 1702 posset
1804 1663 1826 1690 e

78 1704 267 1746 manibus
307 1705 503 1746 iratorum
542 1705 692 1745 civium
723 1705 822 1746 boni
853 1705 952 1746 civis
982 1707 1205 1747 auctoritas
1236 1712 1276 1748 et
1305 1707 1463 1756 orati0‚
1513 1714 1598 1750 tum
1639 1709 1827 1762 profecto

77 1767 175 1816 fuit,
229 1782 319 1808 cum
365 1768 636 1822 patrocinium
681 1768 792 1822 pacis
839 1767 1051 1810 exclusum
1099 1774 1160 1810 est
1204 1775 1273 1810 aut
1316 1784 1458 1812 errore
1500 1771 1713 1813 hominum
1755 1779 1826 1814 aut

76 1831 240 1872 timore.
301 1832 340 1871 8.
374 1831 434 1870 Ita
464 1831 671 1870 nobismet
700 1829 798 1884 ipsis
818 1830 988 1879 accidit,
1021 1836 1090 1879 ut,
1123 1845 1371 1887 quamquam
1394 1839 1528 1874 essent
1548 1834 1677 1875 multo
1698 1837 1828 1889 magis

76 1892 154 1933 alia
184 1891 381 1946 lugenda,
432 1897 568 1932 tamen
600 1893 678 1932 hoc
709 1891 967 1940 doleremus,
993 1918 996 1922 .
1019 1893 1153 1948 quod,
1206 1908 1288 1949 quo
1329 1900 1513 1950 tempore
1544 1902 1655 1937 aetas
1686 1904 1827 1938 nostra
1842 1913 1876 1939 ες

76 1954 288 2009 perfuncta
318 1955 441 1995 rebus
471 1953 734 2008 amplissimis
766 1960 971 2009 tamquam
1004 1956 1045 1996 in
1075 1962 1241 2008 portum
1272 1958 1496 2012 confugere
1518 1960 1711 2007 deberet,
1743 1974 1828 2001 non

76 2017 245 2057 inertiae
275 2031 410 2071 neque
441 2015 642 2063 desidiae,
693 2018 766 2057 sed
797 2019 871 2058 otii
902 2019 1102 2060 moderati
1132 2025 1253 2075 atque
1292 2022 1476 2069 honesti,
1527 2034 1703 2076 cumque
1739 2021 1827 2077 ipsa

75 2077 207 2120 oratio
244 2079 326 2120 iam
364 2084 502 2120 nostra
542 2084 777 2119 canesceret
807 2078 1061 2135 haberetque
1092 2095 1207 2122 suam
1239 2084 1442 2137 quandam
1480 2085 1756 2125 maturitatem
1787 2089 1828 2125 et

75 2142 191 2195 quasi
222 2146 473 2183 senectutem
492 2173 502 2190 ,
536 2147 621 2181 tum
652 2155 766 2182 arma
797 2147 890 2182 sunt
922 2155 969 2183 ea
1000 2148 1183 2196 sumpta,
1216 2143 1366 2197 quibus
1396 2144 1453 2186 illi
1484 2146 1587 2200 ipsi,
1622 2146 1693 2200 qui
1724 2146 1829 2187 didi-

75 2209 214 2245 cerant
244 2205 302 2245 eis
331 2205 390 2244 uti
422 2205 622 2257 gloriose,
672 2206 1020 2257 quemadmodum
1053 2207 1286 2247 salutariter
1313 2213 1549 2255 uterentur,
1595 2222 1679 2250 non
1709 2222 1876 2264 repe-³0

73 2265 249 2306 riehant.
311 2267 351 2306 9.
393 2268 534 2321 Itaque
566 2265 604 2306 ei
634 2266 734 2306 mihi
763 2264 955 2308 videntur
983 2267 1189 2309 fortunate
1230 2270 1432 2324 beateque
1471 2270 1624 2312 vixisse
1662 2284 1753 2312 cum
1784 2273 1826 2312 in

74 2327 221 2369 ceteris
252 2327 485 2368 civitatibus
516 2334 599 2368 tum
632 2329 811 2368 maxime
840 2330 880 2369 in
911 2335 1074 2379 nostra,
1110 2330 1259 2384 quibus
1281 2345 1371 2372 cum
1394 2333 1637 2374 auctoritate
1667 2347 1826 2375 rerum—

73 2404 153 2445 que
184 2396 387 2445 gestarum
419 2391 547 2444 gloria
579 2396 664 2431 tum
695 2391 815 2430 etiam
846 2391 1072 2444 sapientiae
1101 2394 1223 2435 laude
1255 2393 1413 2448 perfrui
1443 2394 1572 2436 licuit.
1636 2397 1821 2445 Quorum

73 2455 275 2495 memoria
308 2459 347 2494 et
378 2452 609 2494 recordatio
635 2454 676 2493 in
708 2453 899 2493 maximis
934 2456 1084 2495 nostris
1122 2457 1459 2512 gravissimisque
1501 2459 1610 2500 curis
1648 2456 1824 2499 iucunda

73 2529 168 2557 sane
199 2515 293 2562 fuit,
326 2529 418 2556 cum
451 2516 490 2555 in
519 2529 609 2556 eam
639 2529 771 2569 nuper
801 2529 852 2555 cx
882 2528 1074 2557 sermone
1104 2517 1283 2572 quodam
1315 2519 1616 2562 incidissemus.
1836 2534 1870 2560 ³⁵

184 2579 253 2619 111.
289 2580 353 2619 10.
402 2580 502 2617 Nam
541 2590 632 2618 cum
673 2575 969 2618 inambularem
1005 2581 1046 2619 in
1085 2585 1207 2635 xysto
1238 2586 1278 2621 et
1314 2595 1447 2622 essem
1489 2583 1644 2623 otiosus
1684 2581 1819 2630 domi,

72 2642 234 2682 Marcus
265 2643 317 2682 ad
347 2654 413 2682 me
446 2642 618 2686 Brutus,
661 2646 704 2681 ut
733 2647 1026 2689 consueverat,
1066 2654 1158 2682 cum
1190 2644 1237 2682 T.
1263 2643 1496 2697 Pomponio
1526 2650 1716 2692 venerat,
1749 2646 1823 2684 ho-

74 2701 204 2743 mines
234 2715 324 2743 cum
356 2703 464 2744 inter
493 2715 536 2743 se
567 2703 773 2742 coniuncti
804 2708 889 2743 tum
920 2704 1019 2744 mihi
1052 2705 1106 2745 ita
1123 2705 1208 2745 cari
1237 2704 1374 2759 itaque
1395 2705 1582 2753 iucundi,
1616 2712 1821 2747 uteorum

73 2762 268 2818 adspectu
313 2765 474 2813 omnis,
526 2779 631 2819 quae
680 2778 745 2805 me
791 2763 968 2818 angebat
1012 2768 1062 2807 de
1108 2781 1152 2807 re
1197 2766 1382 2822 publica,
1435 2783 1532 2809 cura
1575 2768 1819 2811 consederit.

73 2826 188 2874 Quos
218 2831 433 2881 postquam
469 2826 662 2874 salutavi,
715 2826 823 2876 Quid
865 2840 962 2875 VOS,
1014 2827 1199 2882 inquam,
1248 2832 1374 2871 Brute
1406 2836 1446 2872 et
1475 2832 1632 2878 Attice,
1685 2832 1872 2871 nunc‘Mo

73 2885 171 2941 quid
201 2889 364 2928 tandem
394 2889 519 2930 novi?
568 2888 676 2930 Nihil
706 2902 821 2937 sane,
864 2888 997 2944 inquit
1025 2893 1200 2940 Brutus,
1242 2891 1353 2946 quod
1384 2893 1548 2946 quidem
1579 2898 1647 2933 aut
1677 2897 1718 2932 tu
1750 2905 1822 2932 au-

73 2948 161 2990 dire
203 2949 305 2989 velis
345 2956 416 2991 aut
453 2964 530 3006 ego
570 2965 645 3007 pro
685 2958 797 2992 certo
833 2950 971 2992 dicere
1001 2951 1190 2994 audeam.
1255 2956 1320 2994 11.
1373 2957 1475 2995 Tum
1507 2953 1687 3001 Atticus,
1731 2956 1817 3003 Eo,

165 3087 219 3118 Μ..
246 3087 336 3122 hunc
361 3093 423 3119 aut
445 3095 587 3127 praeter
612 3091 761 3122 Lamb.:
801 3091 891 3120 hunc
928 3094 1041 3121 autem
1076 3094 1107 3122 et
1142 3096 1283 3131 praeter
1310 3091 1418 3122 Codd.
1461 3091 1555 3131 Regii
1581 3090 1701 3122 ABCD
1719 3115 1728 3130 ,
1765 3092 1793 3124 R
1811 3115 1820 3130 ‚

71 3134 197 3171 Peter,
226 3134 314 3165 hunc
340 3139 457 3165 autem
477 3141 619 3175 praeter
644 3138 751 3168 Aldus
779 3146 885 3175 nepos
912 3142 944 3168 et
975 3137 1013 3166 E.
1041 3134 1156 3176 (Quod
1187 3138 1323 3169 Ellendt
1349 3139 1455 3169 dicit:
1493 3138 1604 3168 «hunc
1629 3144 1660 3170 ec
1681 3144 1821 3177 praeter

72 3186 199 3212 ceteros
236 3181 310 3211 libri
349 3189 509 3212 omnesn:
552 3192 647 3214 error
673 3184 836 3223 videtur.)
873 3199 908 3204 —
949 3183 1005 3214 17.
1047 3185 1156 3214 animi
1194 3185 1369 3216 Manutius
1398 3189 1430 3215 et
1457 3193 1546 3216 corr.
1574 3184 1634 3225 Lg.
1662 3184 1695 3216 8.
1748 3185 1818 3218 Cir.

71 3227 171 3258 Klotz
199 3227 240 3257 ad
266 3227 408 3258 Tuscul.
439 3229 471 3264 1,
499 3229 555 3265 luo,
583 3230 639 3260 96.
668 3228 798 3271 (anyer
826 3230 934 3260 animi
960 3234 1051 3260 certe
1079 3235 1131 3261 est
1157 3232 1189 3262 in
1219 3231 1303 3261 Cod.
1333 3231 1442 3262 Vatic.
1473 3231 1609 3262 Verrin.
1637 3240 1668 3264 v.
1694 3232 1819 3270 Zumpt.

74 3282 107 3312 p.
136 3273 256 3310 1032.)
286 3291 322 3296 —
367 3274 423 3305 23.
452 3275 581 3314 errore]
607 3281 736 3307 terrore
763 3277 837 3307 libri
871 3278 1021 3314 (praeter
1047 3275 1169 3307 Dresd.
1198 3277 1289 3315 apud
1317 3277 1494 3314 Peterum)
1518 3283 1552 3309 et
1577 3278 1622 3309 R.
1651 3278 1822 3310 Emenda-

74 3324 144 3398 tt'im
172 3324 223 3352 est
248 3329 265 3352 a
294 3320 433 3398 vgctore
460 3320 609 3357 Pisano.
653 3326 690 3353 ut
715 3323 762 3354 ait
788 3322 1014 3363 Sylburgius,
1054 3326 1089 3354 et
1115 3323 1149 3354 in
1174 3323 1312 3355 Aldina.
1343 3339 1384 3347 —
1424 3323 1482 3356 31.
1521 3325 1552 3357 ei,
1588 3324 1649 3365 Lg.
1687 3324 1720 3357 8.
1760 3326 1817 3356 51.

72 3369 224 3408 aitque:
259 3368 286 3398 ii
341 3389 349 3398 .
