2117 3762
258 215 342 257 468
1037 206 1229 248 TOPICA

261 324 462 366 cernitur:
493 316 672 360 efficiens
703 326 822 355 causa
851 312 1019 366 gravior
1049 324 1172 366 quam
1202 325 1285 353 non
1315 310 1520 361 efficiens;
1566 325 1672 367 quae
1703 326 1747 353 se
1777 312 1878 367 ipsis
1911 327 2009 354 con-

260 391 372 428 tenta
401 386 516 430 sunt,
550 376 745 423 meliora,
778 387 901 428 quam
933 386 1037 428 quae
1068 378 1191 427 egent
1219 374 1328 425 aliis;
1362 388 1467 431 quae
1497 375 1540 414 in
1562 379 1724 422 nostra,
1757 388 1879 430 quam
1901 389 2007 430 quae

262 451 305 490 in
335 447 506 489 aliorum
537 442 737 496 potestate
768 441 886 485 sunt3
920 433 1081 476 stabilia
1111 434 1299 487 incertis3
1332 451 1437 492 quae
1469 435 1574 491 eripi
1603 450 1687 478 non
1716 443 1911 490 possunt,
1942 437 2006 486 iis,

264 525 367 567 quae
397 510 579 564 possunt.
639 498 813 541 Affectio
845 502 981 539 autem
1011 496 1060 538 ad
1092 510 1158 538 res
1187 497 1344 553 aliquas
1374 505 1436 542 est
1471 498 1731 542 huiusmodi:
1777 499 2008 555 principum

231 569 476 615 scommoda
506 566 663 607 maiora
692 575 812 617 quam
852 560 1137 614 reliquorum3
1189 558 1394 616 itemque,
1445 576 1552 617 quae
1590 562 1857 610 iucundiora,
1903 575 2007 618 quae

259 633 444 691 pluribus
473 629 666 684 probata,
712 638 817 679 quae
849 621 900 664 ab
931 621 1087 677 optimo
1120 635 1286 677 quoque
1321 622 1499 665 laudata.
1560 626 1717 678 Atque,
1760 629 1806 664 ut
1834 626 1936 666 haec
1966 626 2008 665 in

260 691 562 750 comparatione
583 686 775 736 meliora,
809 685 865 727 sic
888 684 1114 733 deteriora,
1151 698 1255 739 quae
1275 684 1325 726 iis
1346 691 1439 727 sunt
1460 688 1680 728 contraria.
1743 688 1810 731 71.
1842 687 2006 728 Parium

259 764 393 799 autem
424 751 674 807 comparatio
707 763 782 790 nec
813 748 1032 789 elationem
1064 746 1188 788 habet
1217 760 1292 788 nec
1324 747 1665 800 submissioncm;
1708 754 1769 790 est
1800 748 1911 791 enim
1940 764 2010 791 ae-

257 818 399 874 qualis.
459 814 587 857 Multa
617 817 754 853 autem
784 816 903 859 sunt,
937 823 1042 865 quae
1073 810 1318 864 aequalitate
1348 811 1438 865 ipsa
1464 817 1783 865 comparentur3
1817 826 1923 865 quae
1952 813 2009 853 ita

207 881 341 924 1ofere
386 877 710 921 concluduntur:
761 875 803 915 Si
844 873 1016 914 consilio
1056 874 1199 914 iuvare
1239 871 1349 913 cives
1389 877 1430 913 et
1467 872 1622 915 auxilio
1652 887 1785 930 aequa
1814 875 1857 915 in
1886 873 2007 916 laude

256 944 492 999 ponendum
531 945 614 987 est,
663 938 751 993 pari
792 936 921 991 gloria
959 934 1112 976 debent
1149 948 1238 976 esse
1268 934 1319 984 ii,
1372 933 1442 990 qui
1473 936 1712 984 consulunt,
1765 936 1885 985 etii,
1937 937 2008 992 qui

261 1005 512 1054 defendunt3
560 1001 675 1058 atqui
706 1001 885 1055 primum
916 1003 998 1040 est:
1030 996 1142 1053 quod
1172 996 1360 1051 sequitur
1379 997 1519 1052 igitur.
1580 999 1767 1041 Perfecta
1788 1006 1850 1042 est
1873 1001 2008 1041 omnis

254 1074 590 1125 argumentorum
621 1062 966 1105 inveniendorum
996 1061 1254 1116 praeceptio,
1297 1065 1362 1108 ut,
1404 1074 1496 1102 cum
1527 1059 1741 1116 profectus
1771 1064 1826 1104 sis
1856 1077 1878 1105 3
1909 1061 2010 1104 defi-

253 1136 429 1182 nitione,
470 1145 493 1172 a
522 1127 768 1185 partitione,
812 1139 834 1166 a
865 1125 1097 1172 notatione,
1145 1137 1169 1164 a
1198 1123 1452 1178 coniugatis,
1484 1137 1506 1164 a
1538 1137 1714 1177 genere,
1748 1138 1771 1166 a
1799 1123 1954 1174 forma,
1987 1139 2009 1167 a

204 1210 241 1237 15
254 1193 547 1241 similitudine,
581 1205 602 1232 a
634 1188 887 1235 differentia,
919 1202 942 1229 a
973 1186 1205 1233 contrariis,
1248 1184 1300 1227 ab
1330 1186 1557 1235 adiunctis,
1590 1200 1614 1227 a
1645 1187 2008 1242 consequentibus,

254 1257 304 1299 ab
335 1252 689 1301 antecedentibus,
736 1265 759 1292 a
790 1247 1137 1306 repugnantibus,
1183 1263 1207 1290 a
1238 1250 1394 1299 causis,
1436 1247 1486 1290 ab
1517 1248 1696 1298 effectis,
1737 1263 1760 1291 a
1789 1263 2007 1304 compara-

253 1321 367 1361 tione
388 1318 613 1366 maiorum,
643 1316 872 1362 minorum,
903 1313 1086 1368 parium,
1117 1311 1229 1354 nulla
1253 1318 1471 1368 praeterea
1490 1311 1608 1354 sedes
1629 1314 1862 1368 argumenti
1883 1327 2010 1371 quae-

251 1381 381 1425 renda
409 1381 473 1423 sit.

364 1446 479 1486 XIX.
512 1445 580 1485 72.
644 1439 726 1483 Sed
763 1438 959 1495 quoniam
996 1437 1053 1480 ita
1083 1453 1107 1481 a
1143 1437 1350 1495 principio
1390 1438 1628 1488 divisimus,
1677 1443 1723 1482 ut
1758 1439 1861 1482 alios
1895 1439 2010 1483 locos

205 1525 241 1552 20
255 1509 484 1552 diceremus
514 1506 558 1548 in
589 1518 639 1547 eo
668 1506 779 1559 ipso,
827 1505 879 1544 de
911 1515 994 1558 quo
1024 1500 1270 1556 ambigitur,
1315 1504 1509 1551 haerere,
1561 1505 1612 1544 de
1643 1503 1792 1559 quibus
1822 1502 1920 1545 satis
1950 1507 2012 1545 est

257 1575 428 1621 dictum,
473 1570 575 1612 alios
613 1568 765 1610 assumi
807 1565 1085 1615 extrinsecus,
1139 1567 1190 1607 de
1219 1567 1270 1606 iis
1300 1579 1430 1621 pauca
1460 1568 1670 1616 dicamus,
1724 1567 1800 1608 etsi
1830 1581 1880 1608 ea
1908 1565 2011 1608 nihil

255 1638 421 1679 omnino
453 1633 503 1675 ad
531 1637 689 1674 vestras
720 1630 1019 1685 disputationes
1048 1627 1281 1684 pertinent;
1313 1630 1386 1670 sed
1417 1636 1556 1670 tamen
1586 1634 1714 1671 totam
1742 1642 1834 1671 rem
1858 1627 2011 1671 efficia-

254 1715 370 1749 mus,
411 1695 746 1754 quandoquidem
789 1693 1018 1746 coepimus.
1088 1694 1232 1746 Neque
1266 1692 1375 1733 enim
1406 1696 1449 1733 tu
1480 1693 1514 1733 is
1546 1705 1615 1741 es,
1647 1705 1771 1748 quem
1800 1690 1903 1733 nihil
1930 1691 2010 1733 nisi

254 1763 318 1805 ius
357 1760 475 1803 civile
513 1758 708 1805 delectet,
758 1760 798 1797 et
834 1754 1029 1811 quoniam
1059 1756 1163 1796 haec
1193 1754 1250 1796 ita
1281 1754 1332 1795 ad
1363 1760 1402 1796 te
1433 1755 1692 1804 scribuntur,
1737 1759 1784 1796 ut
1814 1753 1938 1795 etiam
1968 1753 2011 1795 in

205 1845 239 1871 25
254 1825 430 1867 aliorum
460 1836 604 1864 manus
636 1822 716 1863 sint
745 1825 940 1867 ventura,
975 1819 1093 1859 detur
1122 1830 1274 1873 opera,
1317 1822 1363 1858 ut
1394 1831 1517 1871 quam
1547 1818 1772 1872 plurimum
1802 1818 1873 1866 iis,
1906 1830 2010 1871 quos

254 1894 364 1931 recta
405 1885 539 1929 studia
578 1883 806 1931 delectant,
856 1879 1054 1935 prodesse
1092 1881 1314 1936 possimus.
1376 1882 1444 1921 73.
1494 1881 1608 1921 Haec
1648 1893 1749 1934 ergo
1788 1893 2011 1934 argumen-

252 1953 372 1999 tatio,
405 1963 510 2004 quae
541 1949 690 1990 dicitur
719 1945 816 1987 artis
847 1957 1021 2000 expers,
1062 1944 1106 1984 in
1136 1943 1373 1985 testimonio
1403 1943 1537 1997 posita
1569 1947 1646 1984 est.
1709 1942 2009 1984 Testimonium

252 2019 386 2055 autem
416 2024 525 2053 nunc
554 2011 727 2052 dicimus
759 2021 905 2056 omne,
941 2005 1055 2063 quod
1084 2005 1135 2048 ab
1167 2007 1305 2060 aliqua
1326 2019 1371 2046 re
1395 2010 1565 2047 externa
1586 2006 1766 2047 sumitur
1784 2006 1835 2047 ad
1855 2003 2010 2046 facien-

254 2079 346 2118 dam
375 2075 514 2116 fidem.
574 2066 756 2114 Persona
794 2076 933 2112 autem
970 2083 1077 2119 non,
1124 2070 1424 2124 qualiscunque
1456 2073 1542 2117 est,
1591 2067 1815 2110 testimonii
1845 2065 2009 2121 pondus

204 2141 398 2188 aohabet3
445 2139 496 2178 ad
526 2135 649 2178 fidem
680 2135 788 2176 enim
818 2134 1049 2175 faciendam
1081 2132 1300 2173 auctoritas
1331 2131 1572 2186 quaeritur,
1615 2130 1688 2173 sed
1717 2131 2007 2173 auctoritatem

253 2207 325 2243 aut
367 2205 511 2242 natura
549 2204 618 2240 aut
656 2203 816 2252 tempus
853 2194 988 2237 affert.
1050 2197 1229 2236 Naturae
1268 2194 1493 2235 auctoritas
1532 2193 1575 2235 in
1604 2193 1757 2235 virtute
1786 2195 1895 2235 inest
1922 2206 2009 2235 ma-

251 2265 381 2316 xime;
424 2264 466 2306 in
496 2269 686 2318 tempore
716 2266 852 2303 autem
883 2258 1010 2300 multa
1040 2263 1155 2307 sunt,
1202 2270 1308 2312 quae
1338 2256 1513 2298 afferant
1542 2258 1852 2307 auctoritatem,
1893 2257 2009 2311 inge-

252 2329 386 2375 nium,
432 2340 556 2381 opes,
601 2331 736 2374 aetas,
782 2322 972 2370 fortuna,
1023 2334 1114 2370 ars,
1160 2334 1281 2370 usus,
1326 2319 1572 2369 necessitas,
1621 2322 1839 2363 concursio
1882 2319 2007 2361 etiam

251 2403 547 2445 nonnunquam
590 2402 730 2431 rerum
773 2386 1053 2428 fortuitarum.
1113 2386 1214 2425 Nam
1259 2388 1301 2424 et
1339 2383 1577 2439 ingeniosos
1623 2389 1664 2426 et
1707 2382 1927 2438 opulentos
1967 2386 2009 2424 et

205 2469 239 2496 ³⁵
254 2455 397 2497 aetatis
426 2454 560 2507 spatio
592 2453 789 2508 probatos
820 2449 985 2503 dignos,
1017 2446 1168 2503 quibus
1200 2448 1415 2496 credatur,
1450 2451 1621 2500 putant;
1667 2459 1752 2488 non
1781 2450 1894 2488 recte
1922 2443 2008 2486 for-

253 2522 384 2565 tasse,
437 2515 509 2556 sed
547 2514 662 2568 vulgi
698 2513 839 2567 opinio
879 2512 1029 2552 mutari
1060 2510 1129 2552 vix
1158 2514 1319 2563 potest,
1369 2508 1422 2551 ad
1454 2523 1627 2566 eamque
1657 2510 1798 2551 omnia
1827 2509 2009 2563 dirigunt

255 2585 296 2620 et
325 2578 396 2634 qui
424 2579 606 2619 iudicant
635 2582 674 2618 et
704 2575 775 2631 qui
805 2574 1052 2616 existimant.
1112 2573 1193 2622 Qui
1219 2574 1329 2615 enim
1349 2574 1477 2615 rebus
1497 2572 1571 2624 iis,
1603 2586 1705 2628 quas
1727 2571 1837 2623 dixi,
1870 2570 2007 2614 excel-

253 2641 364 2690 lunt,
397 2642 487 2694 ipsa
516 2642 668 2683 virtute
697 2638 890 2680 videntur
920 2636 1142 2678 excellere.

365 2706 433 2745 74.
483 2705 563 2745 Sed
593 2703 761 2758 reliquis
793 2713 959 2756 quoque
989 2697 1139 2747 rebus,
1176 2712 1276 2755 quas
1305 2700 1430 2740 modo
1465 2698 1723 2747 enumeravi,
1755 2710 2006 2754 quamquam

213 2767 299 2812 uoin
326 2768 376 2808 iis
404 2766 518 2808 nulla
548 2764 706 2819 species
734 2763 898 2805 virtutis
938 2766 1022 2811 est,
1070 2766 1208 2803 tamen
1245 2763 1454 2804 interdum
1494 2760 1764 2804 confirmatur
1792 2759 1920 2810 fides,
1971 2760 2006 2802 si

260 2834 329 2870 aut
349 2842 412 2870 ars
433 2827 635 2884 quaedam
665 2825 882 2868 adhibetur
907 2848 956 2855 -
982 2837 1130 2878 magna
1153 2828 1215 2866 est
1236 2826 1344 2866 enim
1365 2826 1428 2867 vis
1448 2826 1498 2866 ad
1520 2823 1854 2880 persuadendum
1875 2824 2006 2865 scien-

259 2890 337 2932 tiae
362 2915 415 2922 —
445 2896 516 2933 aut
545 2904 666 2939 usus;
704 2889 950 2944 plerumque
980 2888 1089 2928 enim
1126 2886 1311 2929 creditur
1340 2889 1415 2938 iis,
1447 2889 1518 2943 qui
1549 2889 1710 2943 experti
1739 2892 1846 2930 sunt.
1905 2887 2002 2928 XX.

351 3032 406 3064 12.
434 3031 540 3072 Atqui
562 3033 714 3072 primum
739 3033 790 3061 est
814 3029 980 3062 Boethius
1005 3029 1040 3061 in
1067 3028 1131 3060 Ed.
1158 3027 1290 3060 Basia:
1332 3027 1403 3068 Ac,
1431 3028 1524 3069 quod
1546 3030 1701 3069 primum
1726 3031 1774 3061 est
1804 3035 1882 3060 cum
1906 3025 2003 3060 Valla

263 3077 306 3109 E.
356 3078 498 3112 Codices
523 3080 629 3110 nostri
655 3077 772 3110 turbas
799 3078 947 3109 offerunt
973 3075 1241 3109 inextricabiles·
1269 3089 1310 3097 —
1337 3075 1394 3106 22.
1425 3075 1613 3118 efficiamus
1637 3075 1763 3115 abdi,
1791 3074 1852 3110 Gr.
1878 3074 1931 3114 Β,
1956 3081 2001 3116 p:

258 3124 478 3166 perficiamus
502 3126 575 3157 eE.
604 3141 644 3148 —
684 3124 741 3156 24.
769 3125 851 3156 haec
875 3125 927 3155 ita
952 3124 997 3155 ad
1023 3127 1054 3153 te
1080 3121 1202 3155 abdr:
1231 3121 1277 3154 ad
1301 3124 1333 3152 te
1358 3122 1439 3154 haec
1463 3124 1515 3154 ita
1540 3123 1566 3154 E
1594 3132 1671 3156 cum
1698 3123 1837 3156 ceteris.
1864 3138 1907 3144 —
1942 3119 2000 3152 29.

263 3172 509 3212 qualiscunque
534 3175 604 3211 est,
640 3171 795 3205 abdet,
824 3180 865 3216 9:
905 3170 1153 3210 qualiscunque
1179 3177 1246 3201 om.
1274 3171 1322 3200 est
1348 3176 1427 3201 cum
1455 3172 1578 3202 ceteris
1605 3174 1640 3203 et
1666 3170 1763 3203 Valla
1789 3168 1830 3201 E.
1858 3185 1901 3191 —
1941 3167 1999 3198 30.

262 3218 309 3249 ad
333 3217 434 3259 fidem
459 3219 544 3249 enim
567 3219 760 3258 faciendam
786 3217 913 3255 abdi,
941 3217 1019 3249 BV:
1049 3217 1095 3248 ad
1119 3216 1313 3256 faciendam
1339 3217 1427 3248 enim
1451 3217 1552 3258 fidem
1577 3218 1646 3250 eE.
1676 3217 1746 3249 cfr.
1776 3214 1879 3248 Hand
1897 3213 2001 3249 Turs-

261 3264 308 3295 ΙΙ.
337 3272 372 3304 p.
399 3263 478 3295 604.
519 3281 556 3287 —
599 3265 654 3296 37.
681 3265 779 3296 rebus
805 3266 847 3296 iis
873 3264 944 3296 ad:
982 3263 1083 3295 rebus
1108 3264 1159 3294 his
1183 3262 1246 3301 br,
1284 3263 1403 3302 Valla,
1446 3265 1499 3297 his
1528 3264 1630 3297 rebus
1663 3273 1741 3297 cum
1772 3262 1861 3295 Aldo
1887 3260 1930 3294 Ε.
1957 3276 1999 3284 -

260 3310 319 3343 41.
345 3320 475 3353 magna
499 3313 548 3342 est
572 3311 661 3343 enim
686 3311 739 3343 ad
755 3319 772 3344 e
788 3310 820 3352 l',
847 3311 924 3343 BV:
950 3320 1082 3352 mayna
1107 3311 1195 3344 enim
1219 3312 1267 3343 est
1290 3310 1362 3343 NE.
