2117 3762
247 246 326 288 196
950 242 1019 282 DE
1051 241 1295 284 ORATORE

243 354 308 394 ius
338 349 459 393 civile
490 353 559 391 aut
588 361 676 390 rem
706 347 927 388 militarem
966 344 1086 387 iubes
1126 349 1312 389 discere?
1363 350 1465 388 Nam
1507 347 1598 402 quis
1635 347 1688 387 ad
1726 348 1803 388 ista
1841 362 2001 390 summa

244 422 366 470 atque
399 415 440 455 in
471 413 583 453 omni
614 424 764 466 genere
796 407 978 463 perfecta
1009 413 1146 461 potest
1174 411 1417 464 pervenire?
1469 411 1573 450 Tum
1615 409 1709 457 ille,
1751 412 1841 463 Ego
1872 425 1996 459 vero,

241 478 399 532 inquit,
443 477 553 531 quod
583 475 624 514 in
656 474 774 513 vobis
805 471 1014 524 egregiam
1047 475 1251 525 quandam
1282 487 1327 514 ac
1357 472 1613 528 praeclaram
1645 470 1827 513 indolem
1857 473 1908 514 ad
1939 474 1999 515 di-

244 542 418 581 cendum
450 552 540 579 esse
571 535 771 589 cognovi,
821 534 976 574 idcirco
1009 532 1111 574 haec
1143 537 1319 587 exposui
1357 537 1521 585 omnia3
1575 549 1650 575 nec
1683 536 1812 589 magis
1845 534 1895 575 ad
1926 551 1997 578 eos

214 600 539 647 sdeterrendos,
588 598 658 652 qui
688 610 771 638 non
802 602 994 650 possent,
1029 610 1150 650 quam
1182 596 1234 637 ad
1263 612 1363 647 vos,
1398 600 1467 652 qui
1498 599 1700 653 possetis,
1735 600 1998 640 exacuendos

242 661 551 706 accommodavi
583 660 813 700 orationem
846 673 1003 709 meam;
1047 664 1087 699 et
1117 672 1364 715 quamquam
1394 660 1435 701 in
1466 666 1644 715 utroque
1674 662 1858 702 vestrum
1889 674 1999 702 sum-

242 741 354 768 mum
388 739 476 766 esse
505 722 718 777 ingenium
761 722 1025 777 studiumque
1062 721 1280 776 perspexi,
1332 727 1468 763 tamen
1506 723 1630 771 haec,
1678 736 1782 777 quae
1826 729 1920 764 sunt
1956 723 1998 765 in

240 788 378 842 specie
400 788 557 840 posita,
591 787 643 826 de
667 786 818 839 quibus
850 786 971 838 plura
1000 784 1176 825 fortasse
1208 783 1318 832 dixi,
1352 799 1473 837 quam
1504 786 1637 827 solent
1669 786 1813 825 Graeci
1845 787 1996 834 dicere,

238 852 280 891 in
302 856 364 898 te,
400 849 574 903 Sulpici,
608 847 745 889 divina
777 853 882 889 sunt.
945 849 1036 890 132.
1067 849 1155 900 Ego
1180 846 1290 887 enim
1311 845 1520 888 neminem
1546 862 1625 889 nec
1655 853 1770 889 motu
1801 847 1997 901 corporis

188 926 224 951 ιο
238 925 372 967 neque
416 910 507 966 ipso
554 910 697 951 habitu
739 916 862 965 atque
903 908 1036 950 forma
1068 909 1272 964 aptiorem
1302 922 1378 949 nec
1408 923 1511 950 voce
1543 910 1774 963 pleniorem
1807 916 1877 951 aut
1906 924 1999 952 sua-

237 975 397 1017 viorem
442 974 545 1013 mihi
585 972 732 1014 videor
771 972 953 1022 audisse;
1006 986 1112 1026 quae
1144 973 1294 1027 quibus
1325 985 1349 1012 a
1379 977 1527 1012 natura
1556 973 1718 1013 minora
1749 976 1843 1014 data
1873 977 1994 1020 sunt,

236 1043 374 1078 tamen
415 1035 518 1077 illud
557 1037 721 1091 assequi
756 1040 949 1090 possunt,
996 1040 1041 1075 ut
1073 1034 1147 1083 iis,
1196 1048 1301 1089 quae
1332 1035 1510 1081 hahent,
1559 1034 1719 1076 modice
1750 1041 1791 1076 et
1820 1034 1999 1075 scienter

235 1106 400 1141 utantur
431 1104 471 1140 et
490 1103 604 1140 utne
629 1097 840 1139 dedeceat.
900 1099 947 1138 Id
979 1097 1088 1138 enim
1119 1101 1181 1137 est
1210 1098 1390 1137 maxime
1421 1097 1633 1138 vitandum
1665 1102 1706 1138 et
1736 1096 1785 1138 de
1814 1094 1894 1138 hoc
1914 1109 1998 1137 uno

234 1162 405 1204 minime
438 1167 499 1203 est
527 1160 647 1202 facile
676 1160 922 1214 praecipere
953 1174 1038 1201 non
1068 1159 1169 1200 mihi
1200 1161 1351 1208 mod0,
1387 1161 1456 1214 qui
1489 1160 1595 1200 sicut
1623 1174 1729 1200 unus
1759 1158 1999 1215 paterfami-

185 1225 310 1266 aslias
341 1225 405 1266 his
439 1227 489 1265 de
519 1222 646 1265 rebus
677 1225 849 1279 loquor,
882 1222 953 1264 sed
987 1222 1110 1264 etiam
1142 1222 1221 1276 ipsi
1253 1221 1313 1263 illi
1343 1221 1519 1272 Rosci03
1568 1235 1691 1276 quem
1723 1235 1844 1275 saepe
1874 1223 1996 1263 audio

235 1287 374 1329 dicere
405 1292 528 1341 caput
557 1300 649 1328 esse
681 1288 780 1327 artis
812 1285 987 1336 decere3
1037 1285 1148 1341 quod
1191 1291 1328 1326 tamen
1358 1299 1486 1326 unum
1516 1285 1559 1325 id
1590 1298 1700 1333 esse,
1749 1283 1861 1338 quod
1891 1283 1999 1325 tradi

234 1355 322 1391 arte
352 1364 437 1391 non
467 1350 612 1403 possit.
677 1351 770 1389 133.
820 1350 919 1397 Sed,
970 1347 1005 1389 si
1034 1350 1191 1402 placet,
1242 1361 1478 1389 sermonem
1517 1348 1599 1389 alio
1631 1345 1926 1389 transferamus
1957 1351 1998 1388 et

233 1419 377 1455 nostro
409 1426 526 1455 more
557 1413 803 1466 aliquando,
836 1425 920 1452 non
949 1410 1183 1458 rhetorico,
1216 1412 1453 1466 loquamur.

344 1476 514 1518 Minime
553 1489 676 1521 vero,
726 1474 860 1529 inquit
900 1474 1033 1514 Cotta.
1095 1476 1213 1514 Nunc
1246 1475 1355 1514 enim
1388 1480 1426 1514 te
1456 1472 1538 1514 iam
1572 1486 1796 1514 exoremus
1826 1485 1996 1514 necesse

185 1555 220 1581 20
236 1544 321 1588 est,
355 1537 550 1594 quoniam
580 1539 734 1579 retines
766 1550 841 1577 nos
871 1536 914 1576 in
940 1538 1020 1577 hoc
1051 1536 1189 1578 studio
1221 1551 1298 1577 nec
1329 1539 1379 1578 ad
1412 1536 1534 1577 aliam
1566 1535 1736 1577 dimittis
1767 1541 1922 1584 artem,
1953 1540 2000 1576 ut

233 1603 354 1645 nobis
394 1603 600 1656 explices,
649 1598 849 1655 quidquid
889 1604 951 1640 est
989 1598 1120 1647 istud,
1166 1601 1279 1654 quod
1316 1601 1431 1640 tuin
1464 1598 1640 1640 dicendo
1672 1604 1814 1654 potes;
1864 1612 1998 1654 neque

234 1666 345 1707 enim
390 1678 530 1705 sumus
569 1664 691 1704 nimis
729 1662 860 1711 avidi3
913 1661 990 1702 ista
1020 1668 1089 1702 tua
1120 1662 1324 1703 mediocri
1355 1662 1593 1716 eloquentia
1625 1664 1806 1703 contenti
1838 1675 1995 1710 sumus,

232 1729 357 1784 idque
389 1742 441 1768 ex
470 1732 510 1768 te
543 1724 804 1780 quaerimUS‚
858 1722 916 1778 (ut
946 1739 998 1765 110
1029 1724 1123 1777 plus
1154 1738 1229 1766 nos
1260 1738 1558 1779 assequamur,
1601 1738 1724 1779 quam
1756 1726 1999 1779 quantulum

232 1797 277 1833 tu
306 1793 349 1832 in
381 1792 555 1832 dicendo
594 1794 802 1829 assecutus
847 1788 936 1837 eS,)
984 1788 1201 1842 quoniam,
1248 1802 1354 1841 quae
1385 1802 1407 1828 a
1437 1793 1583 1829 natura
1615 1786 1849 1843 expetenda
1880 1791 1997 1841 sunt,

183 1868 283 1895 25ea
313 1853 414 1894 dicis
445 1867 530 1894 non
559 1851 680 1892 nimis
711 1850 856 1891 deesse
886 1851 1028 1898 nobis,
1061 1850 1160 1905 quid
1188 1856 1402 1905 praeterea
1437 1864 1526 1892 esse
1547 1852 1839 1892 assumendum
1861 1855 1994 1906 putes.

232 1918 368 1957 XXX.
406 1917 499 1956 134.
553 1918 656 1956 Tum
699 1914 867 1954 Crassus
906 1913 1116 1960 arridens,
1167 1914 1277 1962 Quid
1309 1927 1473 1961 censes,
1519 1912 1677 1966 inquit,
1729 1915 1869 1961 Cotta,
1918 1913 1997 1953 nisi

233 1980 415 2021 studium
446 1983 486 2019 et
516 1978 710 2018 ardorem
741 1977 946 2030 quendam
976 1974 1161 2017 amoris?
1205 1977 1294 2016 siue
1325 1990 1406 2031 quo
1439 1989 1532 2016 cum
1561 1976 1604 2017 in
1636 1975 1720 2017 vita
1750 1974 1851 2016 nihil
1881 1973 1999 2029 quid-

233 2055 355 2096 quam
387 2041 625 2094 egregium‚
675 2044 761 2079 tum
793 2044 902 2079 certe
933 2038 1033 2087 hoc,
1083 2037 1195 2092 quod
1227 2045 1268 2079 tu
1300 2040 1478 2094 expetis,
1520 2052 1642 2079 nemo
1675 2051 1857 2092 unquam
1887 2051 1998 2079 asse-

233 2110 396 2160 quetur.
455 2105 601 2156 Neque
630 2115 731 2143 vero
764 2115 837 2143 vos
868 2103 919 2142 ad
951 2115 1041 2142 eam
1081 2114 1170 2142 rem
1211 2102 1331 2142 video
1376 2115 1466 2142 esse
1506 2102 1813 2151 cohortandos;
1866 2114 1996 2155 quos,

183 2182 220 2209 30
234 2181 326 2209 cum
357 2165 457 2207 mihi
489 2178 654 2218 quoque
685 2163 772 2205 sitis
804 2163 989 2212 molesti,
1023 2163 1146 2204 nimis
1177 2163 1301 2205 etiam
1331 2163 1504 2218 flagrare
1535 2164 1721 2218 intelligo
1752 2164 1994 2216 cupiditate.

236 2232 330 2271 135.
366 2227 447 2270 Sed
487 2226 675 2280 profecto
715 2226 851 2268 studia
889 2226 994 2267 nihil
1035 2233 1208 2281 prosunt
1238 2228 1506 2281 perveniendi
1537 2227 1701 2283 aliquo,
1753 2224 1833 2266 nisi
1864 2224 1993 2274 illud,

234 2294 347 2348 quod
378 2305 450 2340 eo,
500 2303 582 2343 quo
613 2288 823 2337 intendas,
863 2288 967 2330 ferat
996 2288 1275 2344 deducatque,
1323 2289 1532 2343 cognoris.
1594 2292 1752 2339 Quare,
1799 2289 1997 2344 quoniam

232 2356 334 2396 mihi
371 2353 503 2395 levius
545 2355 755 2407 quoddam
791 2366 895 2393 onus
926 2352 1138 2407 imponitis
1169 2366 1304 2407 neque
1335 2367 1387 2393 ex
1417 2367 1483 2394 me
1515 2352 1565 2394 de
1597 2354 1776 2395 oratoris
1806 2358 1892 2394 arte
1923 2355 1997 2395 sed

235 2420 286 2459 de
315 2419 392 2458 hac
422 2430 538 2465 mea,
573 2415 933 2471 quantulacunque
955 2422 1038 2464 est,
1071 2416 1264 2457 facultate
1287 2417 1507 2471 quaeritis,
1541 2430 1750 2469 exponam
1771 2413 1890 2458 vobis
1911 2429 1995 2457 non

185 2496 220 2522 35
235 2478 439 2536 quandam
461 2484 531 2519 aut
559 2479 891 2533 perreconditam
924 2484 994 2519 aut
1024 2477 1142 2520 valde
1176 2477 1386 2520 difficilem
1418 2484 1487 2520 aut
1517 2478 1777 2533 magnificam
1807 2483 1876 2519 aut
1905 2491 1997 2533 gra-

236 2557 330 2585 vem
359 2543 564 2583 rationem
596 2540 906 2582 consuetudinis
937 2555 1074 2589 meae,
1121 2556 1203 2596 qua
1234 2544 1443 2596 quondam
1474 2541 1618 2583 solitus
1649 2556 1739 2584 sum
1771 2540 1854 2590 uti,
1902 2554 1996 2583 cum

234 2604 335 2647 mihi
364 2606 407 2646 in
435 2604 514 2645 isto
546 2603 680 2644 studio
712 2606 867 2645 versari
898 2604 1150 2645 adolescenti
1179 2604 1345 2646 licebat.
1408 2606 1499 2646 136.
1540 2607 1643 2645 Tum
1683 2605 1911 2658 Sulpicius,
1960 2606 1994 2646 O

236 2667 369 2717 diem,
403 2669 537 2714 Cotta,
567 2665 710 2715 nobis,
743 2666 898 2720 inquit,
931 2669 1138 2721 optatum!
1175 2667 1286 2722 quod
1309 2667 1420 2710 enim
1441 2681 1574 2724 neque
1594 2668 1789 2723 precibus
1809 2682 1993 2725 unquam

235 2744 311 2771 nec
347 2728 580 2770 insidiando
619 2742 696 2769 1100
735 2729 985 2781 speculando
1016 2731 1180 2786 assequi
1210 2731 1355 2784 potui,
1402 2737 1467 2781 ut,
1519 2732 1617 2785 quid
1650 2732 1819 2772 Crassus
1851 2736 1993 2786 ageret

187 2808 222 2834 40
236 2791 460 2834 meditandi
502 2796 572 2833 aut
611 2791 774 2833 dicendi
817 2806 961 2841 causa,
1008 2806 1092 2834 non
1131 2796 1257 2835 modo
1288 2794 1430 2836 videre
1460 2795 1561 2835 mihi
1592 2793 1664 2835 sed
1694 2807 1746 2835 ex
1776 2795 1864 2836 eius
1895 2794 1995 2836 scri-

237 2860 356 2907 ptore
398 2862 440 2896 et
476 2856 631 2895 lectore
670 2853 840 2909 Diphilo
881 2855 1082 2910 suspicari
1122 2856 1288 2906 liceret,
1337 2856 1380 2898 id
1417 2870 1540 2910 spero
1581 2870 1657 2899 nos
1699 2869 1789 2898 esse
1820 2855 1992 2913 adeptos

239 2917 455 2973 omniaque
485 2917 567 2958 iam
599 2931 652 2958 ex
681 2917 798 2970 ipso,
832 2931 938 2972 quae
969 2917 1039 2959 diu
1070 2919 1285 2974 cupimus,
1319 2921 1571 2974 cognituros.

349 2981 502 3021 XXXI.
539 2981 631 3022 137.
672 2982 776 3021 Tum
808 2980 1000 3021 Crassus:
1048 2983 1172 3038 Atqui
1203 2983 1406 3030 arbitror,
1449 2982 1623 3036 Sulpici,
1661 2997 1754 3026 cum
1784 2982 1987 3034 audieris,

332 3150 387 3180 12.
415 3154 529 3181 tamen
553 3153 612 3192 qui
636 3152 725 3184 illud
750 3153 788 3185 R.
819 3168 856 3176 -·
897 3153 1020 3185 habent
1046 3154 1072 3184 B
1099 3154 1251 3194 aliique,
1279 3154 1331 3186 R:
1359 3153 1510 3188 habeant
1536 3155 1576 3188 E.
1604 3171 1648 3178 —-
1685 3157 1741 3189 17.
1769 3155 1921 3196 feramus
1945 3154 1986 3188 B.

241 3212 282 3220 —
307 3196 362 3229 21.
392 3202 438 3228 est
463 3198 524 3228 hoc
548 3200 634 3230 illud
659 3200 699 3231 B.
727 3217 768 3223 —
794 3201 831 3231 in
855 3200 1000 3232 dicendo
1026 3204 1061 3232 tu
1084 3207 1180 3242 potes
1207 3202 1247 3233 R.
1278 3218 1319 3223 —
1345 3202 1401 3234 22.
1431 3203 1491 3235 Vv.
1518 3203 1621 3235 nimis
1645 3220 1659 3226 —
1680 3219 1694 3225 -
1718 3211 1832 3235 sumus
1855 3202 1990 3235 excide-

239 3247 322 3275 runt
348 3252 386 3274 ex
413 3244 453 3274 B.
484 3259 519 3264 —
548 3246 604 3276 28.
633 3245 706 3287 hoc]
733 3248 769 3278 id
795 3247 834 3278 B.
861 3264 905 3268 —
932 3248 1135 3288 obsequetur
1161 3249 1200 3279 B.
1232 3266 1268 3272 -
1312 3249 1368 3280 29.
1399 3250 1632 3282 exhortandos
1659 3251 1708 3288 B,
1748 3249 1988 3282 adhortandos

240 3290 281 3321 R.
303 3306 343 3311 —
370 3289 425 3321 34.
452 3290 546 3321 vobis
572 3300 740 3329 exponam.
760 3296 798 3323 Β.
819 3309 862 3316 -
885 3303 956 3326 non
980 3295 1159 3336 quandam
1178 3295 1203 3325 Β
1232 3298 1426 3335 ceterique,
1455 3297 1504 3329 R:
1532 3297 1710 3338 quandam
1730 3306 1800 3327 non
1818 3296 1987 3329 Lambino

241 3342 383 3370 auctore
410 3337 450 3368 E.
483 3351 518 3360 -
549 3336 604 3369 35.
631 3341 846 3372 reconditam
872 3341 912 3374 R.
939 3358 980 3365 —-·
1007 3341 1063 3374 36.
1090 3343 1260 3375 ratione-m
1287 3352 1356 3376 om.
1383 3343 1454 3377 BR.
1485 3358 1521 3367 ——
1549 3344 1606 3377 40.
1633 3344 1784 3376 discendi
1808 3343 1949 3377 Bakius.
