2117 3762
722 290 822 331 LIB.
856 288 929 329 111.
991 289 1032 331 C.
1064 288 1128 330 M).
1162 290 1228 331 50.
1770 294 1848 335 331

99 399 146 436 ut
177 396 471 437 conversiones
501 397 649 437 habeat
678 392 900 436 absolutas.
961 396 1103 450 Neque
1134 409 1298 452 semper
1325 395 1523 438 utendum
1555 401 1616 438 est
1644 401 1850 454 perpetui-

100 463 181 499 tate
214 462 255 498 et
284 458 398 512 quasi
429 458 703 500 conversione
736 459 980 504 verborum,
1013 457 1084 499 sed
1107 473 1230 512 saepe
1253 458 1458 512 carpenda
1490 458 1687 501 membris
1718 463 1852 503 minu-

98 518 274 560 tioribus
315 519 447 561 oratio
489 526 573 568 est,
625 532 731 575 quae
772 524 904 560 tamen
944 520 1030 575 ipsa
1064 523 1249 562 membra
1279 527 1371 563 sunt
1401 523 1584 563 numeris
1615 522 1846 566 vincienda.

100 583 191 622 191.
222 583 363 638 Neque
395 596 468 624 vos
498 594 631 638 paeon
653 587 722 622 aut
742 583 894 623 herous
914 582 980 624 ille
1002 586 1236 624 conturbet.
1299 583 1381 637 lpsi
1403 590 1621 626 occurrent
1641 585 1818 627 orationi
1837 603 1847 637 ;

96 644 197 698 ipsi,
228 645 417 701 inquam,
448 658 491 686 se
525 643 700 686 offerent
731 649 771 684 et
791 645 1098 700 respondebunt
1120 660 1202 688 non
1223 647 1371 688 vocati.
1436 649 1699 689 Consuetudo
1722 648 1847 690 modo
1865 660 1879 686 s

95 707 165 754 illa
194 707 247 749 sit
276 706 479 749 scribendi
510 712 632 760 atque
663 706 844 755 dicendi,
893 713 935 748 ut
965 707 1192 749 sententiae
1225 711 1363 749 verbis
1394 707 1586 751 finiantur
1617 723 1848 766 eorumque

96 767 320 811 verborum
350 769 505 811 iunctio
537 774 729 809 nascatur
759 783 780 810 a
811 769 999 823 proceris
1031 770 1212 811 numeris
1242 784 1287 811 ac
1316 770 1481 820 liberis,
1516 773 1695 815 maxime
1718 773 1849 816 heroo

94 838 166 874 aut
194 846 351 888 paeone
381 832 522 885 priore
553 837 621 872 aut
651 831 826 879 cretico,
859 834 931 873 sed
963 834 1074 873 varie
1106 831 1378 888 distincteque
1411 834 1608 876 considat.
1674 838 1848 878 Notatur

94 896 204 936 enim
234 896 411 935 maxime
443 893 668 934 similitudo
701 895 742 935 in
772 896 1119 949 conquiescendo.
1177 897 1246 942 Et,
1278 896 1311 935 si
1343 897 1464 949 primi
1497 903 1538 937 et
1567 900 1761 952 postremi
1789 899 1848 941 illi

92 956 220 1012 pedes
249 962 344 998 sunt
374 957 449 996 hac
480 957 637 997 ratione
668 958 841 1004 servati,
874 957 999 997 medii
1030 962 1204 1009 possunt
1233 956 1388 1006 latere,
1422 957 1544 999 modo
1577 974 1627 1001 ne
1654 961 1846 1004 circuitus
1864 974 1898 999 ¹0

92 1018 179 1073 ipse
218 1019 445 1060 verborum
488 1018 539 1058 sit
574 1024 644 1058 aut
682 1018 869 1066 brevior,
923 1032 1045 1074 quam
1085 1032 1206 1060 aures
1248 1025 1512 1075 exspectent,
1562 1028 1630 1063 aut
1661 1023 1846 1077 longior,

91 1093 214 1136 quam
244 1080 354 1121 vires
384 1086 506 1136 atque
538 1082 675 1121 anima
706 1080 898 1136 patiatur.
961 1083 1005 1122 L.
1044 1083 1134 1124 192.
1182 1079 1395 1123 Clausulas
1436 1090 1572 1125 autem
1612 1085 1848 1140 diligentius

90 1143 214 1184 etiam
256 1146 477 1185 servandas
520 1157 611 1184 esse
655 1145 836 1185 arbitror
874 1157 996 1199 quam
1037 1142 1280 1196 superiora,
1333 1143 1445 1199 quod
1486 1145 1528 1186 in
1572 1146 1630 1189 eis
1669 1149 1847 1190 maxime

88 1203 286 1261 perfectio
319 1211 442 1261 atque
473 1203 681 1247 absolutio
712 1205 931 1247 iudicatur.
993 1207 1095 1246 Nam
1135 1218 1278 1246 versus
1314 1219 1447 1261 aeque
1480 1208 1610 1261 prima
1641 1215 1679 1251 et
1712 1210 1847 1252 media

90 1273 130 1309 et
158 1272 344 1308 extrema
374 1280 468 1322 pars
498 1267 745 1317 attenditur;
779 1267 849 1323 qui
871 1267 1132 1316 debilitatur,
1167 1268 1209 1307 in
1231 1281 1479 1324 quacunque
1513 1277 1574 1311 est
1605 1278 1720 1327 parte
1752 1272 1896 1316 ritu-1⁵

88 1330 253 1378 batum;
304 1330 345 1369 in
387 1332 574 1371 oratione
615 1336 751 1371 autem
793 1330 913 1383 pauci
957 1332 1091 1386 prima
1137 1336 1327 1378 cernunt,
1378 1338 1589 1386 postrema
1638 1335 1841 1390 plerique.

90 1392 229 1442 Quae,
260 1391 457 1447 quoniam
489 1399 691 1447 apparent
721 1399 762 1434 et
792 1392 1103 1447 intelliguntur,
1136 1392 1334 1434 varianda
1365 1399 1483 1442 sunt,
1515 1409 1564 1436 ne
1589 1402 1659 1437 aut
1688 1399 1846 1439 animo-

88 1467 178 1495 rum
209 1453 371 1496 iudiciis
405 1456 673 1508 repudientur
703 1462 771 1497 aut
801 1457 963 1497 aurium
994 1455 1193 1497 satietate.
1254 1457 1347 1497 193.
1393 1459 1484 1498 Duo
1522 1459 1631 1499 enim
1662 1466 1732 1500 aut
1762 1466 1846 1502 tres

86 1515 176 1558 fere
207 1522 302 1558 sunt
332 1519 507 1559 extremi
538 1517 732 1559 servandi
764 1524 805 1559 et
834 1518 1005 1560 notandi
1035 1517 1187 1571 pedes,
1233 1519 1267 1559 si
1307 1521 1432 1560 modo
1471 1533 1554 1561 non
1584 1522 1776 1564 breviora
1807 1528 1847 1565 et

86 1580 275 1635 praecisa
305 1586 427 1621 erunt
456 1582 694 1634 superiora3
728 1595 833 1637 quos
864 1586 933 1622 aut
963 1583 1139 1622 choreos
1169 1586 1238 1621 aut
1269 1579 1420 1622 heroos
1451 1588 1520 1623 aut
1549 1582 1728 1626 alternos
1755 1599 1844 1628 esse
1860 1596 1896 1622 2⁰

87 1642 297 1697 oportebit
326 1648 396 1684 aut
423 1644 464 1683 in
495 1656 655 1698 paeone
686 1643 756 1684 illo
789 1642 1047 1697 posteriore,
1080 1656 1202 1698 quem
1232 1643 1475 1686 Aristoteles
1506 1648 1677 1698 probat,
1711 1651 1843 1691 antei

85 1706 175 1760 pari
205 1707 374 1747 cretico.
433 1707 594 1747 Horum
626 1705 929 1748 vicissitudines
960 1704 1159 1754 efficient,
1200 1712 1244 1746 ut
1274 1719 1408 1762 neque
1439 1706 1467 1748 ii
1496 1709 1719 1759 satientur,
1769 1713 1840 1766 qui

86 1768 275 1816 audient,
308 1766 474 1809 fastidio
505 1767 810 1816 similitudinis,
844 1782 920 1809 nec
951 1781 1025 1809 nos
1057 1769 1122 1816 id,
1155 1767 1268 1824 quod
1298 1769 1520 1819 faciemus,
1554 1785 1683 1826 opera
1704 1773 1844 1816 dedita

84 1828 222 1871 facere
253 1830 481 1872 videamur.
544 1832 636 1872 19⁷4.
672 1830 830 1881 Quodsi
861 1832 1074 1885 Antipater
1103 1830 1170 1871 ille
1205 1831 1419 1879 Sidonius,
1456 1846 1579 1887 quem
1610 1840 1652 1875 tu
1683 1838 1840 1891 probe,

85 1893 249 1941 Catule,
293 1892 538 1941 meministi,
579 1893 722 1935 solitus
754 1900 817 1934 est
845 1907 987 1935 versus
1031 1895 1297 1934 hexametros
1341 1893 1526 1949 aliosque
1557 1897 1679 1937 variis
1709 1900 1842 1940 modis
1857 1909 1891 1936 2⁵

83 1960 207 2010 atque
237 1955 422 1996 numeris
452 1954 625 1997 sundere
656 1969 708 1998 ex
740 1962 929 2009 tempore
960 1961 1201 2010 tantumque
1232 1957 1413 1997 hominis
1445 1958 1647 2012 ingeniosi
1680 1974 1726 2000 ac
1756 1974 1841 2002 me-

83 2017 212 2058 moris
251 2016 379 2059 valuit
417 2018 687 2067 exercitatio,
734 2024 797 2066 ut,
843 2031 935 2058 cum
967 2032 1010 2059 se
1042 2024 1178 2058 mente
1209 2032 1256 2059 ac
1286 2019 1497 2060 voluntate
1528 2022 1770 2063 coniecisset
1799 2022 1841 2065 in

82 2092 273 2129 versum,
306 2079 436 2122 verba
466 2087 762 2137 sequerentur3
794 2086 946 2136 quanto
978 2080 1020 2121 id
1050 2080 1210 2122 facilius
1230 2080 1273 2122 in
1294 2083 1507 2131 oratione,
1542 2085 1835 2127 exercitatione

84 2147 126 2183 et
155 2142 453 2185 consuetudine
484 2145 690 2193 adbibita,
725 2144 1052 2198 consequemur!

196 2207 288 2246 195.
333 2205 439 2247 Illud
477 2212 615 2247 autem
655 2220 708 2248 ne
752 2207 844 2260 quis
883 2205 1134 2255 admiretur,
1182 2219 1362 2261 quonam
1404 2207 1528 2249 modo
1561 2210 1663 2250 haec
1694 2210 1839 2265 vulgus
1855 2220 1890 2246 ³⁰

81 2267 372 2320 imperitorum
402 2267 445 2308 in
476 2267 681 2309 audiendo
711 2274 847 2317 notet3
894 2281 987 2309 cum
1017 2267 1059 2309 in
1090 2269 1203 2310 omni
1234 2283 1409 2324 genere,
1453 2276 1537 2311 tum
1569 2271 1610 2313 in
1642 2272 1719 2314 hoc
1749 2276 1840 2328 ipso

81 2342 231 2384 magna
251 2328 453 2384 quaedam
481 2336 543 2372 est
572 2330 633 2372 vis
665 2329 1004 2385 incredibilisque
1035 2337 1222 2373 naturae.
1285 2333 1439 2374 Omnes
1463 2333 1572 2374 enim
1595 2337 1717 2377 tacito
1739 2350 1840 2391 quo-

81 2390 175 2433 dam
206 2406 330 2434 sensu
361 2392 449 2434 sine
479 2392 563 2434 ulla
592 2399 681 2434 arte
711 2398 781 2434 aut
810 2394 994 2440 ratione,
1026 2407 1132 2449 quae
1162 2395 1243 2435 sint
1272 2396 1315 2435 in
1347 2395 1503 2437 artibus
1533 2410 1580 2438 ac
1609 2398 1837 2441 rationibus

79 2460 195 2496 recta
224 2469 271 2497 ac
302 2469 454 2511 prava,
487 2454 734 2505 diiudicant3
767 2455 891 2510 idque
921 2469 1013 2497 cum
1043 2456 1196 2498 faciunt
1225 2457 1268 2498 in
1299 2458 1469 2513 picturis
1501 2464 1542 2500 et
1571 2460 1612 2501 in
1642 2460 1766 2514 signis
1798 2466 1838 2502 et

80 2519 123 2558 in
152 2517 245 2559 aliis
274 2519 494 2574 operibus,
538 2520 589 2560 ad
629 2532 807 2573 quorum
843 2519 1153 2572 intelligentiam
1198 2534 1221 2560 a
1252 2527 1400 2562 natura
1431 2522 1564 2563 minus
1594 2521 1746 2564 habent
1776 2524 1837 2564 in·
1851 2538 1886 2565 ³⁵

80 2580 317 2628 strumenti,
351 2586 436 2622 tum
469 2581 598 2623 multo
629 2583 850 2622 ostendunt
871 2583 1000 2635 magis
1030 2581 1071 2622 in
1094 2584 1343 2632 verborum,
1378 2597 1645 2627 numerorum
1669 2600 1835 2626 vocum-

81 2656 162 2698 que
191 2642 371 2694 iudici03
419 2643 530 2700 quod
571 2657 618 2685 ea
659 2649 753 2684 sunt
790 2643 833 2684 in
870 2643 1159 2686 communibus
1199 2644 1323 2686 infixa
1363 2645 1552 2687 sensibus
1587 2661 1661 2688 nec
1691 2661 1832 2688 earum

80 2717 221 2746 rerum
262 2719 511 2763 quemquam
550 2707 732 2747 funditus
771 2712 916 2748 natura
956 2720 1047 2748 esse
1087 2707 1220 2749 voluit
1258 2714 1489 2762 expertem.
1552 2711 1643 2749 196.
1690 2710 1832 2764 Itaque

171 2862 207 2894 2.
227 2861 341 2904 quasi]
361 2873 446 2905 quos
462 2868 494 2895 et
512 2863 588 2904 (sic)
605 2865 643 2896 B.
662 2881 702 2886 —
720 2865 890 2904 capienda
905 2864 1024 2903 Ama.
1044 2881 1081 2887 —
1100 2865 1273 2905 membris]
1291 2866 1403 2898 verbis
1423 2866 1461 2897 B.
1481 2883 1518 2889 —
1539 2865 1573 2896 4.
1590 2865 1702 2904 Neque
1720 2868 1836 2897 tamen

78 2917 142 2941 nos
167 2908 246 2949 (sic)
273 2911 313 2941 R.
343 2927 383 2932 —
409 2919 526 2950 paean
554 2912 592 2942 B.
624 2928 660 2934 —
689 2911 724 2943 7.
752 2912 950 2943 coniunctio
976 2913 1015 2942 B.
1046 2929 1081 2935 —-
1112 2921 1153 2943 ac
1175 2914 1330 2952 proceris
1358 2913 1408 2949 A,
1435 2922 1475 2943 ac
1497 2920 1563 2952 pro
1589 2912 1704 2942 ceteris
1730 2911 1770 2942 B.
1793 2927 1832 2935 --

79 2955 114 2988 8.
141 2961 203 2988 aut
230 2955 340 2988 Codd-
369 2957 440 2988 aL:
467 2962 497 2989 et
524 2958 598 2995 (AB
612 2959 641 2992 ἳ)
668 2958 739 2989 RE.
775 2974 817 2981 --
849 2959 967 2997 priore
991 2958 1049 2989 AB
1076 2958 1231 2997 aliique,
1261 2960 1314 2990 R:
1354 2960 1543 2999 posteriore
1571 2958 1610 2988 E.
1638 2974 1680 2978 —
1721 2958 1756 2988 9.
1781 2958 1836 2991 illi

80 3011 150 3034 om.
169 3003 239 3034 AB.
263 3019 293 3025 -
325 3004 381 3034 11.
402 3012 509 3044 quam
526 3009 589 3036 auc
607 3013 711 3036 aures
733 3005 772 3036 R.
794 3021 833 3027 —
862 3004 918 3036 13.
941 3006 1044 3036 eliam
1061 3006 1259 3045 ditiqentius
1274 3007 1313 3037 R.
1332 3021 1374 3027 —
1400 3006 1446 3036 eis
1466 3005 1510 3035 ss:
1539 3004 1588 3035 his
1606 3003 1648 3042 (A
1660 3003 1775 3043 7)RE.
1791 3020 1833 3028 —

79 3050 136 3082 15.
165 3047 236 3091 qui]
266 3049 350 3089 quid
375 3048 418 3080 Α.
446 3065 487 3070 -
513 3056 561 3082 est
588 3051 646 3083 AB
673 3052 827 3092 aliique:
859 3053 904 3082 sit
929 3051 998 3082 RE.
1031 3068 1066 3074 —
1097 3052 1152 3083 16.
1178 3054 1280 3092 pauci
1302 3053 1419 3091 prima
1445 3051 1502 3081 AB
1529 3050 1688 3088 alitque:
1713 3052 1834 3090 prima

75 3098 182 3138 pauci
209 3096 283 3127 RE.
315 3111 349 3117 —
381 3095 437 3126 17.
467 3096 562 3136 Quae
590 3106 657 3129 orn.
687 3098 726 3130 B.
755 3113 796 3119 -
834 3098 890 3129 19.
917 3099 986 3138 sere
1011 3103 1093 3128 sunt
1120 3098 1178 3129 AB
1206 3099 1360 3139 aliique:
1387 3101 1465 3128 sunt
1491 3096 1561 3135 sere
1586 3096 1656 3128 RE.
1688 3114 1722 3120 —
1763 3106 1836 3130 non

80 3151 150 3175 om.
177 3143 249 3174 AB.
279 3157 317 3165 —
344 3141 400 3173 20.
428 3142 562 3174 chorios
587 3144 636 3180 A,
665 3145 820 3176 chorreos
847 3145 887 3176 R.
918 3160 957 3166 —
983 3144 1040 3175 21.
1066 3145 1104 3175 in
1128 3154 1196 3177 om.
1226 3145 1264 3175 Β.
1295 3161 1332 3167 -
1362 3142 1403 3183 ei]
1432 3147 1460 3175 et
1489 3143 1515 3174 B
1533 3165 1542 3179 .
1570 3152 1611 3174 em
1638 3143 1679 3173 R.
1708 3159 1749 3166 —
1774 3145 1832 3176 22.

80 3190 298 3230 efficientur.-
323 3197 364 3220 ne
389 3188 416 3219 ii
442 3189 483 3220 R.
510 3206 553 3211 -
579 3192 608 3222 εἰ
634 3199 651 3222 e
679 3190 789 3223 Codd.
817 3191 897 3232 aliq.
919 3191 960 3222 T.
984 3206 1021 3212 —
1049 3190 1105 3221 24.
1133 3192 1172 3222 id
1197 3190 1309 3231 facere
1334 3189 1482 3229 (retento
1509 3190 1623 3228 priore
1649 3189 1701 3230 id)
1727 3190 1768 3222 R.
1790 3207 1835 3213 —

79 3235 137 3268 26.
167 3233 222 3276 em]
251 3244 267 3267 e
292 3234 332 3266 B.
363 3251 399 3257 —
439 3235 496 3266 27.
522 3236 704 3275 voluptate
730 3238 801 3269 AB.
828 3254 870 3259 —
909 3237 1057 3268 eiecisset
1085 3237 1124 3268 B.
1155 3255 1192 3261 —
1234 3237 1290 3268 28.
1317 3237 1354 3266 in
1377 3245 1446 3267 om.
1474 3236 1500 3267 B
1526 3239 1560 3268 et
1585 3244 1663 3268 cum
1690 3237 1764 3270 aliis
1790 3238 1832 3269 T.

80 3279 123 3323 (Α
149 3282 286 3316 videtur
312 3280 469 3319 habere.)
499 3297 538 3304 -
572 3282 629 3314 33.
656 3288 737 3314 sunt
765 3284 806 3315 R.
841 3300 881 3306 -
922 3281 974 3322 ac]
1002 3288 1032 3314 et
1057 3283 1100 3315 R.
1134 3300 1174 3305 —
1215 3283 1272 3314 36.
1310 3287 1381 3314 tum
1412 3283 1519 3314 multo
1545 3290 1615 3315 om.
1641 3282 1723 3320 ΑΒ,
1762 3287 1834 3315 tum

81 3338 150 3360 om.
170 3329 211 3361 R.
234 3345 273 3352 —
300 3328 403 3361 verbo
429 3328 469 3359 B.
500 3344 536 3350 —
565 3328 622 3360 37.
649 3338 708 3360 nec
733 3329 758 3360 B
784 3330 933 3370 aliique:
960 3337 1068 3371 neque
1092 3327 1174 3370 (Aa)
1201 3330 1272 3361 RE.
1299 3344 1343 3350 —
1368 3328 1425 3362 38.
1452 3337 1570 3364 rerum
1594 3338 1663 3363 om.
1688 3330 1760 3363 AB.
1789 3345 1829 3354 —

81 3383 152 3408 esse
175 3375 284 3409 voluit
307 3376 350 3415 A,
370 3375 426 3407 R:
451 3373 562 3406 voluit
586 3383 656 3408 esse
681 3373 758 3417 (ss‘t)
787 3376 828 3409 E.
