2117 3762
760 301 805 342 C.
839 300 906 342 86.
940 301 1008 343 87.
1041 302 1111 343 88.
1731 303 1813 345 395

60 408 280 453 videantur
307 410 414 451 mori
449 408 629 451 voluisse
666 406 877 455 nonnulli,
922 412 967 449 ut
996 420 1018 448 a
1049 413 1087 448 te
1118 408 1159 449 in
1191 411 1402 448 oratorum
1432 418 1651 448 numerum
1682 408 1813 448 reser-

60 478 216 514 rentur.
277 473 522 515 Lxxxvll.
554 472 664 512 Haec
695 483 787 510 cum
808 469 876 511 ille
898 469 1087 518 dixisset,
1122 471 1252 523 Longi
1274 471 1479 511 sermonis
1499 469 1661 510 initium
1685 481 1814 524 pepu-

56 533 161 582 listi,
206 536 397 589 inquam,
443 533 602 581 Attice,
649 545 819 586 remque
860 533 1119 574 commovisti
1161 546 1266 573 nova
1306 532 1583 587 disputatione
1623 530 1813 583 dignam,

57 611 179 653 quam
211 599 253 639 in
283 598 395 638 aliud
426 602 588 650 tempus
617 593 870 636 differamus.
928 596 1025 636 298.
1074 593 1278 637 Volvendi
1320 594 1429 635 enim
1468 599 1562 636 sunt
1596 593 1690 635 libri
1721 608 1813 634 cum

57 659 262 709 aliorum,
309 665 395 701 tum
436 656 642 713 imprimis
680 657 858 699 Catonis.
920 658 1129 710 Intelliges
1168 656 1268 698 nihil
1306 656 1416 698 illius
1446 655 1706 698 lineamentis
1735 657 1844 697 nisis

57 735 203 764 eorum
243 722 571 778 pigmentorum,
620 733 725 775 quae
765 721 930 761 inventa
968 722 1153 760 nondum
1190 725 1333 767 erant,
1382 721 1528 761 ssorem
1561 725 1603 761 et
1631 718 1815 760 colorem

57 783 253 827 defuisse.
314 786 417 824 Nam
449 780 501 823 de
531 783 664 824 Crassi
697 783 886 823 oratione
924 783 983 822 sic
1020 783 1236 831 existimo,
1283 783 1418 837 ipsum
1454 781 1629 824 fortasse
1666 781 1816 823 melius

55 847 243 904 potuisse
272 843 482 894 scribere3
529 844 678 893 alium,
723 851 767 886 ut
804 844 1007 893 arbitror,
1054 846 1279 886 neminem.
1340 847 1424 885 Nec
1455 844 1495 885 in
1528 847 1606 886 hoc
1637 844 1815 886 ironiam

56 910 226 952 duxeris
247 920 360 956 esse,
392 906 503 962 quod
526 921 614 948 eam
638 909 870 949 orationem
901 908 1001 948 mihi
1032 907 1269 960 magistram
1299 905 1426 947 fuisse
1456 907 1648 948 dixerim.
1711 909 1816 948 Nam

57 972 133 1014 etsi
162 977 207 1012 tu
236 971 384 1011 melius
415 971 651 1012 existimare
683 970 841 1012 videris
872 968 922 1010 de
954 983 1026 1017 ea,
1069 972 1102 1010 si
1133 983 1253 1024 quam
1286 983 1394 1009 nunc
1425 972 1648 1019 babemus,
1688 969 1866 1011 facul-¹⁰

57 1041 164 1083 tate,
205 1038 366 1081 tamen,
398 1035 680 1075 adolescentes
712 1031 810 1088 quid
841 1034 882 1073 in
912 1033 1066 1073 Latinis
1096 1031 1233 1086 potius
1265 1032 1540 1079 imitaremur,
1571 1046 1656 1072 non
1685 1033 1817 1073 habe-

54 1099 216 1139 bamus.
278 1097 373 1138 299.
423 1097 543 1145 Quod
575 1102 711 1136 autem
743 1095 882 1150 plures
912 1109 935 1136 a
966 1093 1087 1135 nobis
1117 1093 1316 1134 nominati
1347 1099 1464 1142 sunt,
1510 1107 1561 1135 eo
1591 1093 1814 1148 pertinuit,

52 1166 98 1202 ut
126 1158 266 1212 paullo
296 1164 389 1200 ante
419 1158 528 1204 dixi,
561 1160 674 1213 quod
703 1157 877 1211 intelligi
898 1156 1028 1203 volui,
1060 1157 1102 1196 in
1124 1168 1199 1204 eo,
1233 1156 1350 1196 cuius
1381 1168 1525 1196 omnes
1557 1154 1816 1210 cupidissimi

53 1226 211 1269 essent,
256 1235 380 1277 quam
413 1221 534 1274 pauci
565 1220 675 1275 digni
707 1220 875 1261 nomine
906 1219 1141 1260 evaderent.
1204 1218 1344 1267 Quare
1375 1221 1532 1272 εἴρωνα
1563 1232 1651 1265 me,
1697 1231 1750 1258 ne
1781 1218 1815 1259 si

51 1283 269 1326 Africanus
290 1282 458 1338 quidem
480 1282 576 1329 fuit,
608 1289 653 1323 ut
673 1284 730 1323 ait
748 1284 790 1323 in
811 1282 986 1324 historia
1016 1295 1088 1323 sua
1120 1283 1164 1323 C.
1188 1280 1390 1329 Fannius,
1424 1280 1651 1321 existimari
1671 1280 1812 1321 velim.
1830 1287 1866 1314 ²⁵

52 1349 102 1390 Ut
130 1347 269 1393 voles,
315 1347 450 1401 inquit
479 1344 650 1386 Atticus.
707 1347 798 1398 Ego
838 1346 950 1386 enim
990 1357 1075 1385 non
1105 1343 1283 1384 alienum
1315 1357 1337 1383 a
1369 1348 1408 1384 te
1441 1344 1657 1397 putabam,
1704 1340 1818 1397 quod

52 1414 93 1451 et
121 1408 164 1450 in
193 1407 390 1450 Africano
420 1409 566 1449 fuisset
595 1413 636 1448 et
664 1408 707 1448 in
738 1408 922 1448 Socrate.
984 1408 1080 1448 300.
1114 1408 1218 1446 Tum
1239 1407 1415 1452 Brutus,
1445 1408 1506 1446 Dc
1536 1404 1618 1446 isto
1647 1408 1818 1460 postea:

53 1470 125 1514 sed
155 1477 221 1519 tu,
267 1472 401 1525 inquit
430 1484 496 1512 me
526 1472 713 1517 intuens,
760 1471 968 1511 orationes
1007 1467 1127 1509 nobis
1168 1473 1330 1509 veteres
1368 1467 1626 1522 explicabis?
1681 1469 1815 1513 Vero,

51 1536 244 1589 inquam,
286 1536 437 1583 Brute;
489 1535 561 1574 sed
600 1533 644 1574 in
680 1533 865 1574 Cumano
896 1538 967 1574 aut
996 1531 1038 1572 in
1068 1529 1300 1572 Tusculano
1333 1528 1576 1584 aliquando,
1625 1530 1660 1570 si
1690 1529 1817 1570 modo

51 1597 217 1646 licebit;
250 1597 444 1651 quoniam
474 1602 654 1650 utroque
685 1595 727 1637 in
758 1597 851 1636 loco
881 1595 1007 1637 vicini
1038 1607 1194 1636 sumus.
1253 1593 1520 1634 LXXXVIII.
1555 1592 1637 1634 Sed
1660 1590 1743 1632 iam
1765 1591 1818 1632 ad
1831 1599 1868 1625 2⁰

52 1661 119 1709 id,
151 1661 262 1700 unde
293 1658 468 1714 digressi
500 1672 666 1707 sumus,
699 1664 974 1700 revertamur.

165 1723 261 1762 301.
294 1720 543 1763 Hortensius
564 1722 708 1775 igitur,
740 1734 834 1762 cum
863 1718 1087 1761 admodum
1117 1718 1357 1760 adolescens
1387 1731 1506 1759 orsus
1528 1720 1638 1759 esset
1657 1717 1701 1758 in
1720 1715 1815 1757 foro

52 1782 215 1832 dicere,
266 1784 458 1825 celeriter
496 1785 548 1824 ad
587 1786 766 1824 maiores
806 1796 948 1823 causas
986 1780 1174 1823 adhiberi
1215 1787 1388 1834 coeptus
1425 1785 1508 1829 est;
1563 1791 1815 1835 quamquam

51 1845 251 1888 inciderat
281 1848 324 1886 in
356 1846 498 1887 Cottae
530 1851 570 1887 et
601 1845 774 1899 Sulpicii
803 1851 1003 1891 aetatem,
1043 1844 1115 1899 qui
1143 1845 1259 1884 annis
1291 1843 1436 1884 decem
1467 1844 1647 1884 maiores
1677 1841 1818 1884 excel-

49 1909 162 1950 lente
194 1914 282 1950 tum
314 1910 461 1950 Crasso
493 1914 534 1949 et
561 1910 767 1956 Antonio,
814 1909 909 1949 dein
939 1906 1150 1962 Philippo,
1192 1912 1288 1962 post
1317 1905 1449 1955 Iulio,
1498 1920 1591 1947 cum
1620 1906 1685 1946 his
1714 1902 1818 1958 ipsis
1832 1909 1868 1936 ²⁵

51 1970 215 2012 dicendi
246 1970 378 2025 gloria
406 1970 743 2024 comparabatur.
804 1972 989 2012 Primum
1019 1973 1221 2011 memoria
1253 1974 1383 2016 tanta,
1416 1973 1608 2024 quantam
1628 1968 1671 2008 in
1701 1965 1818 2008 nullo

52 2032 298 2087 cognovisse
336 2047 402 2074 me
440 2033 643 2082 arbitror,
691 2040 756 2080 ut,
803 2047 909 2088 quae
947 2046 1085 2074 secum
1126 2037 1428 2074 commentatus
1469 2035 1596 2077 esset,
1648 2043 1698 2070 ea
1727 2027 1817 2069 sine

51 2097 207 2151 scripto
238 2096 377 2138 verbis
408 2095 565 2137 eisdem
596 2098 813 2144 redderet,
847 2097 997 2150 quibus
1019 2095 1294 2149 cogitavisset.
1354 2095 1445 2134 IIoc
1477 2093 1715 2134 adiumento
1747 2090 1818 2131 ille

51 2164 165 2200 tanto
195 2158 255 2200 sic
284 2157 499 2207 utebatur,
531 2164 575 2199 ut
605 2152 678 2200 sua
709 2164 750 2200 et
781 2164 1058 2200 commentata
1089 2163 1130 2198 et
1159 2159 1313 2212 scripta
1344 2162 1407 2205 et,
1441 2156 1555 2197 nullo
1587 2152 1814 2201 referente,

52 2221 193 2262 omnia
231 2221 562 2262 adversariorum
603 2220 711 2263 dicta
750 2222 1020 2262 meminisset.
1082 2223 1178 2262 302.
1212 2220 1394 2261 Ardebat
1425 2224 1561 2259 autem
1594 2214 1819 2271 cupiditate
1834 2221 1869 2247 ³⁰

51 2284 134 2332 sic,
173 2288 220 2324 ut
249 2285 291 2324 in
320 2283 434 2324 nullo
463 2297 647 2338 unquam
677 2283 917 2338 flagrantius
948 2282 1128 2325 studium
1159 2281 1348 2323 viderim.
1411 2281 1578 2322 Nullum
1609 2278 1720 2320 enim
1747 2290 1820 2331 pa-

51 2344 230 2387 tiebatur
260 2359 352 2386 esse
383 2345 516 2395 diem,
551 2345 650 2400 quin
682 2352 752 2386 aut
780 2347 822 2386 in
844 2345 936 2387 foro
960 2346 1119 2387 diceret
1140 2351 1208 2386 aut
1228 2346 1504 2386 meditaretur
1524 2347 1639 2383 extra
1659 2339 1816 2381 sorum.

53 2409 301 2463 Saepissime
342 2413 480 2449 autem
521 2409 670 2449 eodem
709 2407 775 2449 die
813 2413 1035 2462 utrumque
1075 2407 1266 2449 faciebat.
1324 2407 1612 2461 Attuleratque
1649 2402 1819 2444 minime

50 2472 224 2525 vulgare
255 2483 384 2524 genus
415 2470 605 2521 dicendi;
638 2469 739 2512 duas
770 2472 938 2525 quidem
968 2484 1057 2517 res,
1092 2484 1194 2524 quas
1224 2484 1348 2511 nemo
1379 2470 1513 2511 alius:
1555 2466 1815 2523 partitiones,

51 2533 202 2589 quibus
233 2535 284 2574 de
315 2532 439 2575 rebus
469 2533 654 2576 dicturus
694 2539 821 2579 esset,
873 2538 912 2573 et
942 2532 1232 2581 collectiones,
1280 2546 1442 2574 memor
1473 2537 1513 2573 et
1543 2544 1649 2586 quae
1681 2530 1818 2569 essent
1831 2535 1867 2561 ³⁵

51 2595 163 2637 dicta
192 2601 337 2638 contra
368 2610 557 2650 quaeque
587 2595 675 2651 ipse
706 2595 896 2637 dixisset.
959 2596 1054 2635 303.
1101 2597 1200 2636 Erat
1242 2595 1284 2636 in
1326 2593 1553 2636 verborum
1594 2591 1818 2646 splendore

53 2657 242 2712 elegans,
277 2659 578 2713 compositione
609 2663 748 2712 aptus,
779 2656 971 2699 facultate
1003 2659 1222 2711 copiosus;
1258 2671 1390 2713 eaque
1421 2662 1512 2698 erat
1542 2668 1634 2696 cum
1655 2663 1817 2693 summo

50 2721 244 2776 ingenio,
275 2727 361 2764 tum
394 2720 760 2763 exercitationibus
790 2720 984 2761 maximis
1015 2726 1277 2761 consecutus.
1339 2722 1439 2761 Rem
1462 2716 1819 2772 complectebatur

51 2784 312 2831 memoriter,
356 2782 566 2826 dividebat
596 2789 739 2831 acute,
786 2797 863 2824 nec
895 2783 1259 2838 praetermittebat
1285 2781 1373 2823 fere
1415 2783 1660 2838 quidquam,
1703 2773 1818 2831 quod

53 2850 162 2886 esset
190 2845 233 2886 in
264 2859 384 2887 causa
415 2852 486 2888 aut
515 2847 567 2887 ad
598 2844 928 2887 confirmandum
960 2851 1030 2886 aut
1060 2847 1112 2886 ad
1142 2844 1427 2888 refellendum.
1486 2844 1578 2884 Vox
1607 2852 1759 2882 canora
1777 2843 1866 2882 et‘00

143 3008 177 3040 2.
209 3008 371 3050 depulisti
396 3007 499 3047 libri,
535 3017 604 3040 om.
633 3009 698 3040 hoc
724 3018 755 3040 v.
785 3008 852 3040 Gu.
882 3008 915 3037 1.
945 3007 1037 3039 solus
1064 3006 1163 3046 prob.
1191 3007 1333 3046 Meyero
1351 3029 1359 3042 ,
1397 3004 1551 3036 detulisti
1575 3005 1716 3034 auctore
1740 2999 1817 3034 Ma-

54 3057 153 3089 nutio
179 3055 302 3087 Lamb.
322 3079 330 3092 ,
355 3056 508 3094 posuisti
533 3056 750 3094 Spitznerus.
801 3056 844 3087 Ut
871 3062 959 3091 n0S,
999 3054 1080 3084 Asc.
1109 3062 1180 3086 sec.
1211 3053 1399 3084 Victorius.
1430 3068 1469 3073 —
1509 3050 1542 3081 0.
1569 3049 1713 3080 duxeris
1739 3047 1817 3081 ltbrl

50 3102 221 3136 Ellendtii
251 3103 429 3142 plerique,
459 3100 531 3133 Gu.
559 3104 617 3133 1.:
661 3102 794 3133 dixeris
821 3100 964 3136 Ottob.,
1006 3109 1095 3131 corr.
1125 3100 1206 3140 Lag.
1235 3100 1292 3130 68.
1322 3099 1402 3133 RE.
1431 3097 1590 3128 eduxeris
1613 3096 1655 3127 D.
1684 3094 1751 3127 Gu.
1778 3095 1814 3126 2.

52 3149 176 3182 Dresd.
210 3165 249 3172 —
290 3150 346 3180 10.
373 3148 579 3188 facultatem
605 3148 667 3189 Lg.
696 3154 832 3188 praeter
858 3148 912 3178 20.
941 3146 997 3178 58.
1028 3163 1068 3168 —
1108 3147 1162 3177 18.
1192 3147 1267 3184 Euo
1292 3153 1374 3175 vcro
1400 3143 1452 3178 R.
1483 3143 1602 3175 Lamb.
1631 3157 1672 3164 -
1699 3140 1758 3173 23.
1785 3146 1818 3174 et

52 3204 270 3238 quamquam
296 3194 458 3232 Ellendt,
485 3196 545 3235 qui
570 3204 628 3234 qu.
657 3195 870 3235 Bernhardy.
900 3209 940 3215 —
980 3193 1037 3224 25.
1065 3193 1143 3224 dein
1168 3192 1208 3223 D.
1237 3192 1297 3231 Lg.
1327 3199 1397 3225 sex,
1434 3189 1520 3221 Ven.
1549 3190 1582 3221 1.
1623 3187 1690 3220 Gu.
1718 3189 1752 3219 1.
1780 3187 1815 3219 2.

51 3243 179 3276 Dresd.
220 3243 270 3273 R:
314 3240 437 3273 deinde
462 3247 540 3272 cum
568 3243 692 3273 ceteris
733 3242 771 3272 E.
812 3257 850 3263 —
894 3240 945 3270 his
980 3239 1020 3270 D.
1050 3239 1108 3279 Lg.
1135 3239 1168 3270 8.
1198 3238 1254 3269 39.
1281 3238 1337 3269 51.
1367 3235 1424 3267 53.
1453 3236 1510 3268 56.
1537 3235 1595 3268 58.
1621 3235 1681 3267 70.
1725 3234 1815 3267 Ven.

53 3292 86 3323 1.
116 3289 236 3322 Ottob.
264 3289 317 3320 R:
362 3288 408 3318 iis
435 3294 512 3318 cum
540 3288 666 3320 ceteris
696 3287 738 3318 E.
767 3304 807 3310 —
850 3286 907 3318 26.
941 3285 1238 3324 comparabantur
1265 3284 1459 3315 Creviertus
1486 3287 1520 3314 et
1546 3282 1744 3314 Schutztun.
1774 3296 1813 3304 -

51 3336 150 3368 nullo
175 3336 234 3376 Lg.
264 3334 321 3366 53.
349 3333 405 3365 68.
433 3333 491 3364 70.
521 3338 555 3367 et
581 3334 785 3365 Manutius:
812 3333 883 3364 ullo
909 3340 987 3363 cum
1019 3334 1141 3363 ceteris
1170 3331 1207 3361 E.
1236 3346 1279 3351 —
1306 3329 1362 3361 35.
1390 3330 1618 3361 coniectiones
1645 3327 1742 3364 libri.
1768 3325 1812 3358 R.

54 3382 288 3417 Emendatum
313 3383 348 3414 ln
373 3380 511 3413 Aldina.
543 3395 583 3403 —-
613 3380 665 3412 An
692 3388 826 3412 memor
849 3388 969 3413 eorum
994 3378 1109 3418 quae?
1137 3376 1206 3409 Ctr.
1235 3376 1337 3409 Hand
1363 3376 1467 3409 Turs.
1493 3375 1539 3410 11.
1567 3384 1601 3418 p.
1629 3374 1711 3408 528.
1740 3371 1809 3406 On.
