2117 3762
821 208 866 249 C.
899 211 938 252 5.
972 210 1010 250 6.
1040 211 1080 249 7.
1759 213 1837 253 ’479

83 317 319 357 serviendo.
382 315 603 358 Probabile
635 320 771 356 autem
803 327 932 368 genus
963 320 1025 355 est
1056 313 1280 363 orationis,
1313 312 1348 355 si
1378 327 1461 355 non
1491 313 1611 355 nimis
1642 320 1703 355 est
1723 327 1835 356 com-

82 385 197 433 ptum
227 384 349 433 atquc
381 378 634 431 expolitum,
666 376 699 417 si
730 382 792 417 est
822 378 1045 417 auctoritas
1077 384 1116 418 et
1148 378 1309 430 pondus
1340 378 1381 417 in
1413 374 1569 424 verbis,
1609 378 1642 417 si
1675 383 1836 418 senten-

83 440 163 481 tiae
194 442 258 481 vel
290 455 435 493 graves
466 440 529 482 vel
560 446 678 493 aptae
709 438 974 494 opinionibus
1003 439 1214 481 hominum
1236 453 1282 479 ac
1304 437 1505 480 moribus.
1566 440 1633 480 20.
1664 438 1838 480 lllustris

83 508 145 543 est
175 508 314 543 autem
345 502 500 549 oratio,
546 503 578 542 si
610 507 651 542 ct
681 500 806 541 verba
838 504 1036 555 gravitate
1068 501 1229 543 delecta
1265 507 1475 556 ponuntur
1505 506 1545 542 et
1576 501 1770 542 translata
1800 505 1841 541 et

82 564 291 620 superlata
323 571 362 605 et
392 566 442 605 ad
474 577 626 604 nomen
657 562 849 604 adiuncta
881 570 920 606 et
953 565 1158 619 duplicata
1188 570 1229 604 et
1258 564 1368 604 idem
1405 562 1677 618 significantia
1715 568 1870 617 atques

83 625 135 667 ab
168 627 252 682 ipsa
283 626 443 668 actione
474 631 594 678 atque
626 625 855 667 imitatione
888 640 1028 668 rerum
1059 640 1141 667 non
1171 624 1453 667 abhorrentia.
1512 628 1584 667 Est
1605 628 1713 668 enim
1735 627 1839 668 haec

84 702 178 742 pars
209 688 432 735 orationis,
466 701 571 743 quae
603 702 689 728 rem
723 690 944 729 constituat
975 702 1105 742 paene
1137 693 1229 729 ante
1261 687 1429 736 oculos;
1461 688 1495 729 is
1522 688 1630 730 enim
1662 690 1839 730 maximo

83 764 225 792 sensus
256 750 486 803 attingitur,
520 748 592 791 sed
623 758 661 792 et
692 752 820 791 ceteri
848 757 981 792 tamen
1006 757 1046 791 et
1066 753 1245 791 maxime
1267 763 1382 790 mens
1403 749 1489 804 ipsa
1510 753 1668 793 moveri
1691 757 1839 806 potest.

83 815 164 854 Sed
206 826 311 867 quae
349 812 457 853 dicta
497 819 591 854 sunt
631 815 681 854 de
730 813 918 854 oratione
960 811 1162 861 dilucida,
1213 814 1364 853 cadunt
1406 814 1448 853 in
1493 812 1596 855 hane
1639 816 1840 857 illustrem

81 876 234 917 omnia.
294 877 366 915 Est
395 875 502 915 enim
534 876 625 929 plus
657 874 865 930 aliquanto
898 874 1059 916 illustre
1091 888 1215 929 quam
1256 873 1356 915 illud
1396 873 1638 917 dilucidum.
1700 877 1839 919 Altero
1854 891 1890 916 10

81 938 148 986 lit,
179 943 223 980 ut
255 937 557 991 intelligamus,
592 940 721 979 altero
755 936 912 992 [vero],
945 944 989 979 ut
1019 938 1162 978 videre
1194 935 1425 979 videamur.
1486 940 1555 979 21.
1604 941 1738 981 Suave
1769 954 1842 982 au-

83 1007 164 1042 tem
196 999 276 1042 erit
305 1014 433 1054 genus
466 1000 629 1042 dicendi
661 1001 838 1056 primum
871 998 1074 1053 elegantia
1105 1004 1146 1040 et
1175 999 1428 1041 iucunditate
1449 1000 1673 1043 verborum
1695 1017 1843 1044 sonan-

81 1063 180 1104 tium
212 1068 252 1104 et
282 1061 462 1112 levium;
513 1062 663 1104 deinde
694 1063 1007 1109 coniunctione,
1054 1074 1160 1116 quae
1199 1075 1334 1117 neque
1364 1075 1535 1117 asperos
1565 1065 1715 1105 habeat
1744 1079 1843 1106 con-

81 1139 225 1166 cursus
267 1139 402 1181 neque
443 1125 668 1167 disiunctos
708 1131 831 1180 atque
869 1123 1054 1172 hiantes,
1102 1129 1143 1165 et
1182 1124 1235 1165 sit
1264 1123 1574 1181 circumscripta
1604 1140 1686 1168 non
1716 1129 1842 1183 longo

81 1187 268 1230 anfractu
298 1190 370 1229 sed
403 1186 454 1228 ad
484 1187 670 1242 spiritum
701 1186 815 1228 vocis
846 1192 962 1241 apto,
1011 1184 1243 1240 habeatque
1274 1187 1586 1230 similitudinem
1617 1190 1891 1244 aequalita-ms

80 1256 247 1305 temque
291 1252 540 1298 verborum;
593 1255 679 1290 tum
719 1263 770 1290 ex
811 1248 1029 1290 contrariis
1066 1254 1229 1302 sumpta
1272 1251 1433 1298 verbis,
1483 1252 1630 1292 crebra
1660 1253 1841 1302 crebris,

81 1314 198 1366 paria
228 1311 394 1368 paribus
425 1313 731 1364 respondeant,
779 1310 991 1367 relataque
1031 1310 1081 1352 ad
1119 1310 1230 1352 idem
1268 1313 1444 1354 verbum
1484 1319 1524 1355 et
1560 1315 1765 1367 geminata
1796 1328 1843 1356 ac

82 1375 290 1429 duplicata
328 1375 394 1415 vel
435 1373 558 1414 etiam
598 1373 762 1428 saepius
793 1372 939 1414 iterata
970 1379 1199 1428 ponantur,
1250 1374 1588 1431 constructioque
1619 1378 1844 1419 verborum

80 1443 166 1478 tum
199 1434 560 1479 coniunctionibus
592 1437 833 1491 copuletur,
877 1441 964 1477 tum
1001 1435 1343 1478 dissolutionibus
1379 1437 1603 1480 relaxetur.
1664 1441 1735 1480 22.
1781 1439 1845 1481 Fit

82 1498 205 1540 etiam
236 1497 375 1540 suavis
404 1499 558 1546 oratio,
609 1513 702 1540 cum
733 1498 888 1554 aliquid
918 1502 988 1539 aut
1016 1497 1195 1540 invisum
1226 1505 1296 1541 aut
1325 1499 1555 1543 inauditum
1586 1507 1657 1544 aut
1687 1515 1843 1544 novum
1858 1514 1894 1543 20

82 1562 204 1602 dicas.
263 1561 447 1602 Delectat
485 1560 616 1609 enim,
665 1561 868 1616 quidquid
898 1566 960 1602 est
990 1560 1255 1611 admirabile,
1302 1563 1570 1618 maximeque
1605 1571 1744 1607 movet
1774 1579 1842 1614 ea,

82 1637 187 1680 quae
218 1629 377 1665 motum
406 1622 585 1678 aliquem
616 1624 742 1664 animi
783 1624 947 1672 miscet,
994 1623 1148 1671 oratio,
1197 1637 1387 1680 quaeque
1428 1625 1630 1680 significat
1667 1629 1845 1670 oratoris

82 1685 212 1740 ipsius
242 1685 438 1728 amabiles
469 1699 632 1735 mores,
680 1688 750 1741 qui
788 1687 1080 1740 exprimuntur
1115 1692 1188 1728 aut
1228 1686 1497 1741 significando
1528 1688 1685 1732 iudicio
1715 1691 1844 1746 ipsius

83 1763 135 1790 ex
165 1752 301 1790 animo
332 1749 515 1789 humano
548 1762 596 1789 ac
624 1747 804 1795 liberali,
836 1754 906 1790 aut
934 1747 1158 1790 inflexione
1189 1751 1416 1799 sermonis,
1448 1765 1543 1792 cum
1571 1757 1642 1793 aut
1666 1754 1843 1806 augendi

82 1810 251 1852 alterius
290 1817 361 1853 aut
403 1810 616 1852 minuendi
661 1812 724 1852 sui
770 1825 892 1852 causa
928 1810 1009 1853 alia
1046 1810 1128 1853 dici
1163 1813 1216 1853 ab
1256 1818 1448 1863 oratore,
1496 1813 1574 1855 alia
1616 1816 1893 1857 existimarim

82 1872 296 1922 videntur,
344 1871 472 1927 idque
516 1874 709 1915 comitate
748 1873 841 1914 fieri
882 1875 1013 1928 magis
1051 1888 1174 1929 quam
1213 1877 1408 1917 vanitate.
1470 1876 1552 1917 Sed
1592 1883 1687 1919 sunt
1717 1877 1845 1920 multa

82 1935 296 1976 suavitatis
336 1940 580 1989 praecepta,
632 1949 738 1991 quae
784 1935 1017 1977 orationem
1058 1941 1129 1977 aut
1164 1938 1296 1992 magis
1337 1937 1557 1980 obscuram
1596 1945 1668 1982 aut
1706 1942 1844 1982 minus

83 1996 345 2052 probabilem
373 1997 540 2042 faciunt.
599 1999 743 2053 Itaque
775 1997 898 2039 etiam
928 2000 1008 2039 hoc
1035 1997 1128 2040 loco
1160 2001 1282 2042 nobis
1312 2006 1374 2042 est
1407 2000 1531 2057 ipsis,
1583 2001 1682 2057 quid
1721 2017 1845 2045 causa

81 2059 285 2115 postulet,
323 2061 604 2102 iudicandum.
664 2061 754 2102 VII.
793 2063 861 2102 23.
899 2061 944 2102 C.
968 2063 1012 2102 F.
1043 2060 1262 2116 Reliquum
1295 2069 1358 2104 est
1386 2064 1532 2118 igitur,
1573 2070 1619 2106 ut
1649 2064 1761 2107 dicas
1792 2067 1843 2107 de

83 2135 283 2164 conversa
302 2124 492 2165 oratione
511 2129 633 2179 atque
653 2128 820 2165 mutata.
879 2124 923 2166 C.
947 2123 991 2164 P.
1021 2125 1092 2165 Est
1125 2122 1292 2180 [itaque]
1325 2125 1368 2167 id
1399 2139 1527 2180 genus
1558 2131 1694 2169 totum
1716 2129 1840 2170 situm
1858 2144 1895 2171 σο

84 2185 126 2225 in
158 2188 480 2227 commutatione
510 2187 763 2234 verborum,
797 2199 902 2240 quae
933 2184 1192 2241 simplicibus
1221 2187 1263 2229 in
1292 2186 1429 2230 verbis
1459 2190 1514 2230 ita
1544 2194 1766 2240 tractatur,
1798 2196 1844 2232 ut

84 2252 154 2288 aut
194 2261 246 2288 ex
283 2246 414 2290 verbo
454 2247 648 2289 dilatetur
684 2253 756 2289 aut
792 2249 836 2289 in
875 2246 1050 2290 verbum
1087 2251 1360 2293 contrahatur
1399 2253 1556 2294 oratio:
1605 2266 1657 2295 ex
1685 2255 1841 2302 verbo,

85 2323 179 2351 cum
209 2316 279 2352 aut
306 2311 522 2367 proprium
552 2316 624 2352 aut
652 2309 765 2352 idem
796 2309 1029 2365 significans
1055 2318 1126 2354 aut
1144 2314 1299 2356 factum
1320 2313 1493 2356 verbum
1512 2316 1555 2357 in
1575 2317 1697 2371 plura
1716 2314 1844 2359 verba

85 2372 314 2424 diducitur;
364 2390 416 2416 ex
455 2376 667 2424 oratione,
714 2389 806 2417 cum
849 2380 920 2416 aut
957 2373 1140 2417 definitio
1170 2375 1222 2418 ad
1250 2390 1378 2419 unum
1408 2379 1587 2419 verbum
1617 2384 1840 2421 revocatur

86 2442 157 2478 aut
190 2443 402 2491 assumpta
441 2436 566 2479 verba
605 2442 874 2479 removentur
909 2443 980 2480 aut
1008 2439 1051 2479 in
1081 2438 1278 2481 circuitus
1308 2438 1543 2494 diriguntur
1573 2446 1643 2482 aut
1672 2442 1891 2483 coniun-35

87 2498 223 2541 ctione
253 2498 298 2541 fit
326 2513 454 2541 unum
483 2501 658 2542 verbum
688 2513 741 2542 ex
771 2498 950 2542 duobus.
1010 2500 1076 2544 2⁷4.
1107 2502 1154 2542 In
1183 2501 1414 2544 coniunctis
1445 2508 1583 2545 autem
1611 2501 1750 2545 verbis
1771 2503 1844 2544 tri-

87 2563 186 2616 plex
215 2562 402 2605 adhiberi
422 2568 559 2619 potest
580 2565 846 2606 commutatio
860 2595 872 2614 ,
905 2577 991 2606 non
1010 2564 1239 2606 verborum
1259 2565 1333 2606 sed
1353 2564 1638 2608 tantummodo
1662 2563 1842 2616 ordinis,

182 2731 216 2765 3.
244 2741 286 2765 ac
310 2732 367 2773 R,
394 2733 540 2767 Lamb.:
568 2737 599 2767 et
626 2734 663 2766 E.
694 2751 731 2758 —
774 2734 809 2767 a.
837 2737 888 2766 est
910 2737 1025 2767 autem
1051 2735 1166 2767 oratio
1191 2735 1243 2768 R:
1283 2740 1398 2770 autem
1422 2742 1472 2770 est
1498 2738 1614 2770 oratio
1637 2736 1687 2776 V,
1725 2739 1843 2769 autem

91 2781 206 2811 oratio
232 2784 282 2812 est
307 2780 349 2812 E.
390 2797 430 2805 —
471 2782 505 2814 8.
533 2782 592 2813 sed
617 2785 648 2814 et
673 2783 798 2820 ceteri,
833 2785 873 2813 ut
897 2781 1036 2815 volebat
1060 2782 1142 2815 Ern.
1162 2806 1171 2821 ‚
1198 2783 1250 2816 R:
1292 2785 1350 2816 sed
1375 2786 1480 2817 ceteri
1518 2784 1604 2824 (om.
1632 2783 1678 2824 et)
1702 2783 1772 2815 VE.
1802 2799 1841 2806 —

91 2828 148 2858 11.
175 2824 269 2866 vero]
295 2827 332 2868 fit
357 2827 410 2862 R.
435 2828 540 2861 modo
567 2828 607 2860 V.
635 2828 704 2861 Nos
729 2837 810 2861 vero
836 2829 1053 2862 seclusimus.
1083 2846 1120 2853 —
1161 2830 1218 2862 12.
1247 2832 1312 2863 erit
1335 2841 1440 2874 yemis
1465 2831 1544 2863 RV:
1573 2839 1680 2872 yenus
1705 2831 1773 2863 erit
1800 2830 1841 2862 E.

92 2887 133 2895 —-
160 2872 217 2904 13.
245 2873 369 2905 levium
393 2874 442 2911 V,
468 2875 617 2908 Lamb.:
645 2875 776 2907 lenium
800 2875 868 2907 RE.
899 2892 937 2898 -
966 2876 1023 2907 17.
1052 2884 1092 2908 ac
1117 2876 1200 2908 RV:
1227 2882 1332 2918 atque
1359 2878 1399 2910 E.
1430 2895 1468 2901 —
1502 2879 1558 2911 19.
1585 2877 1688 2918 quasi
1711 2877 1845 2909 relaxe-

91 2922 148 2951 tur
171 2919 226 2961 fiet
252 2919 294 2950 R.
322 2936 362 2943 —
405 2921 462 2953 20.
489 2920 579 2962 cum]
609 2922 639 2953 si
664 2922 706 2954 R.
737 2937 777 2946 —-
818 2921 983 2964 invisum]
1010 2923 1160 2954 invisum
1185 2928 1286 2955 tuum
1310 2925 1364 2962 R,
1398 2925 1606 2956 inusitatum
1631 2924 1674 2956 V.
1703 2939 1743 2947 -
1784 2924 1842 2955 21.

92 2963 194 3006 enim]
221 2966 325 2998 etiam
351 2967 393 2998 R.
423 2984 459 2990 —
500 2968 557 3000 24.
585 2972 617 3001 et
640 2970 758 3001 animo
784 2968 934 3001 humano
961 2973 992 3001 et
1018 2969 1155 3001 liberali
1179 2970 1232 3009 Y,
1271 2975 1301 3003 et
1327 2971 1479 3002 humano
1504 2971 1622 3002 animo
1648 2979 1689 3003 ac
1713 2970 1771 3003 lib.
1798 2971 1842 3009 R,

92 3022 134 3046 ea:
159 3013 276 3043 animo
303 3018 366 3045 aut
389 3013 446 3044 lib.
488 3013 572 3054 (om.
598 3014 763 3056 humano)
793 3015 833 3054 V,
862 3024 905 3047 ea:
928 3016 1060 3048 iudicio
1085 3017 1215 3056 ipsius,
1243 3017 1362 3048 animo
1387 3018 1539 3049 humano
1566 3025 1607 3049 ac
1633 3017 1691 3050 lib.
1718 3017 1842 3050 Lamb.

95 3077 134 3083 —
161 3059 219 3091 26.
245 3063 325 3090 sunt
349 3059 458 3091 multa
482 3061 570 3092 RV:
595 3062 708 3094 ‘multa
735 3066 814 3094 sunt
838 3062 879 3094 E.
908 3078 948 3086 -
975 3063 1032 3095 28.
1062 3063 1196 3104 faciunt
1221 3065 1346 3096 ceteris
1373 3072 1449 3096 cum
1476 3064 1572 3095 libris
1598 3064 1678 3096 RV:
1707 3065 1844 3106 saciant

93 3106 178 3138 Ern.
206 3108 297 3138 cont.
325 3122 368 3131 -
400 3107 462 3138 hoc
487 3108 591 3140 etiam
615 3109 655 3140 R.
683 3106 819 3149 (ltaque
844 3109 905 3141 hoc
929 3110 968 3140 in
993 3110 1065 3141 loco
1092 3107 1151 3150 V.)
1191 3126 1233 3133 —
1270 3110 1328 3142 30.
1354 3110 1418 3141 Est
1443 3110 1578 3151 quidem
1602 3111 1676 3144 ΥΒ.
1703 3109 1781 3151 (Est
1803 3120 1845 3144 ne

93 3151 151 3192 (ne
177 3154 313 3194 punctis
338 3152 509 3195 notatum)
535 3155 632 3186 itane
656 3154 714 3192 V.)
760 3155 830 3188 Nos
855 3156 1062 3188 seclusimus
1087 3156 1214 3197 itaque.
1240 3171 1286 3180 —
1325 3156 1381 3188 33.
1409 3157 1548 3188 verbum
1572 3156 1708 3197 factum
1730 3158 1772 3191 V.
1800 3174 1843 3180 —

93 3199 151 3231 34.
179 3200 414 3232 contractione
441 3200 506 3232 Ed.
533 3200 689 3233 Norimb.
728 3218 766 3225 —
804 3202 1003 3243 definitione
1028 3203 1076 3240 Y,
1104 3202 1316 3243 definitiones
1339 3218 1353 3224 -
1375 3219 1389 3225 -
1412 3210 1624 3238 revocantur
1649 3205 1689 3237 R.
1719 3222 1758 3228 —-
1784 3205 1841 3237 35.

95 3250 157 3278 aut
179 3247 417 3279 coniunctione
442 3247 526 3279 YR:
555 3251 616 3279 aut
642 3256 684 3279 ex
707 3249 951 3281 coniunctione
977 3249 1031 3288 V,
1061 3254 1123 3280 aut
1149 3250 1188 3280 in
1212 3250 1452 3282 coniunctione
1478 3251 1518 3284 Ε.
1548 3269 1586 3276 -
1612 3252 1670 3286 37.
1697 3260 1843 3285 commu-

96 3293 187 3326 tatio
207 3296 321 3334 potest
346 3293 388 3327 R.
419 3311 456 3318 —
485 3294 728 3327 tantummodo
755 3295 887 3327 ordinis
912 3296 998 3330 Rv:
1025 3295 1158 3328 ordinis
1183 3296 1425 3329 tantummodo
1451 3297 1492 3330 E.
