<?xml version="1.0" encoding="UTF-8"?>
<!DOCTYPE html PUBLIC "-//W3C//DTD XHTML 1.0 Transitional//EN"
    "http://www.w3.org/TR/xhtml1/DTD/xhtml1-transitional.dtd">
<html xmlns="http://www.w3.org/1999/xhtml" xml:lang="en" lang="en">
 <head>
  <title>
</title>
<meta http-equiv="Content-Type" content="text/html;charset=utf-8" />
  <meta name='ocr-system' content='tesseract 3.04.00' />
  <meta name='ocr-capabilities' content='ocr_page ocr_carea ocr_par ocr_line ocrx_word'/>
</head>
<body>
  <div class='ocr_page' id='page_1' title='image "./operaquaesupersu01ciceuoft_0258.png"; bbox 0 0 2117 3762; ppageno 0'>
   <div class='ocr_carea' id='block_1_1' title="bbox 227 258 1284 309">
    <p class='ocr_par' dir='ltr' id='par_1_1' title="bbox 227 258 1284 309">
     <span class='ocr_line' id='line_1_1' title="bbox 227 258 1284 309; baseline -0.007 0"><span class='ocrx_word' id='word_1_1' title='bbox 227 266 310 309; x_wconf 55' lang='lat'>246</span> <span class='ocrx_word' id='word_1_2' title='bbox 934 258 1005 301; x_wconf 90' lang='lat' dir='ltr'>DE</span> <span class='ocrx_word' id='word_1_3' title='bbox 1037 258 1284 302; x_wconf 86' lang='lat' dir='ltr'><strong>ORATORE</strong></span> 
     </span>
    </p>
   </div>
   <div class='ocr_carea' id='block_1_2' title="bbox 183 365 2010 2819">
    <p class='ocr_par' dir='ltr' id='par_1_2' title="bbox 183 365 2009 2558">
     <span class='ocr_line' id='line_1_2' title="bbox 231 365 1986 427; baseline -0.005 -9"><span class='ocrx_word' id='word_1_4' title='bbox 231 389 286 418; x_wconf 85' lang='lat' dir='ltr'>ex</span> <span class='ocrx_word' id='word_1_5' title='bbox 313 374 416 417; x_wconf 90' lang='lat' dir='ltr'>locis</span> <span class='ocrx_word' id='word_1_6' title='bbox 447 386 511 422; x_wconf 91' lang='lat' dir='ltr'>ea,</span> <span class='ocrx_word' id='word_1_7' title='bbox 546 383 651 427; x_wconf 89' lang='lat' dir='ltr'>quae</span> <span class='ocrx_word' id='word_1_8' title='bbox 682 366 855 409; x_wconf 89' lang='lat' dir='ltr'>dicenda</span> <span class='ocrx_word' id='word_1_9' title='bbox 886 365 966 406; x_wconf 91' lang='lat' dir='ltr'>sint</span> <span class='ocrx_word' id='word_1_10' title='bbox 994 365 1038 406; x_wconf 90' lang='lat' dir='ltr'>in</span> <span class='ocrx_word' id='word_1_11' title='bbox 1068 367 1222 415; x_wconf 90' lang='lat' dir='ltr'>causis,</span> <span class='ocrx_word' id='word_1_12' title='bbox 1253 366 1529 423; x_wconf 80' lang='lat' dir='ltr'>reperiantur.</span> <span class='ocrx_word' id='word_1_13' title='bbox 1593 366 1709 417; x_wconf 83' lang='lat' dir='ltr'>Quae</span> <span class='ocrx_word' id='word_1_14' title='bbox 1740 380 1986 424; x_wconf 88' lang='lat' dir='ltr'>quamquam</span> 
     </span>
     <span class='ocr_line' id='line_1_3' title="bbox 231 429 1988 487; baseline -0.005 -7"><span class='ocrx_word' id='word_1_15' title='bbox 231 440 305 480; x_wconf 88' lang='lat' dir='ltr'>abs</span> <span class='ocrx_word' id='word_1_16' title='bbox 348 442 389 478; x_wconf 92' lang='lat' dir='ltr'>te</span> <span class='ocrx_word' id='word_1_17' title='bbox 425 448 535 478; x_wconf 84' lang='lat' dir='ltr'>novo</span> <span class='ocrx_word' id='word_1_18' title='bbox 574 429 753 487; x_wconf 87' lang='lat' dir='ltr'>quodam</span> <span class='ocrx_word' id='word_1_19' title='bbox 792 429 919 469; x_wconf 90' lang='lat' dir='ltr'>modo</span> <span class='ocrx_word' id='word_1_20' title='bbox 957 429 1251 484; x_wconf 82' lang='lat' dir='ltr'>praeclareque</span> <span class='ocrx_word' id='word_1_21' title='bbox 1291 429 1505 477; x_wconf 91' lang='lat' dir='ltr'>dicuntur,</span> <span class='ocrx_word' id='word_1_22' title='bbox 1557 434 1650 470; x_wconf 92' lang='lat' dir='ltr'>sunt</span> <span class='ocrx_word' id='word_1_23' title='bbox 1683 434 1821 472; x_wconf 90' lang='lat' dir='ltr'>tamen</span> <span class='ocrx_word' id='word_1_24' title='bbox 1861 434 1903 472; x_wconf 90' lang='lat' dir='ltr'>et</span> <span class='ocrx_word' id='word_1_25' title='bbox 1942 443 1988 472; x_wconf 87' lang='lat' dir='ltr'>re</span> 
     </span>
     <span class='ocr_line' id='line_1_4' title="bbox 229 489 1988 552; baseline -0.006 -8"><span class='ocrx_word' id='word_1_26' title='bbox 229 500 420 544; x_wconf 85' lang='lat' dir='ltr'>faciliora</span> <span class='ocrx_word' id='word_1_27' title='bbox 448 503 490 540; x_wconf 85' lang='lat' dir='ltr'>et</span> <span class='ocrx_word' id='word_1_28' title='bbox 516 493 748 552; x_wconf 84' lang='lat' dir='ltr'>praeceptis</span> <span class='ocrx_word' id='word_1_29' title='bbox 778 495 1029 545; x_wconf 88' lang='lat' dir='ltr'>pervagata:</span> <span class='ocrx_word' id='word_1_30' title='bbox 1062 489 1132 531; x_wconf 88' lang='lat' dir='ltr'>illa</span> <span class='ocrx_word' id='word_1_31' title='bbox 1163 493 1362 546; x_wconf 89' lang='lat' dir='ltr'>deprome</span> <span class='ocrx_word' id='word_1_32' title='bbox 1392 494 1512 534; x_wconf 91' lang='lat' dir='ltr'>nobis</span> <span class='ocrx_word' id='word_1_33' title='bbox 1542 490 1654 534; x_wconf 91' lang='lat' dir='ltr'>unde</span> <span class='ocrx_word' id='word_1_34' title='bbox 1681 491 1851 541; x_wconf 82' lang='lat' dir='ltr'>afferas,</span> <span class='ocrx_word' id='word_1_35' title='bbox 1883 506 1988 549; x_wconf 90' lang='lat' dir='ltr'>quae</span> 
     </span>
     <span class='ocr_line' id='line_1_5' title="bbox 233 552 1175 617; baseline -0.014 -11"><span class='ocrx_word' id='word_1_36' title='bbox 233 563 477 617; x_wconf 88' lang='lat' dir='ltr'>saepissime</span> <span class='ocrx_word' id='word_1_37' title='bbox 506 562 654 600; x_wconf 88' lang='lat' dir='ltr'>tractas</span> <span class='ocrx_word' id='word_1_38' title='bbox 685 567 931 609; x_wconf 89' lang='lat' dir='ltr'>semperque</span> <span class='ocrx_word' id='word_1_39' title='bbox 963 552 1175 595; x_wconf 90' lang='lat' dir='ltr'>divinitus.</span> 
     </span>
     <span class='ocr_line' id='line_1_6' title="bbox 202 615 1988 675; baseline -0.004 -7"><span class='ocrx_word' id='word_1_40' title='bbox 202 641 219 668; x_wconf 82' lang='lat'><strong>⁵</strong></span> <span class='ocrx_word' id='word_1_41' title='bbox 350 626 442 667; x_wconf 80' lang='lat'>128.</span> <span class='ocrx_word' id='word_1_42' title='bbox 474 625 726 675; x_wconf 84' lang='lat' dir='ltr'>Depromam</span> <span class='ocrx_word' id='word_1_43' title='bbox 756 616 976 673; x_wconf 90' lang='lat' dir='ltr'>equidem,</span> <span class='ocrx_word' id='word_1_44' title='bbox 1024 615 1182 671; x_wconf 89' lang='lat' dir='ltr'>inquit,</span> <span class='ocrx_word' id='word_1_45' title='bbox 1227 621 1268 658; x_wconf 86' lang='lat' dir='ltr'>et</span> <span class='ocrx_word' id='word_1_46' title='bbox 1302 632 1383 673; x_wconf 91' lang='lat' dir='ltr'>quo</span> <span class='ocrx_word' id='word_1_47' title='bbox 1413 618 1573 661; x_wconf 83' lang='lat' dir='ltr'>facilius</span> <span class='ocrx_word' id='word_1_48' title='bbox 1603 618 1647 661; x_wconf 92' lang='lat' dir='ltr'>id</span> <span class='ocrx_word' id='word_1_49' title='bbox 1676 632 1700 660; x_wconf 90' lang='lat' dir='ltr'>a</span> <span class='ocrx_word' id='word_1_50' title='bbox 1728 622 1769 660; x_wconf 89' lang='lat' dir='ltr'>te</span> <span class='ocrx_word' id='word_1_51' title='bbox 1799 617 1988 674; x_wconf 85' lang='lat' dir='ltr'>exigam,</span> 
     </span>
     <span class='ocr_line' id='line_1_7' title="bbox 233 679 1992 748; baseline -0.002 -20"><span class='ocrx_word' id='word_1_52' title='bbox 233 690 346 748; x_wconf 89' lang='lat' dir='ltr'>quod</span> <span class='ocrx_word' id='word_1_53' title='bbox 384 690 502 743; x_wconf 86' lang='lat' dir='ltr'>peto,</span> <span class='ocrx_word' id='word_1_54' title='bbox 551 681 654 723; x_wconf 92' lang='lat' dir='ltr'>nihil</span> <span class='ocrx_word' id='word_1_55' title='bbox 696 681 772 722; x_wconf 91' lang='lat' dir='ltr'>tibi</span> <span class='ocrx_word' id='word_1_56' title='bbox 802 694 826 721; x_wconf 90' lang='lat' dir='ltr'>a</span> <span class='ocrx_word' id='word_1_57' title='bbox 856 695 923 721; x_wconf 92' lang='lat' dir='ltr'>me</span> <span class='ocrx_word' id='word_1_58' title='bbox 952 679 1176 735; x_wconf 81' lang='lat' dir='ltr'>postulanti</span> <span class='ocrx_word' id='word_1_59' title='bbox 1211 682 1425 723; x_wconf 86' lang='lat' dir='ltr'>recusabo.</span> <span class='ocrx_word' id='word_1_60' title='bbox 1487 685 1603 725; x_wconf 88' lang='lat' dir='ltr'>Meae</span> <span class='ocrx_word' id='word_1_61' title='bbox 1635 681 1761 724; x_wconf 90' lang='lat' dir='ltr'>totius</span> <span class='ocrx_word' id='word_1_62' title='bbox 1793 681 1992 724; x_wconf 89' lang='lat' dir='ltr'>orationis</span> 
     </span>
     <span class='ocr_line' id='line_1_8' title="bbox 234 741 1992 809; baseline -0.005 -14"><span class='ocrx_word' id='word_1_63' title='bbox 234 759 274 795; x_wconf 89' lang='lat' dir='ltr'>et</span> <span class='ocrx_word' id='word_1_64' title='bbox 302 752 417 793; x_wconf 91' lang='lat' dir='ltr'>istius</span> <span class='ocrx_word' id='word_1_65' title='bbox 447 746 576 802; x_wconf 91' lang='lat' dir='ltr'>ipsius</span> <span class='ocrx_word' id='word_1_66' title='bbox 608 742 666 798; x_wconf 88' lang='lat' dir='ltr'>[in</span> <span class='ocrx_word' id='word_1_67' title='bbox 697 741 889 809; x_wconf 80' lang='lat' dir='ltr'>dicendo]</span> <span class='ocrx_word' id='word_1_68' title='bbox 934 741 1160 791; x_wconf 85' lang='lat' dir='ltr'>facultatis,</span> <span class='ocrx_word' id='word_1_69' title='bbox 1208 756 1332 796; x_wconf 88' lang='lat' dir='ltr'>quam</span> <span class='ocrx_word' id='word_1_70' title='bbox 1371 743 1496 786; x_wconf 89' lang='lat' dir='ltr'>modo</span> <span class='ocrx_word' id='word_1_71' title='bbox 1537 746 1706 787; x_wconf 88' lang='lat' dir='ltr'>Crassus</span> <span class='ocrx_word' id='word_1_72' title='bbox 1745 746 1788 786; x_wconf 93' lang='lat' dir='ltr'>in</span> <span class='ocrx_word' id='word_1_73' title='bbox 1831 747 1992 788; x_wconf 89' lang='lat' dir='ltr'>caelum</span> 
     </span>
     <span class='ocr_line' id='line_1_9' title="bbox 234 804 1995 857; baseline -0.004 0"><span class='ocrx_word' id='word_1_74' title='bbox 234 814 371 857; x_wconf 86' lang='lat' dir='ltr'>verbis</span> <span class='ocrx_word' id='word_1_75' title='bbox 403 809 571 856; x_wconf 74' lang='lat' dir='ltr'>extulit,</span> <span class='ocrx_word' id='word_1_76' title='bbox 603 812 688 848; x_wconf 91' lang='lat' dir='ltr'>tres</span> <span class='ocrx_word' id='word_1_77' title='bbox 719 810 814 847; x_wconf 84' lang='lat' dir='ltr'>sunt</span> <span class='ocrx_word' id='word_1_78' title='bbox 843 806 1048 853; x_wconf 87' lang='lat' dir='ltr'>rationes,</span> <span class='ocrx_word' id='word_1_79' title='bbox 1080 810 1126 847; x_wconf 91' lang='lat' dir='ltr'>ut</span> <span class='ocrx_word' id='word_1_80' title='bbox 1156 810 1249 845; x_wconf 86' lang='lat' dir='ltr'>ante</span> <span class='ocrx_word' id='word_1_81' title='bbox 1280 804 1392 846; x_wconf 85' lang='lat' dir='ltr'>dixi:</span> <span class='ocrx_word' id='word_1_82' title='bbox 1425 821 1507 849; x_wconf 90' lang='lat' dir='ltr'>una</span> <span class='ocrx_word' id='word_1_83' title='bbox 1533 808 1888 850; x_wconf 88' lang='lat' dir='ltr'>conciliandorum</span> <span class='ocrx_word' id='word_1_84' title='bbox 1918 811 1995 850; x_wconf 89' lang='lat' dir='ltr'>ho·-</span> 
     </span>
     <span class='ocr_line' id='line_1_10' title="bbox 233 866 1994 922; baseline -0.005 -3"><span class='ocrx_word' id='word_1_85' title='bbox 233 877 413 922; x_wconf 90' lang='lat' dir='ltr'>minum,</span> <span class='ocrx_word' id='word_1_86' title='bbox 460 873 591 913; x_wconf 91' lang='lat' dir='ltr'>altera</span> <span class='ocrx_word' id='word_1_87' title='bbox 622 870 929 914; x_wconf 86' lang='lat' dir='ltr'>docendorum,</span> <span class='ocrx_word' id='word_1_88' title='bbox 975 868 1097 909; x_wconf 88' lang='lat' dir='ltr'>tertia</span> <span class='ocrx_word' id='word_1_89' title='bbox 1128 866 1486 911; x_wconf 90' lang='lat' dir='ltr'>concitandorum.</span> <span class='ocrx_word' id='word_1_90' title='bbox 1549 873 1642 912; x_wconf 74' lang='lat'>129.</span> <span class='ocrx_word' id='word_1_91' title='bbox 1678 872 1837 912; x_wconf 90' lang='lat' dir='ltr'>Harum</span> <span class='ocrx_word' id='word_1_92' title='bbox 1868 870 1994 912; x_wconf 89' lang='lat' dir='ltr'>trium</span> 
     </span>
     <span class='ocr_line' id='line_1_11' title="bbox 183 929 1993 997; baseline -0.002 -18"><span class='ocrx_word' id='word_1_93' title='bbox 183 954 219 979; x_wconf 54' lang='grc' dir='ltr'>πο</span> <span class='ocrx_word' id='word_1_94' title='bbox 232 938 411 997; x_wconf 84' lang='lat' dir='ltr'>partium</span> <span class='ocrx_word' id='word_1_95' title='bbox 440 934 575 991; x_wconf 90' lang='lat' dir='ltr'>prima</span> <span class='ocrx_word' id='word_1_96' title='bbox 602 933 815 974; x_wconf 83' lang='lat' dir='ltr'>lenitatem</span> <span class='ocrx_word' id='word_1_97' title='bbox 836 929 1063 979; x_wconf 91' lang='lat' dir='ltr'>orationis,</span> <span class='ocrx_word' id='word_1_98' title='bbox 1097 929 1280 972; x_wconf 90' lang='lat' dir='ltr'>secunda</span> <span class='ocrx_word' id='word_1_99' title='bbox 1299 943 1496 980; x_wconf 89' lang='lat' dir='ltr'>acumen,</span> <span class='ocrx_word' id='word_1_100' title='bbox 1528 933 1649 974; x_wconf 88' lang='lat' dir='ltr'>tertia</span> <span class='ocrx_word' id='word_1_101' title='bbox 1669 933 1752 974; x_wconf 92' lang='lat' dir='ltr'>vim</span> <span class='ocrx_word' id='word_1_102' title='bbox 1775 931 1993 975; x_wconf 88' lang='lat' dir='ltr'>desiderat.</span> 
     </span>
     <span class='ocr_line' id='line_1_12' title="bbox 232 991 1997 1047; baseline -0.003 -4"><span class='ocrx_word' id='word_1_103' title='bbox 232 1005 336 1044; x_wconf 88' lang='lat' dir='ltr'>Nam</span> <span class='ocrx_word' id='word_1_104' title='bbox 364 1001 444 1040; x_wconf 88' lang='lat' dir='ltr'>hoc</span> <span class='ocrx_word' id='word_1_105' title='bbox 473 1010 645 1038; x_wconf 91' lang='lat' dir='ltr'>necesse</span> <span class='ocrx_word' id='word_1_106' title='bbox 675 999 762 1044; x_wconf 90' lang='lat' dir='ltr'>est,</span> <span class='ocrx_word' id='word_1_107' title='bbox 809 998 857 1035; x_wconf 87' lang='lat' dir='ltr'>ut</span> <span class='ocrx_word' id='word_1_108' title='bbox 884 995 946 1042; x_wconf 88' lang='lat' dir='ltr'>is,</span> <span class='ocrx_word' id='word_1_109' title='bbox 996 992 1067 1047; x_wconf 91' lang='lat' dir='ltr'>qui</span> <span class='ocrx_word' id='word_1_110' title='bbox 1106 991 1227 1034; x_wconf 92' lang='lat' dir='ltr'>nobis</span> <span class='ocrx_word' id='word_1_111' title='bbox 1267 1006 1433 1034; x_wconf 89' lang='lat' dir='ltr'>causam</span> <span class='ocrx_word' id='word_1_112' title='bbox 1470 993 1775 1037; x_wconf 88' lang='lat' dir='ltr'>adiudicaturus</span> <span class='ocrx_word' id='word_1_113' title='bbox 1807 995 1878 1043; x_wconf 89' lang='lat' dir='ltr'>sit,</span> <span class='ocrx_word' id='word_1_114' title='bbox 1925 999 1997 1037; x_wconf 84' lang='lat' dir='ltr'>aut</span> 
     </span>
     <span class='ocr_line' id='line_1_13' title="bbox 232 1055 1998 1113; baseline -0.003 -8"><span class='ocrx_word' id='word_1_115' title='bbox 232 1062 502 1106; x_wconf 87' lang='lat' dir='ltr'>inclinatione</span> <span class='ocrx_word' id='word_1_116' title='bbox 530 1057 754 1101; x_wconf 90' lang='lat' dir='ltr'>voluntatis</span> <span class='ocrx_word' id='word_1_117' title='bbox 783 1057 1043 1113; x_wconf 88' lang='lat' dir='ltr'>propendeat</span> <span class='ocrx_word' id='word_1_118' title='bbox 1072 1055 1116 1097; x_wconf 89' lang='lat' dir='ltr'>in</span> <span class='ocrx_word' id='word_1_119' title='bbox 1145 1070 1221 1096; x_wconf 92' lang='lat' dir='ltr'>nos</span> <span class='ocrx_word' id='word_1_120' title='bbox 1252 1060 1321 1097; x_wconf 90' lang='lat' dir='ltr'>aut</span> <span class='ocrx_word' id='word_1_121' title='bbox 1351 1055 1603 1098; x_wconf 81' lang='lat' dir='ltr'>defensionis</span> <span class='ocrx_word' id='word_1_122' title='bbox 1642 1060 1895 1113; x_wconf 84' lang='lat' dir='ltr'>argumentis</span> <span class='ocrx_word' id='word_1_123' title='bbox 1927 1060 1998 1100; x_wconf 90' lang='lat' dir='ltr'>ad-</span> 
     </span>
     <span class='ocr_line' id='line_1_14' title="bbox 236 1119 1998 1177; baseline -0.003 -8"><span class='ocrx_word' id='word_1_124' title='bbox 236 1130 410 1169; x_wconf 88' lang='lat' dir='ltr'>ducatur</span> <span class='ocrx_word' id='word_1_125' title='bbox 440 1128 511 1165; x_wconf 87' lang='lat' dir='ltr'>aut</span> <span class='ocrx_word' id='word_1_126' title='bbox 540 1123 666 1163; x_wconf 87' lang='lat' dir='ltr'>animi</span> <span class='ocrx_word' id='word_1_127' title='bbox 696 1121 958 1175; x_wconf 86' lang='lat' dir='ltr'>permotione</span> <span class='ocrx_word' id='word_1_128' title='bbox 989 1124 1177 1174; x_wconf 84' lang='lat' dir='ltr'>cogatur.</span> <span class='ocrx_word' id='word_1_129' title='bbox 1242 1120 1323 1160; x_wconf 88' lang='lat' dir='ltr'>Sed</span> <span class='ocrx_word' id='word_1_130' title='bbox 1354 1119 1550 1175; x_wconf 89' lang='lat' dir='ltr'>quoniam</span> <span class='ocrx_word' id='word_1_131' title='bbox 1580 1119 1651 1161; x_wconf 88' lang='lat' dir='ltr'>illa</span> <span class='ocrx_word' id='word_1_132' title='bbox 1681 1136 1797 1175; x_wconf 89' lang='lat' dir='ltr'>pars,</span> <span class='ocrx_word' id='word_1_133' title='bbox 1844 1121 1887 1163; x_wconf 89' lang='lat' dir='ltr'>in</span> <span class='ocrx_word' id='word_1_134' title='bbox 1917 1136 1998 1177; x_wconf 90' lang='lat' dir='ltr'>qua</span> 
     </span>
     <span class='ocr_line' id='line_1_15' title="bbox 235 1181 1995 1241; baseline -0.003 -10"><span class='ocrx_word' id='word_1_135' title='bbox 235 1203 377 1231; x_wconf 89' lang='lat' dir='ltr'>rerum</span> <span class='ocrx_word' id='word_1_136' title='bbox 405 1188 590 1241; x_wconf 88' lang='lat' dir='ltr'>ipsarum</span> <span class='ocrx_word' id='word_1_137' title='bbox 621 1183 844 1238; x_wconf 82' lang='lat' dir='ltr'>explicatio</span> <span class='ocrx_word' id='word_1_138' title='bbox 875 1196 922 1223; x_wconf 90' lang='lat' dir='ltr'>ac</span> <span class='ocrx_word' id='word_1_139' title='bbox 953 1181 1141 1224; x_wconf 89' lang='lat' dir='ltr'>defensio</span> <span class='ocrx_word' id='word_1_140' title='bbox 1171 1182 1306 1236; x_wconf 88' lang='lat' dir='ltr'>posita</span> <span class='ocrx_word' id='word_1_141' title='bbox 1338 1187 1422 1231; x_wconf 90' lang='lat' dir='ltr'>est,</span> <span class='ocrx_word' id='word_1_142' title='bbox 1471 1184 1637 1224; x_wconf 86' lang='lat' dir='ltr'>videtur</span> <span class='ocrx_word' id='word_1_143' title='bbox 1678 1198 1843 1226; x_wconf 92' lang='lat' dir='ltr'>omnem</span> <span class='ocrx_word' id='word_1_144' title='bbox 1874 1186 1995 1226; x_wconf 90' lang='lat' dir='ltr'>huius</span> 
     </span>
     <span class='ocr_line' id='line_1_16' title="bbox 186 1243 2000 1307; baseline -0.002 -15"><span class='ocrx_word' id='word_1_145' title='bbox 186 1265 221 1292; x_wconf 80' lang='lat'>25</span> <span class='ocrx_word' id='word_1_146' title='bbox 236 1251 402 1307; x_wconf 88' lang='lat' dir='ltr'>generis</span> <span class='ocrx_word' id='word_1_147' title='bbox 433 1249 551 1305; x_wconf 90' lang='lat' dir='ltr'>quasi</span> <span class='ocrx_word' id='word_1_148' title='bbox 582 1247 814 1289; x_wconf 88' lang='lat' dir='ltr'>doctrinam</span> <span class='ocrx_word' id='word_1_149' title='bbox 857 1246 1093 1294; x_wconf 90' lang='lat' dir='ltr'>continere,</span> <span class='ocrx_word' id='word_1_150' title='bbox 1146 1243 1197 1286; x_wconf 92' lang='lat' dir='ltr'>de</span> <span class='ocrx_word' id='word_1_151' title='bbox 1237 1258 1285 1286; x_wconf 89' lang='lat' dir='ltr'>ea</span> <span class='ocrx_word' id='word_1_152' title='bbox 1323 1243 1504 1300; x_wconf 85' lang='lat' dir='ltr'>primum</span> <span class='ocrx_word' id='word_1_153' title='bbox 1545 1247 1767 1301; x_wconf 90' lang='lat' dir='ltr'>loquemur</span> <span class='ocrx_word' id='word_1_154' title='bbox 1798 1253 1839 1288; x_wconf 86' lang='lat' dir='ltr'>et</span> <span class='ocrx_word' id='word_1_155' title='bbox 1867 1262 2000 1301; x_wconf 86' lang='lat' dir='ltr'>pauca</span> 
     </span>
     <span class='ocr_line' id='line_1_17' title="bbox 237 1309 2000 1364; baseline -0.003 -7"><span class='ocrx_word' id='word_1_156' title='bbox 237 1315 437 1357; x_wconf 90' lang='lat' dir='ltr'>dicemus.</span> <span class='ocrx_word' id='word_1_157' title='bbox 497 1313 631 1352; x_wconf 87' lang='lat' dir='ltr'>Pauca</span> <span class='ocrx_word' id='word_1_158' title='bbox 652 1311 761 1351; x_wconf 90' lang='lat' dir='ltr'>enim</span> <span class='ocrx_word' id='word_1_159' title='bbox 784 1313 901 1357; x_wconf 83' lang='lat' dir='ltr'>sunt,</span> <span class='ocrx_word' id='word_1_160' title='bbox 935 1322 1042 1363; x_wconf 92' lang='lat' dir='ltr'>quae</span> <span class='ocrx_word' id='word_1_161' title='bbox 1071 1322 1150 1350; x_wconf 93' lang='lat' dir='ltr'>usu</span> <span class='ocrx_word' id='word_1_162' title='bbox 1178 1309 1261 1349; x_wconf 91' lang='lat' dir='ltr'>iam</span> <span class='ocrx_word' id='word_1_163' title='bbox 1292 1312 1464 1350; x_wconf 87' lang='lat' dir='ltr'>tractata</span> <span class='ocrx_word' id='word_1_164' title='bbox 1495 1313 1535 1350; x_wconf 94' lang='lat' dir='ltr'>et</span> <span class='ocrx_word' id='word_1_165' title='bbox 1561 1309 1701 1350; x_wconf 90' lang='lat' dir='ltr'>animo</span> <span class='ocrx_word' id='word_1_166' title='bbox 1724 1311 1841 1364; x_wconf 86' lang='lat' dir='ltr'>quasi</span> <span class='ocrx_word' id='word_1_167' title='bbox 1861 1316 2000 1352; x_wconf 86' lang='lat' dir='ltr'>notata</span> 
     </span>
     <span class='ocr_line' id='line_1_18' title="bbox 236 1371 1998 1425; baseline -0.004 -5"><span class='ocrx_word' id='word_1_168' title='bbox 236 1377 390 1421; x_wconf 88' lang='lat' dir='ltr'>habere</span> <span class='ocrx_word' id='word_1_169' title='bbox 431 1374 664 1418; x_wconf 91' lang='lat' dir='ltr'>videamur.</span> <span class='ocrx_word' id='word_1_170' title='bbox 761 1374 898 1414; x_wconf 86' lang='lat' dir='ltr'>XXX.</span> <span class='ocrx_word' id='word_1_171' title='bbox 955 1374 1047 1413; x_wconf 88' lang='lat'>130.</span> <span class='ocrx_word' id='word_1_172' title='bbox 1096 1372 1154 1412; x_wconf 91' lang='lat' dir='ltr'>Ac</span> <span class='ocrx_word' id='word_1_173' title='bbox 1194 1372 1270 1412; x_wconf 91' lang='lat' dir='ltr'>tibi</span> <span class='ocrx_word' id='word_1_174' title='bbox 1319 1372 1528 1425; x_wconf 88' lang='lat' dir='ltr'>sapienter</span> <span class='ocrx_word' id='word_1_175' title='bbox 1580 1371 1783 1420; x_wconf 83' lang='lat' dir='ltr'>monenti,</span> <span class='ocrx_word' id='word_1_176' title='bbox 1839 1374 1998 1421; x_wconf 87' lang='lat' dir='ltr'>Crasse,</span> 
     </span>
     <span class='ocr_line' id='line_1_19' title="bbox 237 1434 2002 1490; baseline -0.005 -7"><span class='ocrx_word' id='word_1_177' title='bbox 237 1441 419 1484; x_wconf 84' lang='lat' dir='ltr'>libenter</span> <span class='ocrx_word' id='word_1_178' title='bbox 449 1436 749 1485; x_wconf 89' lang='lat' dir='ltr'>assentiemur,</span> <span class='ocrx_word' id='word_1_179' title='bbox 796 1441 840 1477; x_wconf 92' lang='lat' dir='ltr'>ut</span> <span class='ocrx_word' id='word_1_180' title='bbox 869 1436 1125 1489; x_wconf 87' lang='lat' dir='ltr'>singularum</span> <span class='ocrx_word' id='word_1_181' title='bbox 1157 1447 1372 1475; x_wconf 87' lang='lat' dir='ltr'>causarum</span> <span class='ocrx_word' id='word_1_182' title='bbox 1406 1434 1693 1482; x_wconf 90' lang='lat' dir='ltr'>defensiones,</span> <span class='ocrx_word' id='word_1_183' title='bbox 1739 1449 1839 1490; x_wconf 92' lang='lat' dir='ltr'>quas</span> <span class='ocrx_word' id='word_1_184' title='bbox 1869 1434 2002 1477; x_wconf 89' lang='lat' dir='ltr'>solent</span> 
     </span>
     <span class='ocr_line' id='line_1_20' title="bbox 239 1496 2001 1559; baseline -0.005 -13"><span class='ocrx_word' id='word_1_185' title='bbox 239 1502 427 1559; x_wconf 88' lang='lat' dir='ltr'>magistri</span> <span class='ocrx_word' id='word_1_186' title='bbox 455 1501 595 1557; x_wconf 89' lang='lat' dir='ltr'>pueris</span> <span class='ocrx_word' id='word_1_187' title='bbox 625 1501 816 1548; x_wconf 86' lang='lat' dir='ltr'>tradere,</span> <span class='ocrx_word' id='word_1_188' title='bbox 848 1497 1159 1554; x_wconf 77' lang='lat' dir='ltr'>relinquamus,</span> <span class='ocrx_word' id='word_1_189' title='bbox 1192 1496 1428 1551; x_wconf 87' lang='lat' dir='ltr'>aperiamus</span> <span class='ocrx_word' id='word_1_190' title='bbox 1458 1503 1596 1539; x_wconf 88' lang='lat' dir='ltr'>autem</span> <span class='ocrx_word' id='word_1_191' title='bbox 1628 1497 1761 1552; x_wconf 89' lang='lat' dir='ltr'>capita</span> <span class='ocrx_word' id='word_1_192' title='bbox 1787 1512 1859 1548; x_wconf 87' lang='lat' dir='ltr'>ea,</span> <span class='ocrx_word' id='word_1_193' title='bbox 1891 1497 2001 1539; x_wconf 91' lang='lat' dir='ltr'>unde</span> 
     </span>
     <span class='ocr_line' id='line_1_21' title="bbox 190 1560 2002 1617; baseline -0.002 -12"><span class='ocrx_word' id='word_1_194' title='bbox 190 1580 227 1605; x_wconf 84' lang='lat'>20</span> <span class='ocrx_word' id='word_1_195' title='bbox 243 1569 378 1609; x_wconf 93' lang='lat' dir='ltr'>omnis</span> <span class='ocrx_word' id='word_1_196' title='bbox 422 1564 473 1607; x_wconf 91' lang='lat' dir='ltr'>ad</span> <span class='ocrx_word' id='word_1_197' title='bbox 517 1577 686 1605; x_wconf 89' lang='lat' dir='ltr'>omnem</span> <span class='ocrx_word' id='word_1_198' title='bbox 727 1567 768 1603; x_wconf 91' lang='lat' dir='ltr'>et</span> <span class='ocrx_word' id='word_1_199' title='bbox 807 1574 972 1602; x_wconf 91' lang='lat' dir='ltr'>causam</span> <span class='ocrx_word' id='word_1_200' title='bbox 1013 1565 1055 1602; x_wconf 88' lang='lat' dir='ltr'>et</span> <span class='ocrx_word' id='word_1_201' title='bbox 1096 1561 1327 1602; x_wconf 89' lang='lat' dir='ltr'>orationem</span> <span class='ocrx_word' id='word_1_202' title='bbox 1361 1561 1585 1615; x_wconf 89' lang='lat' dir='ltr'>disputatio</span> <span class='ocrx_word' id='word_1_203' title='bbox 1618 1560 1796 1603; x_wconf 91' lang='lat' dir='ltr'>ducitur.</span> <span class='ocrx_word' id='word_1_204' title='bbox 1857 1563 2002 1617; x_wconf 90' lang='lat' dir='ltr'>Neque</span> 
     </span>
     <span class='ocr_line' id='line_1_22' title="bbox 242 1622 2004 1685; baseline -0.004 -13"><span class='ocrx_word' id='word_1_205' title='bbox 242 1631 370 1677; x_wconf 92' lang='lat' dir='ltr'>enim,</span> <span class='ocrx_word' id='word_1_206' title='bbox 418 1629 579 1685; x_wconf 86' lang='lat' dir='ltr'>quoties</span> <span class='ocrx_word' id='word_1_207' title='bbox 619 1627 796 1668; x_wconf 90' lang='lat' dir='ltr'>verbum</span> <span class='ocrx_word' id='word_1_208' title='bbox 832 1622 1000 1678; x_wconf 90' lang='lat' dir='ltr'>aliquod</span> <span class='ocrx_word' id='word_1_209' title='bbox 1031 1628 1094 1665; x_wconf 89' lang='lat' dir='ltr'>est</span> <span class='ocrx_word' id='word_1_210' title='bbox 1123 1623 1387 1665; x_wconf 89' lang='lat' dir='ltr'>scribendum</span> <span class='ocrx_word' id='word_1_211' title='bbox 1418 1622 1562 1673; x_wconf 90' lang='lat' dir='ltr'>nobis,</span> <span class='ocrx_word' id='word_1_212' title='bbox 1611 1623 1733 1666; x_wconf 87' lang='lat' dir='ltr'>toties</span> <span class='ocrx_word' id='word_1_213' title='bbox 1765 1625 1854 1666; x_wconf 89' lang='lat' dir='ltr'>eius</span> <span class='ocrx_word' id='word_1_214' title='bbox 1884 1623 2004 1666; x_wconf 88' lang='lat' dir='ltr'>verbi</span> 
     </span>
     <span class='ocr_line' id='line_1_23' title="bbox 240 1686 2002 1744; baseline -0.004 -9"><span class='ocrx_word' id='word_1_215' title='bbox 240 1694 401 1736; x_wconf 82' lang='lat' dir='ltr'>litterae</span> <span class='ocrx_word' id='word_1_216' title='bbox 433 1695 527 1733; x_wconf 89' lang='lat' dir='ltr'>sunt</span> <span class='ocrx_word' id='word_1_217' title='bbox 557 1688 807 1744; x_wconf 85' lang='lat' dir='ltr'>cogitatione</span> <span class='ocrx_word' id='word_1_218' title='bbox 840 1686 1173 1743; x_wconf 82' lang='lat' dir='ltr'>conquirendae3</span> <span class='ocrx_word' id='word_1_219' title='bbox 1222 1701 1300 1728; x_wconf 90' lang='lat' dir='ltr'>nec</span> <span class='ocrx_word' id='word_1_220' title='bbox 1341 1688 1506 1741; x_wconf 89' lang='lat' dir='ltr'>quoties</span> <span class='ocrx_word' id='word_1_221' title='bbox 1546 1700 1670 1728; x_wconf 92' lang='lat' dir='ltr'>causa</span> <span class='ocrx_word' id='word_1_222' title='bbox 1709 1687 1884 1730; x_wconf 90' lang='lat' dir='ltr'>dicenda</span> <span class='ocrx_word' id='word_1_223' title='bbox 1923 1692 2002 1735; x_wconf 91' lang='lat' dir='ltr'>est,</span> 
     </span>
     <span class='ocr_line' id='line_1_24' title="bbox 242 1749 2004 1805; baseline -0.003 -8"><span class='ocrx_word' id='word_1_224' title='bbox 242 1755 365 1797; x_wconf 89' lang='lat' dir='ltr'>toties</span> <span class='ocrx_word' id='word_1_225' title='bbox 396 1756 447 1795; x_wconf 91' lang='lat' dir='ltr'>ad</span> <span class='ocrx_word' id='word_1_226' title='bbox 478 1754 567 1795; x_wconf 90' lang='lat' dir='ltr'>eius</span> <span class='ocrx_word' id='word_1_227' title='bbox 600 1766 747 1794; x_wconf 89' lang='lat' dir='ltr'>causae</span> <span class='ocrx_word' id='word_1_228' title='bbox 779 1750 961 1805; x_wconf 86' lang='lat' dir='ltr'>seposita</span> <span class='ocrx_word' id='word_1_229' title='bbox 990 1755 1235 1805; x_wconf 87' lang='lat' dir='ltr'>argumenta</span> <span class='ocrx_word' id='word_1_230' title='bbox 1256 1749 1418 1791; x_wconf 90' lang='lat' dir='ltr'>revolvi</span> <span class='ocrx_word' id='word_1_231' title='bbox 1437 1764 1513 1791; x_wconf 93' lang='lat' dir='ltr'>nos</span> <span class='ocrx_word' id='word_1_232' title='bbox 1534 1754 1724 1803; x_wconf 93' lang='lat' dir='ltr'>oportet,</span> <span class='ocrx_word' id='word_1_233' title='bbox 1758 1749 1831 1792; x_wconf 91' lang='lat' dir='ltr'>sed</span> <span class='ocrx_word' id='word_1_234' title='bbox 1850 1749 2004 1792; x_wconf 88' lang='lat' dir='ltr'>habere</span> 
     </span>
     <span class='ocr_line' id='line_1_25' title="bbox 244 1812 2005 1871; baseline -0.004 -11"><span class='ocrx_word' id='word_1_235' title='bbox 244 1824 378 1860; x_wconf 87' lang='lat' dir='ltr'>certos</span> <span class='ocrx_word' id='word_1_236' title='bbox 408 1819 546 1864; x_wconf 88' lang='lat' dir='ltr'>locos,</span> <span class='ocrx_word' id='word_1_237' title='bbox 577 1815 669 1871; x_wconf 89' lang='lat' dir='ltr'>qui,</span> <span class='ocrx_word' id='word_1_238' title='bbox 701 1820 748 1856; x_wconf 90' lang='lat' dir='ltr'>ut</span> <span class='ocrx_word' id='word_1_239' title='bbox 776 1814 936 1856; x_wconf 89' lang='lat' dir='ltr'>litterae</span> <span class='ocrx_word' id='word_1_240' title='bbox 967 1812 1019 1855; x_wconf 89' lang='lat' dir='ltr'>ad</span> <span class='ocrx_word' id='word_1_241' title='bbox 1049 1815 1225 1855; x_wconf 89' lang='lat' dir='ltr'>verbum</span> <span class='ocrx_word' id='word_1_242' title='bbox 1257 1812 1548 1862; x_wconf 89' lang='lat' dir='ltr'>scribendum,</span> <span class='ocrx_word' id='word_1_243' title='bbox 1581 1814 1640 1855; x_wconf 91' lang='lat' dir='ltr'>sic</span> <span class='ocrx_word' id='word_1_244' title='bbox 1669 1813 1728 1855; x_wconf 91' lang='lat' dir='ltr'>illi</span> <span class='ocrx_word' id='word_1_245' title='bbox 1758 1814 1808 1854; x_wconf 87' lang='lat' dir='ltr'>ad</span> <span class='ocrx_word' id='word_1_246' title='bbox 1840 1826 2005 1853; x_wconf 89' lang='lat' dir='ltr'>causam</span> 
     </span>
     <span class='ocr_line' id='line_1_26' title="bbox 194 1875 2007 1937; baseline -0.004 -13"><span class='ocrx_word' id='word_1_247' title='bbox 194 1893 230 1919; x_wconf 83' lang='lat'>2⁵</span> <span class='ocrx_word' id='word_1_248' title='bbox 246 1881 529 1937; x_wconf 86' lang='lat' dir='ltr'>explicandam</span> <span class='ocrx_word' id='word_1_249' title='bbox 561 1878 694 1921; x_wconf 89' lang='lat' dir='ltr'>statim</span> <span class='ocrx_word' id='word_1_250' title='bbox 726 1881 961 1919; x_wconf 89' lang='lat' dir='ltr'>occurrant.</span> <span class='ocrx_word' id='word_1_251' title='bbox 1025 1878 1118 1918; x_wconf 88' lang='lat'>131.</span> <span class='ocrx_word' id='word_1_252' title='bbox 1159 1877 1241 1916; x_wconf 90' lang='lat' dir='ltr'>Sed</span> <span class='ocrx_word' id='word_1_253' title='bbox 1271 1875 1313 1916; x_wconf 85' lang='lat' dir='ltr'>hi</span> <span class='ocrx_word' id='word_1_254' title='bbox 1343 1875 1423 1917; x_wconf 88' lang='lat' dir='ltr'>loci</span> <span class='ocrx_word' id='word_1_255' title='bbox 1454 1877 1492 1917; x_wconf 90' lang='lat' dir='ltr'>ei</span> <span class='ocrx_word' id='word_1_256' title='bbox 1523 1875 1688 1917; x_wconf 92' lang='lat' dir='ltr'>demum</span> <span class='ocrx_word' id='word_1_257' title='bbox 1720 1877 1878 1918; x_wconf 87' lang='lat' dir='ltr'>oratori</span> <span class='ocrx_word' id='word_1_258' title='bbox 1907 1889 2007 1929; x_wconf 91' lang='lat' dir='ltr'>pro-</span> 
     </span>
     <span class='ocr_line' id='line_1_27' title="bbox 246 1937 2005 1998; baseline -0.005 -11"><span class='ocrx_word' id='word_1_259' title='bbox 246 1944 365 1987; x_wconf 90' lang='lat' dir='ltr'>desse</span> <span class='ocrx_word' id='word_1_260' title='bbox 394 1948 587 1998; x_wconf 88' lang='lat' dir='ltr'>possunt,</span> <span class='ocrx_word' id='word_1_261' title='bbox 634 1940 705 1996; x_wconf 90' lang='lat' dir='ltr'>qui</span> <span class='ocrx_word' id='word_1_262' title='bbox 737 1946 798 1982; x_wconf 91' lang='lat' dir='ltr'>est</span> <span class='ocrx_word' id='word_1_263' title='bbox 828 1944 1013 1982; x_wconf 90' lang='lat' dir='ltr'>versatus</span> <span class='ocrx_word' id='word_1_264' title='bbox 1043 1940 1086 1979; x_wconf 92' lang='lat' dir='ltr'>in</span> <span class='ocrx_word' id='word_1_265' title='bbox 1115 1940 1240 1980; x_wconf 91' lang='lat' dir='ltr'>rebus</span> <span class='ocrx_word' id='word_1_266' title='bbox 1270 1938 1335 1980; x_wconf 90' lang='lat' dir='ltr'>vel</span> <span class='ocrx_word' id='word_1_267' title='bbox 1365 1953 1463 1987; x_wconf 91' lang='lat' dir='ltr'>usu,</span> <span class='ocrx_word' id='word_1_268' title='bbox 1510 1952 1633 1994; x_wconf 90' lang='lat' dir='ltr'>quem</span> <span class='ocrx_word' id='word_1_269' title='bbox 1675 1944 1786 1980; x_wconf 88' lang='lat' dir='ltr'>aetas</span> <span class='ocrx_word' id='word_1_270' title='bbox 1827 1937 2005 1993; x_wconf 89' lang='lat' dir='ltr'>denique</span> 
     </span>
     <span class='ocr_line' id='line_1_28' title="bbox 247 2000 2002 2058; baseline -0.005 -8"><span class='ocrx_word' id='word_1_271' title='bbox 247 2007 389 2055; x_wconf 84' lang='lat' dir='ltr'>affert,</span> <span class='ocrx_word' id='word_1_272' title='bbox 428 2006 495 2049; x_wconf 87' lang='lat' dir='ltr'>vel</span> <span class='ocrx_word' id='word_1_273' title='bbox 524 2005 734 2047; x_wconf 90' lang='lat' dir='ltr'>auditione</span> <span class='ocrx_word' id='word_1_274' title='bbox 766 2008 808 2044; x_wconf 90' lang='lat' dir='ltr'>et</span> <span class='ocrx_word' id='word_1_275' title='bbox 836 2003 1108 2058; x_wconf 88' lang='lat' dir='ltr'>cogitatione,</span> <span class='ocrx_word' id='word_1_276' title='bbox 1150 2015 1256 2055; x_wconf 89' lang='lat' dir='ltr'>quae</span> <span class='ocrx_word' id='word_1_277' title='bbox 1289 2000 1425 2043; x_wconf 89' lang='lat' dir='ltr'>studio</span> <span class='ocrx_word' id='word_1_278' title='bbox 1456 2006 1497 2042; x_wconf 88' lang='lat' dir='ltr'>et</span> <span class='ocrx_word' id='word_1_279' title='bbox 1528 2001 1739 2056; x_wconf 89' lang='lat' dir='ltr'>diligentia</span> <span class='ocrx_word' id='word_1_280' title='bbox 1769 2003 2002 2057; x_wconf 87' lang='lat' dir='ltr'>praecurrit</span> 
     </span>
     <span class='ocr_line' id='line_1_29' title="bbox 248 2063 2007 2120; baseline -0.003 -9"><span class='ocrx_word' id='word_1_281' title='bbox 248 2075 436 2112; x_wconf 87' lang='lat' dir='ltr'>aetatem.</span> <span class='ocrx_word' id='word_1_282' title='bbox 494 2071 599 2109; x_wconf 90' lang='lat' dir='ltr'>Nam</span> <span class='ocrx_word' id='word_1_283' title='bbox 629 2067 663 2108; x_wconf 90' lang='lat' dir='ltr'>si</span> <span class='ocrx_word' id='word_1_284' title='bbox 692 2072 738 2108; x_wconf 91' lang='lat' dir='ltr'>tu</span> <span class='ocrx_word' id='word_1_285' title='bbox 768 2065 869 2107; x_wconf 90' lang='lat' dir='ltr'>mihi</span> <span class='ocrx_word' id='word_1_286' title='bbox 900 2066 1087 2120; x_wconf 86' lang='lat' dir='ltr'>quamvis</span> <span class='ocrx_word' id='word_1_287' title='bbox 1117 2063 1323 2105; x_wconf 87' lang='lat' dir='ltr'>eruditum</span> <span class='ocrx_word' id='word_1_288' title='bbox 1353 2065 1562 2106; x_wconf 85' lang='lat' dir='ltr'>hominem</span> <span class='ocrx_word' id='word_1_289' title='bbox 1585 2064 1831 2113; x_wconf 84' lang='lat' dir='ltr'>adduxeris,</span> <span class='ocrx_word' id='word_1_290' title='bbox 1865 2078 2007 2120; x_wconf 92' lang='lat' dir='ltr'>quam-</span> 
     </span>
     <span class='ocr_line' id='line_1_30' title="bbox 248 2126 2004 2183; baseline -0.004 -9"><span class='ocrx_word' id='word_1_291' title='bbox 248 2132 311 2174; x_wconf 87' lang='lat' dir='ltr'>vis</span> <span class='ocrx_word' id='word_1_292' title='bbox 331 2145 467 2173; x_wconf 85' lang='lat' dir='ltr'>acrem</span> <span class='ocrx_word' id='word_1_293' title='bbox 487 2136 527 2172; x_wconf 92' lang='lat' dir='ltr'>et</span> <span class='ocrx_word' id='word_1_294' title='bbox 548 2136 712 2172; x_wconf 89' lang='lat' dir='ltr'>acutum</span> <span class='ocrx_word' id='word_1_295' title='bbox 732 2129 774 2170; x_wconf 91' lang='lat' dir='ltr'>in</span> <span class='ocrx_word' id='word_1_296' title='bbox 797 2129 1017 2183; x_wconf 87' lang='lat' dir='ltr'>cogitando</span> <span class='ocrx_word' id='word_1_297' title='bbox 1032 2159 1044 2176; x_wconf 89' lang='lat'>,</span> <span class='ocrx_word' id='word_1_298' title='bbox 1078 2126 1264 2182; x_wconf 86' lang='lat' dir='ltr'>quamvis</span> <span class='ocrx_word' id='word_1_299' title='bbox 1295 2128 1345 2167; x_wconf 87' lang='lat' dir='ltr'>ad</span> <span class='ocrx_word' id='word_1_300' title='bbox 1374 2126 1725 2180; x_wconf 90' lang='lat' dir='ltr'>pronuntiandum</span> <span class='ocrx_word' id='word_1_301' title='bbox 1752 2129 2004 2182; x_wconf 86' lang='lat' dir='ltr'>expeditum,</span> 
     </span>
     <span class='ocr_line' id='line_1_31' title="bbox 200 2189 2008 2243; baseline -0.006 -4"><span class='ocrx_word' id='word_1_302' title='bbox 200 2208 236 2234; x_wconf 80' lang='lat'>³0</span> <span class='ocrx_word' id='word_1_303' title='bbox 250 2198 284 2239; x_wconf 92' lang='lat' dir='ltr'>si</span> <span class='ocrx_word' id='word_1_304' title='bbox 317 2198 395 2238; x_wconf 88' lang='lat' dir='ltr'>erit</span> <span class='ocrx_word' id='word_1_305' title='bbox 423 2196 534 2237; x_wconf 90' lang='lat' dir='ltr'>idem</span> <span class='ocrx_word' id='word_1_306' title='bbox 564 2194 606 2235; x_wconf 92' lang='lat' dir='ltr'>in</span> <span class='ocrx_word' id='word_1_307' title='bbox 638 2191 936 2234; x_wconf 89' lang='lat' dir='ltr'>consuetudine</span> <span class='ocrx_word' id='word_1_308' title='bbox 968 2189 1163 2238; x_wconf 90' lang='lat' dir='ltr'>civitatis,</span> <span class='ocrx_word' id='word_1_309' title='bbox 1194 2189 1236 2230; x_wconf 92' lang='lat' dir='ltr'>in</span> <span class='ocrx_word' id='word_1_310' title='bbox 1269 2189 1491 2243; x_wconf 90' lang='lat' dir='ltr'>exemplis,</span> <span class='ocrx_word' id='word_1_311' title='bbox 1524 2190 1565 2230; x_wconf 92' lang='lat' dir='ltr'>in</span> <span class='ocrx_word' id='word_1_312' title='bbox 1598 2190 1813 2236; x_wconf 90' lang='lat' dir='ltr'>institutis,</span> <span class='ocrx_word' id='word_1_313' title='bbox 1844 2190 1888 2230; x_wconf 89' lang='lat' dir='ltr'>in</span> <span class='ocrx_word' id='word_1_314' title='bbox 1919 2202 2008 2230; x_wconf 91' lang='lat' dir='ltr'>mo-</span> 
     </span>
     <span class='ocr_line' id='line_1_32' title="bbox 250 2250 2009 2306; baseline -0.006 -3"><span class='ocrx_word' id='word_1_315' title='bbox 250 2262 366 2304; x_wconf 90' lang='lat' dir='ltr'>ribus</span> <span class='ocrx_word' id='word_1_316' title='bbox 396 2273 442 2300; x_wconf 86' lang='lat' dir='ltr'>ae</span> <span class='ocrx_word' id='word_1_317' title='bbox 473 2257 753 2300; x_wconf 87' lang='lat' dir='ltr'>voluntatibus</span> <span class='ocrx_word' id='word_1_318' title='bbox 784 2254 936 2296; x_wconf 87' lang='lat' dir='ltr'>civium</span> <span class='ocrx_word' id='word_1_319' title='bbox 972 2267 1140 2295; x_wconf 89' lang='lat' dir='ltr'>suorum</span> <span class='ocrx_word' id='word_1_320' title='bbox 1175 2254 1354 2306; x_wconf 85' lang='lat' dir='ltr'>hospes,</span> <span class='ocrx_word' id='word_1_321' title='bbox 1402 2266 1487 2293; x_wconf 93' lang='lat' dir='ltr'>non</span> <span class='ocrx_word' id='word_1_322' title='bbox 1524 2254 1699 2294; x_wconf 87' lang='lat' dir='ltr'>multum</span> <span class='ocrx_word' id='word_1_323' title='bbox 1732 2253 1771 2293; x_wconf 91' lang='lat' dir='ltr'>ei</span> <span class='ocrx_word' id='word_1_324' title='bbox 1800 2250 1883 2293; x_wconf 91' lang='lat' dir='ltr'>loci</span> <span class='ocrx_word' id='word_1_325' title='bbox 1911 2265 2009 2306; x_wconf 88' lang='lat' dir='ltr'>pro-</span> 
     </span>
     <span class='ocr_line' id='line_1_33' title="bbox 252 2314 2007 2375; baseline -0.005 -10"><span class='ocrx_word' id='word_1_326' title='bbox 252 2326 401 2366; x_wconf 80' lang='lat' dir='ltr'>derunt</span> <span class='ocrx_word' id='word_1_327' title='bbox 429 2321 510 2370; x_wconf 87' lang='lat' dir='ltr'>illi,</span> <span class='ocrx_word' id='word_1_328' title='bbox 545 2334 599 2362; x_wconf 88' lang='lat' dir='ltr'>ex</span> <span class='ocrx_word' id='word_1_329' title='bbox 629 2320 779 2375; x_wconf 89' lang='lat' dir='ltr'>quibus</span> <span class='ocrx_word' id='word_1_330' title='bbox 808 2322 1051 2371; x_wconf 86' lang='lat' dir='ltr'>argumenta</span> <span class='ocrx_word' id='word_1_331' title='bbox 1070 2321 1332 2372; x_wconf 87' lang='lat' dir='ltr'>promuntur.</span> <span class='ocrx_word' id='word_1_332' title='bbox 1392 2317 1572 2358; x_wconf 88' lang='lat' dir='ltr'>Subacto</span> <span class='ocrx_word' id='word_1_333' title='bbox 1593 2315 1693 2356; x_wconf 90' lang='lat' dir='ltr'>mihi</span> <span class='ocrx_word' id='word_1_334' title='bbox 1712 2314 1879 2369; x_wconf 90' lang='lat' dir='ltr'>ingenio</span> <span class='ocrx_word' id='word_1_335' title='bbox 1902 2328 2007 2368; x_wconf 91' lang='lat' dir='ltr'>opus</span> 
     </span>
     <span class='ocr_line' id='line_1_34' title="bbox 252 2378 2007 2439; baseline -0.005 -12"><span class='ocrx_word' id='word_1_336' title='bbox 252 2391 338 2434; x_wconf 88' lang='lat' dir='ltr'>est,</span> <span class='ocrx_word' id='word_1_337' title='bbox 370 2390 415 2426; x_wconf 90' lang='lat' dir='ltr'>ut</span> <span class='ocrx_word' id='word_1_338' title='bbox 446 2397 546 2439; x_wconf 85' lang='lat' dir='ltr'>agro</span> <span class='ocrx_word' id='word_1_339' title='bbox 578 2396 662 2424; x_wconf 93' lang='lat' dir='ltr'>non</span> <span class='ocrx_word' id='word_1_340' title='bbox 692 2380 819 2423; x_wconf 90' lang='lat' dir='ltr'>semel</span> <span class='ocrx_word' id='word_1_341' title='bbox 849 2386 964 2422; x_wconf 89' lang='lat' dir='ltr'>arato</span> <span class='ocrx_word' id='word_1_342' title='bbox 995 2380 1067 2421; x_wconf 88' lang='lat' dir='ltr'>sed</span> <span class='ocrx_word' id='word_1_343' title='bbox 1096 2384 1246 2421; x_wconf 89' lang='lat' dir='ltr'>novato</span> <span class='ocrx_word' id='word_1_344' title='bbox 1281 2385 1321 2421; x_wconf 89' lang='lat' dir='ltr'>et</span> <span class='ocrx_word' id='word_1_345' title='bbox 1350 2378 1527 2428; x_wconf 88' lang='lat' dir='ltr'>iterato,</span> <span class='ocrx_word' id='word_1_346' title='bbox 1562 2391 1644 2435; x_wconf 91' lang='lat' dir='ltr'>quo</span> <span class='ocrx_word' id='word_1_347' title='bbox 1677 2378 1872 2420; x_wconf 89' lang='lat' dir='ltr'>meliores</span> <span class='ocrx_word' id='word_1_348' title='bbox 1900 2378 2007 2419; x_wconf 90' lang='lat' dir='ltr'>fetus</span> 
     </span>
     <span class='ocr_line' id='line_1_35' title="bbox 251 2441 2005 2504; baseline -0.005 -14"><span class='ocrx_word' id='word_1_349' title='bbox 251 2449 384 2504; x_wconf 88' lang='lat' dir='ltr'>possit</span> <span class='ocrx_word' id='word_1_350' title='bbox 414 2453 456 2489; x_wconf 90' lang='lat' dir='ltr'>et</span> <span class='ocrx_word' id='word_1_351' title='bbox 485 2447 727 2502; x_wconf 90' lang='lat' dir='ltr'>grandiores</span> <span class='ocrx_word' id='word_1_352' title='bbox 758 2447 898 2487; x_wconf 89' lang='lat' dir='ltr'>edere.</span> <span class='ocrx_word' id='word_1_353' title='bbox 961 2443 1156 2485; x_wconf 87' lang='lat' dir='ltr'>Subactio</span> <span class='ocrx_word' id='word_1_354' title='bbox 1187 2447 1325 2484; x_wconf 90' lang='lat' dir='ltr'>autem</span> <span class='ocrx_word' id='word_1_355' title='bbox 1364 2447 1426 2484; x_wconf 89' lang='lat' dir='ltr'>est</span> <span class='ocrx_word' id='word_1_356' title='bbox 1461 2456 1585 2491; x_wconf 93' lang='lat' dir='ltr'>usus,</span> <span class='ocrx_word' id='word_1_357' title='bbox 1633 2442 1813 2491; x_wconf 88' lang='lat' dir='ltr'>auditio,</span> <span class='ocrx_word' id='word_1_358' title='bbox 1858 2441 2005 2490; x_wconf 86' lang='lat' dir='ltr'>lectio,</span> 
     </span>
     <span class='ocr_line' id='line_1_36' title="bbox 205 2514 430 2558; baseline -0.022 0"><span class='ocrx_word' id='word_1_359' title='bbox 205 2530 240 2558; x_wconf 80' lang='lat'>35</span> <span class='ocrx_word' id='word_1_360' title='bbox 253 2514 430 2556; x_wconf 86' lang='lat' dir='ltr'>litterae.</span> 
     </span>
    </p>

    <p class='ocr_par' dir='ltr' id='par_1_3' title="bbox 253 2567 2010 2819">
     <span class='ocr_line' id='line_1_37' title="bbox 372 2567 2007 2630; baseline -0.007 -12"><span class='ocrx_word' id='word_1_361' title='bbox 372 2577 464 2619; x_wconf 76' lang='lat'>132.</span> <span class='ocrx_word' id='word_1_362' title='bbox 516 2575 576 2616; x_wconf 86' lang='lat' dir='ltr'>Ac</span> <span class='ocrx_word' id='word_1_363' title='bbox 618 2575 797 2630; x_wconf 90' lang='lat' dir='ltr'>primum</span> <span class='ocrx_word' id='word_1_364' title='bbox 841 2576 1030 2614; x_wconf 88' lang='lat' dir='ltr'>naturam</span> <span class='ocrx_word' id='word_1_365' title='bbox 1075 2583 1224 2613; x_wconf 88' lang='lat' dir='ltr'>causae</span> <span class='ocrx_word' id='word_1_366' title='bbox 1267 2570 1431 2618; x_wconf 88' lang='lat' dir='ltr'>videat,</span> <span class='ocrx_word' id='word_1_367' title='bbox 1485 2580 1590 2623; x_wconf 87' lang='lat' dir='ltr'>quae</span> <span class='ocrx_word' id='word_1_368' title='bbox 1632 2579 1841 2623; x_wconf 90' lang='lat' dir='ltr'>nunquam</span> <span class='ocrx_word' id='word_1_369' title='bbox 1889 2567 2007 2616; x_wconf 89' lang='lat' dir='ltr'>latet,</span> 
     </span>
     <span class='ocr_line' id='line_1_38' title="bbox 253 2630 2007 2693; baseline -0.007 -12"><span class='ocrx_word' id='word_1_370' title='bbox 253 2641 460 2682; x_wconf 86' lang='lat' dir='ltr'>factumne</span> <span class='ocrx_word' id='word_1_371' title='bbox 490 2637 567 2687; x_wconf 91' lang='lat' dir='ltr'>sit,</span> <span class='ocrx_word' id='word_1_372' title='bbox 601 2641 847 2693; x_wconf 88' lang='lat' dir='ltr'>quaeratur,</span> <span class='ocrx_word' id='word_1_373' title='bbox 881 2649 956 2683; x_wconf 91' lang='lat' dir='ltr'>an,</span> <span class='ocrx_word' id='word_1_374' title='bbox 989 2636 1111 2690; x_wconf 84' lang='lat' dir='ltr'>quale</span> <span class='ocrx_word' id='word_1_375' title='bbox 1144 2634 1219 2682; x_wconf 83' lang='lat' dir='ltr'>sit,</span> <span class='ocrx_word' id='word_1_376' title='bbox 1252 2647 1325 2682; x_wconf 92' lang='lat' dir='ltr'>an,</span> <span class='ocrx_word' id='word_1_377' title='bbox 1373 2630 1485 2687; x_wconf 91' lang='lat' dir='ltr'>quod</span> <span class='ocrx_word' id='word_1_378' title='bbox 1515 2644 1666 2672; x_wconf 92' lang='lat' dir='ltr'>nomen</span> <span class='ocrx_word' id='word_1_379' title='bbox 1696 2631 1872 2680; x_wconf 82' lang='lat' dir='ltr'>habeat3</span> <span class='ocrx_word' id='word_1_380' title='bbox 1924 2643 2007 2684; x_wconf 90' lang='lat' dir='ltr'>quo</span> 
     </span>
     <span class='ocr_line' id='line_1_39' title="bbox 254 2691 2010 2759; baseline -0.007 -15"><span class='ocrx_word' id='word_1_381' title='bbox 254 2707 502 2759; x_wconf 89' lang='lat' dir='ltr'>perspecto,</span> <span class='ocrx_word' id='word_1_382' title='bbox 554 2701 689 2742; x_wconf 87' lang='lat' dir='ltr'>statim</span> <span class='ocrx_word' id='word_1_383' title='bbox 731 2700 917 2741; x_wconf 82' lang='lat' dir='ltr'>occurrit</span> <span class='ocrx_word' id='word_1_384' title='bbox 941 2699 1120 2739; x_wconf 89' lang='lat' dir='ltr'>naturali</span> <span class='ocrx_word' id='word_1_385' title='bbox 1150 2695 1327 2753; x_wconf 89' lang='lat' dir='ltr'>quadam</span> <span class='ocrx_word' id='word_1_386' title='bbox 1357 2694 1597 2749; x_wconf 88' lang='lat' dir='ltr'>prudentia,</span> <span class='ocrx_word' id='word_1_387' title='bbox 1648 2707 1732 2734; x_wconf 92' lang='lat' dir='ltr'>non</span> <span class='ocrx_word' id='word_1_388' title='bbox 1763 2691 1825 2734; x_wconf 90' lang='lat' dir='ltr'>his</span> <span class='ocrx_word' id='word_1_389' title='bbox 1856 2693 2010 2734; x_wconf 90' lang='lat' dir='ltr'>subdu-</span> 
     </span>
     <span class='ocr_line' id='line_1_40' title="bbox 257 2755 2007 2819; baseline -0.006 -12"><span class='ocrx_word' id='word_1_390' title='bbox 257 2764 482 2811; x_wconf 91' lang='lat' dir='ltr'>ctionibus‚</span> <span class='ocrx_word' id='word_1_391' title='bbox 532 2776 632 2819; x_wconf 91' lang='lat' dir='ltr'>quas</span> <span class='ocrx_word' id='word_1_392' title='bbox 671 2763 738 2804; x_wconf 92' lang='lat' dir='ltr'>isti</span> <span class='ocrx_word' id='word_1_393' title='bbox 779 2761 950 2809; x_wconf 90' lang='lat' dir='ltr'>docent,</span> <span class='ocrx_word' id='word_1_394' title='bbox 999 2762 1097 2816; x_wconf 90' lang='lat' dir='ltr'>quid</span> <span class='ocrx_word' id='word_1_395' title='bbox 1126 2761 1250 2802; x_wconf 88' lang='lat' dir='ltr'>faciat</span> <span class='ocrx_word' id='word_1_396' title='bbox 1279 2772 1468 2806; x_wconf 88' lang='lat' dir='ltr'>causam,</span> <span class='ocrx_word' id='word_1_397' title='bbox 1516 2755 1559 2798; x_wconf 90' lang='lat' dir='ltr'>id</span> <span class='ocrx_word' id='word_1_398' title='bbox 1588 2760 1671 2804; x_wconf 90' lang='lat' dir='ltr'>est,</span> <span class='ocrx_word' id='word_1_399' title='bbox 1724 2769 1806 2811; x_wconf 90' lang='lat' dir='ltr'>quo</span> <span class='ocrx_word' id='word_1_400' title='bbox 1840 2756 2007 2797; x_wconf 92' lang='lat' dir='ltr'>sublato</span> 
     </span>
    </p>
   </div>
   <div class='ocr_carea' id='block_1_3' title="bbox 262 2844 2004 2862">
    <p class='ocr_par' dir='ltr' id='par_1_4' title="bbox 262 2844 2004 2862">
     <span class='ocr_line' id='line_1_41' title="bbox 262 2844 2004 2862; baseline -0.006 -2"><span class='ocrx_word' id='word_1_401' title='bbox 262 2844 2004 2862; x_wconf 71' lang='lat'><em>..-—--—-—-—-——-—-————-—-———-—-</em></span> 
     </span>
    </p>
   </div>
   <div class='ocr_carea' id='block_1_4' title="bbox 258 2893 2010 3413">
    <p class='ocr_par' dir='ltr' id='par_1_5' title="bbox 258 2893 2010 3413">
     <span class='ocr_line' id='line_1_42' title="bbox 350 2893 2010 2942; baseline -0.007 -6"><span class='ocrx_word' id='word_1_402' title='bbox 350 2905 383 2937; x_wconf 92' lang='lat'>1.</span> <span class='ocrx_word' id='word_1_403' title='bbox 408 2906 489 2935; x_wconf 84' lang='lat' dir='ltr'>sunt</span> <span class='ocrx_word' id='word_1_404' title='bbox 515 2902 625 2935; x_wconf 89' lang='lat' dir='ltr'>Codd.</span> <span class='ocrx_word' id='word_1_405' title='bbox 652 2902 696 2934; x_wconf 81' lang='lat' dir='ltr'>al.</span> <span class='ocrx_word' id='word_1_406' title='bbox 716 2925 724 2940; x_wconf 91' lang='lat'><strong>‚</strong></span> <span class='ocrx_word' id='word_1_407' title='bbox 752 2902 792 2933; x_wconf 93' lang='grc' dir='ltr'><strong>Β.</strong></span> <span class='ocrx_word' id='word_1_408' title='bbox 822 2899 878 2942; x_wconf 84' lang='lat' dir='ltr'>(Ut</span> <span class='ocrx_word' id='word_1_409' title='bbox 901 2909 963 2932; x_wconf 91' lang='lat' dir='ltr'>nos</span> <span class='ocrx_word' id='word_1_410' title='bbox 983 2924 990 2937; x_wconf 88' lang='lat'>,</span> <span class='ocrx_word' id='word_1_411' title='bbox 1016 2898 1107 2936; x_wconf 76' lang='lat' dir='ltr'>AB.)</span> <span class='ocrx_word' id='word_1_412' title='bbox 1136 2916 1172 2922; x_wconf 93' lang='lat'><strong>—</strong></span> <span class='ocrx_word' id='word_1_413' title='bbox 1205 2897 1300 2938; x_wconf 72' lang='lat' dir='ltr'>Quae</span> <span class='ocrx_word' id='word_1_414' title='bbox 1327 2906 1396 2930; x_wconf 91' lang='lat' dir='ltr'>om.</span> <span class='ocrx_word' id='word_1_415' title='bbox 1422 2894 1494 2928; x_wconf 85' lang='lat' dir='ltr'>AB.</span> <span class='ocrx_word' id='word_1_416' title='bbox 1529 2910 1563 2916; x_wconf 87' lang='grc'><strong>-</strong></span> <span class='ocrx_word' id='word_1_417' title='bbox 1593 2895 1626 2926; x_wconf 81' lang='lat'>2.</span> <span class='ocrx_word' id='word_1_418' title='bbox 1655 2904 1678 2926; x_wconf 86' lang='lat' dir='ltr'><em>a</em></span> <span class='ocrx_word' id='word_1_419' title='bbox 1703 2897 1735 2926; x_wconf 86' lang='lat' dir='ltr'>te</span> <span class='ocrx_word' id='word_1_420' title='bbox 1758 2893 1802 2926; x_wconf 82' lang='grc' dir='ltr'><strong>Α.</strong></span> <span class='ocrx_word' id='word_1_421' title='bbox 1832 2911 1870 2918; x_wconf 89' lang='grc'>-</span> <span class='ocrx_word' id='word_1_422' title='bbox 1894 2894 2010 2934; x_wconf 81' lang='lat' dir='ltr'>plera-</span> 
     </span>
     <span class='ocr_line' id='line_1_43' title="bbox 259 2941 2009 2992; baseline -0.007 -9"><span class='ocrx_word' id='word_1_423' title='bbox 259 2960 323 2991; x_wconf 85' lang='lat' dir='ltr'>que</span> <span class='ocrx_word' id='word_1_424' title='bbox 346 2952 389 2983; x_wconf 83' lang='lat' dir='ltr'>R.</span> <span class='ocrx_word' id='word_1_425' title='bbox 415 2968 458 2973; x_wconf 81' lang='lat'>-</span> <span class='ocrx_word' id='word_1_426' title='bbox 484 2951 518 2983; x_wconf 87' lang='lat'>5.</span> <span class='ocrx_word' id='word_1_427' title='bbox 546 2950 659 2992; x_wconf 77' lang='lat' dir='ltr'>inquit</span> <span class='ocrx_word' id='word_1_428' title='bbox 683 2949 713 2980; x_wconf 83' lang='lat' dir='ltr'><strong>A</strong></span> <span class='ocrx_word' id='word_1_429' title='bbox 739 2949 892 2988; x_wconf 87' lang='lat' dir='ltr'>aliique:</span> <span class='ocrx_word' id='word_1_430' title='bbox 920 2948 1033 2987; x_wconf 77' lang='lat' dir='ltr'>inquit</span> <span class='ocrx_word' id='word_1_431' title='bbox 1060 2948 1232 2978; x_wconf 81' lang='lat' dir='ltr'>Antonius</span> <span class='ocrx_word' id='word_1_432' title='bbox 1255 2944 1316 2985; x_wconf 82' lang='lat' dir='ltr'>(B)</span> <span class='ocrx_word' id='word_1_433' title='bbox 1342 2944 1414 2976; x_wconf 88' lang='grc' dir='ltr'><strong>ΒΕ.</strong></span> <span class='ocrx_word' id='word_1_434' title='bbox 1445 2960 1480 2966; x_wconf 94' lang='grc'>-</span> <span class='ocrx_word' id='word_1_435' title='bbox 1520 2944 1551 2974; x_wconf 80' lang='lat' dir='ltr'>et</span> <span class='ocrx_word' id='word_1_436' title='bbox 1575 2943 1666 2982; x_wconf 81' lang='lat' dir='ltr'>quod</span> <span class='ocrx_word' id='word_1_437' title='bbox 1691 2942 1731 2974; x_wconf 91' lang='lat' dir='ltr'>B.</span> <span class='ocrx_word' id='word_1_438' title='bbox 1762 2958 1799 2965; x_wconf 95' lang='lat'>—</span> <span class='ocrx_word' id='word_1_439' title='bbox 1837 2941 1871 2973; x_wconf 86' lang='lat'>7.</span> <span class='ocrx_word' id='word_1_440' title='bbox 1898 2941 2009 2980; x_wconf 80' lang='lat' dir='ltr'>ipsius</span> 
     </span>
     <span class='ocr_line' id='line_1_44' title="bbox 258 2988 2009 3035; baseline -0.006 -6"><span class='ocrx_word' id='word_1_441' title='bbox 258 3000 358 3029; x_wconf 78' lang='lat' dir='ltr'>istius</span> <span class='ocrx_word' id='word_1_442' title='bbox 385 2998 423 3030; x_wconf 88' lang='lat' dir='ltr'>B.</span> <span class='ocrx_word' id='word_1_443' title='bbox 454 3014 493 3020; x_wconf 93' lang='lat'>—</span> <span class='ocrx_word' id='word_1_444' title='bbox 535 2997 598 3029; x_wconf 88' lang='lat' dir='ltr'>Vv.</span> <span class='ocrx_word' id='word_1_445' title='bbox 625 2997 663 3028; x_wconf 80' lang='lat' dir='ltr'>in</span> <span class='ocrx_word' id='word_1_446' title='bbox 688 2996 830 3027; x_wconf 79' lang='lat' dir='ltr'>dicendo</span> <span class='ocrx_word' id='word_1_447' title='bbox 857 3003 996 3035; x_wconf 81' lang='lat' dir='ltr'>prorsus</span> <span class='ocrx_word' id='word_1_448' title='bbox 1024 2995 1150 3026; x_wconf 86' lang='lat' dir='ltr'>omittit</span> <span class='ocrx_word' id='word_1_449' title='bbox 1175 2993 1228 3030; x_wconf 85' lang='lat' dir='ltr'>A,</span> <span class='ocrx_word' id='word_1_450' title='bbox 1267 2994 1294 3024; x_wconf 89' lang='lat' dir='ltr'>si</span> <span class='ocrx_word' id='word_1_451' title='bbox 1329 2991 1425 3023; x_wconf 80' lang='lat' dir='ltr'>fides.</span> <span class='ocrx_word' id='word_1_452' title='bbox 1449 2989 1625 3028; x_wconf 82' lang='lat' dir='ltr'>collatori,</span> <span class='ocrx_word' id='word_1_453' title='bbox 1665 2992 1744 3021; x_wconf 83' lang='lat' dir='ltr'>ante</span> <span class='ocrx_word' id='word_1_454' title='bbox 1777 2997 1808 3020; x_wconf 91' lang='lat' dir='ltr'>v.</span> <span class='ocrx_word' id='word_1_455' title='bbox 1837 2988 2009 3019; x_wconf 81' lang='lat' dir='ltr'>orationis</span> 
     </span>
     <span class='ocr_line' id='line_1_45' title="bbox 261 3031 2010 3083; baseline -0.006 -8"><span class='ocrx_word' id='word_1_456' title='bbox 261 3049 394 3083; x_wconf 87' lang='lat' dir='ltr'>ponunt</span> <span class='ocrx_word' id='word_1_457' title='bbox 418 3045 489 3076; x_wconf 85' lang='lat' dir='ltr'>BR.</span> <span class='ocrx_word' id='word_1_458' title='bbox 516 3044 587 3076; x_wconf 88' lang='lat' dir='ltr'>Nos</span> <span class='ocrx_word' id='word_1_459' title='bbox 612 3043 831 3076; x_wconf 85' lang='lat' dir='ltr'>seclusimus.</span> <span class='ocrx_word' id='word_1_460' title='bbox 853 3058 892 3064; x_wconf 91' lang='lat'>--</span> <span class='ocrx_word' id='word_1_461' title='bbox 921 3041 975 3073; x_wconf 90' lang='lat'>13.</span> <span class='ocrx_word' id='word_1_462' title='bbox 1004 3041 1047 3072; x_wconf 87' lang='lat' dir='ltr'>ab</span> <span class='ocrx_word' id='word_1_463' title='bbox 1074 3041 1183 3071; x_wconf 78' lang='lat' dir='ltr'>animi</span> <span class='ocrx_word' id='word_1_464' title='bbox 1208 3039 1250 3070; x_wconf 85' lang='grc' dir='ltr'><strong>Α.</strong></span> <span class='ocrx_word' id='word_1_465' title='bbox 1280 3055 1316 3061; x_wconf 91' lang='grc'>-</span> <span class='ocrx_word' id='word_1_466' title='bbox 1344 3039 1381 3069; x_wconf 80' lang='lat' dir='ltr'>in</span> <span class='ocrx_word' id='word_1_467' title='bbox 1407 3045 1474 3067; x_wconf 89' lang='lat' dir='ltr'>om.</span> <span class='ocrx_word' id='word_1_468' title='bbox 1496 3037 1535 3068; x_wconf 92' lang='lat' dir='ltr'>B.</span> <span class='ocrx_word' id='word_1_469' title='bbox 1559 3052 1593 3058; x_wconf 89' lang='lat'>—</span> <span class='ocrx_word' id='word_1_470' title='bbox 1625 3031 1691 3068; x_wconf 85' lang='lat'>16.&#39;</span> <span class='ocrx_word' id='word_1_471' title='bbox 1708 3039 1740 3067; x_wconf 76' lang='lat' dir='ltr'>et</span> <span class='ocrx_word' id='word_1_472' title='bbox 1764 3035 1881 3066; x_wconf 80' lang='lat' dir='ltr'>animo</span> <span class='ocrx_word' id='word_1_473' title='bbox 1908 3034 2010 3075; x_wconf 76' lang='lat' dir='ltr'>quasi</span> 
     </span>
     <span class='ocr_line' id='line_1_46' title="bbox 259 3082 2006 3124; baseline -0.006 -2"><span class='ocrx_word' id='word_1_474' title='bbox 259 3094 382 3122; x_wconf 75' lang='lat' dir='ltr'>notata</span> <span class='ocrx_word' id='word_1_475' title='bbox 408 3101 475 3123; x_wconf 89' lang='lat' dir='ltr'>om.</span> <span class='ocrx_word' id='word_1_476' title='bbox 503 3092 575 3124; x_wconf 84' lang='lat' dir='ltr'>AB.</span> <span class='ocrx_word' id='word_1_477' title='bbox 605 3107 644 3113; x_wconf 91' lang='lat'>-</span> <span class='ocrx_word' id='word_1_478' title='bbox 684 3093 811 3122; x_wconf 77' lang='lat' dir='ltr'>notata</span> <span class='ocrx_word' id='word_1_479' title='bbox 835 3089 957 3120; x_wconf 78' lang='lat' dir='ltr'>habere</span> <span class='ocrx_word' id='word_1_480' title='bbox 983 3088 1094 3119; x_wconf 86' lang='lat' dir='ltr'>Codd.</span> <span class='ocrx_word' id='word_1_481' title='bbox 1122 3087 1193 3119; x_wconf 86' lang='lat' dir='ltr'>al.:</span> <span class='ocrx_word' id='word_1_482' title='bbox 1220 3084 1342 3117; x_wconf 82' lang='lat' dir='ltr'>habere</span> <span class='ocrx_word' id='word_1_483' title='bbox 1368 3087 1491 3115; x_wconf 79' lang='lat' dir='ltr'>notata</span> <span class='ocrx_word' id='word_1_484' title='bbox 1517 3083 1589 3115; x_wconf 85' lang='lat' dir='ltr'>RE.</span> <span class='ocrx_word' id='word_1_485' title='bbox 1617 3100 1661 3104; x_wconf 85' lang='lat'><strong>—</strong></span> <span class='ocrx_word' id='word_1_486' title='bbox 1700 3082 1757 3115; x_wconf 87' lang='lat'>17.</span> <span class='ocrx_word' id='word_1_487' title='bbox 1783 3085 1941 3112; x_wconf 80' lang='lat' dir='ltr'>monente</span> <span class='ocrx_word' id='word_1_488' title='bbox 1966 3082 2006 3112; x_wconf 85' lang='lat' dir='ltr'>B.</span> 
     </span>
     <span class='ocr_line' id='line_1_47' title="bbox 262 3128 2005 3177; baseline -0.005 -10"><span class='ocrx_word' id='word_1_489' title='bbox 262 3154 302 3160; x_wconf 93' lang='lat'>—</span> <span class='ocrx_word' id='word_1_490' title='bbox 331 3136 449 3169; x_wconf 77' lang='lat' dir='ltr'>Crasse</span> <span class='ocrx_word' id='word_1_491' title='bbox 473 3138 571 3170; x_wconf 85' lang='lat' dir='ltr'>Leid.</span> <span class='ocrx_word' id='word_1_492' title='bbox 599 3138 750 3177; x_wconf 85' lang='lat' dir='ltr'>aliique:</span> <span class='ocrx_word' id='word_1_493' title='bbox 778 3137 817 3169; x_wconf 91' lang='lat' dir='ltr'>L.</span> <span class='ocrx_word' id='word_1_494' title='bbox 846 3137 967 3169; x_wconf 79' lang='lat' dir='ltr'>Crasse</span> <span class='ocrx_word' id='word_1_495' title='bbox 993 3135 1108 3174; x_wconf 83' lang='lat' dir='ltr'>BRE,</span> <span class='ocrx_word' id='word_1_496' title='bbox 1136 3134 1175 3165; x_wconf 90' lang='lat' dir='ltr'>L.</span> <span class='ocrx_word' id='word_1_497' title='bbox 1204 3131 1328 3163; x_wconf 84' lang='lat' dir='ltr'>Crasso</span> <span class='ocrx_word' id='word_1_498' title='bbox 1354 3130 1395 3162; x_wconf 70' lang='lat' dir='ltr'>A.</span> <span class='ocrx_word' id='word_1_499' title='bbox 1425 3147 1464 3153; x_wconf 87' lang='lat'>—</span> <span class='ocrx_word' id='word_1_500' title='bbox 1503 3130 1559 3161; x_wconf 87' lang='lat'>19.</span> <span class='ocrx_word' id='word_1_501' title='bbox 1587 3130 1707 3170; x_wconf 80' lang='lat' dir='ltr'>capita</span> <span class='ocrx_word' id='word_1_502' title='bbox 1733 3138 1773 3161; x_wconf 85' lang='lat' dir='ltr'>ea</span> <span class='ocrx_word' id='word_1_503' title='bbox 1797 3128 1826 3160; x_wconf 84' lang='lat' dir='ltr'><strong>A</strong></span> <span class='ocrx_word' id='word_1_504' title='bbox 1851 3128 2005 3168; x_wconf 81' lang='lat' dir='ltr'>aliique:</span> 
     </span>
     <span class='ocr_line' id='line_1_48' title="bbox 262 3174 2008 3223; baseline -0.007 -7"><span class='ocrx_word' id='word_1_505' title='bbox 262 3192 302 3216; x_wconf 86' lang='lat' dir='ltr'>ea</span> <span class='ocrx_word' id='word_1_506' title='bbox 327 3185 443 3223; x_wconf 76' lang='lat' dir='ltr'>capita</span> <span class='ocrx_word' id='word_1_507' title='bbox 468 3184 549 3221; x_wconf 70' lang='lat' dir='ltr'>(B‘t)</span> <span class='ocrx_word' id='word_1_508' title='bbox 576 3185 651 3216; x_wconf 90' lang='grc' dir='ltr'><strong>ΒΕ.</strong></span> <span class='ocrx_word' id='word_1_509' title='bbox 680 3200 721 3207; x_wconf 93' lang='grc'>-</span> <span class='ocrx_word' id='word_1_510' title='bbox 759 3183 816 3216; x_wconf 78' lang='lat'>25.</span> <span class='ocrx_word' id='word_1_511' title='bbox 845 3183 1086 3223; x_wconf 69' lang='lat' dir='ltr'>explicandum</span> <span class='ocrx_word' id='word_1_512' title='bbox 1109 3180 1182 3212; x_wconf 82' lang='lat' dir='ltr'>AB.</span> <span class='ocrx_word' id='word_1_513' title='bbox 1214 3196 1251 3202; x_wconf 89' lang='lat'>—</span> <span class='ocrx_word' id='word_1_514' title='bbox 1290 3180 1319 3210; x_wconf 81' lang='lat' dir='ltr'>ei</span> <span class='ocrx_word' id='word_1_515' title='bbox 1343 3175 1489 3218; x_wconf 77' lang='lat' dir='ltr'>demum]</span> <span class='ocrx_word' id='word_1_516' title='bbox 1519 3177 1624 3209; x_wconf 81' lang='lat' dir='ltr'>eidem</span> <span class='ocrx_word' id='word_1_517' title='bbox 1650 3177 1703 3208; x_wconf 84' lang='lat' dir='ltr'>vel</span> <span class='ocrx_word' id='word_1_518' title='bbox 1728 3176 1769 3208; x_wconf 87' lang='lat' dir='ltr'>B.</span> <span class='ocrx_word' id='word_1_519' title='bbox 1807 3191 1844 3197; x_wconf 96' lang='lat'>—</span> <span class='ocrx_word' id='word_1_520' title='bbox 1886 3174 1943 3205; x_wconf 84' lang='lat'>26.</span> <span class='ocrx_word' id='word_1_521' title='bbox 1971 3175 2008 3205; x_wconf 81' lang='lat' dir='ltr'>in</span> 
     </span>
     <span class='ocr_line' id='line_1_49' title="bbox 260 3221 2006 3273; baseline -0.006 -11"><span class='ocrx_word' id='word_1_522' title='bbox 260 3239 378 3262; x_wconf 77' lang='lat' dir='ltr'>rerum</span> <span class='ocrx_word' id='word_1_523' title='bbox 401 3230 453 3261; x_wconf 83' lang='lat' dir='ltr'>vel</span> <span class='ocrx_word' id='word_1_524' title='bbox 476 3240 540 3261; x_wconf 77' lang='lat' dir='ltr'>usu</span> <span class='ocrx_word' id='word_1_525' title='bbox 565 3232 635 3263; x_wconf 76' lang='lat' dir='ltr'>AB.</span> <span class='ocrx_word' id='word_1_526' title='bbox 666 3247 705 3254; x_wconf 91' lang='lat'>-</span> <span class='ocrx_word' id='word_1_527' title='bbox 731 3230 790 3262; x_wconf 82' lang='lat'>27.</span> <span class='ocrx_word' id='word_1_528' title='bbox 818 3231 939 3273; x_wconf 77' lang='lat' dir='ltr'>afferet</span> <span class='ocrx_word' id='word_1_529' title='bbox 964 3229 1006 3260; x_wconf 84' lang='grc' dir='ltr'><strong>Α.</strong></span> <span class='ocrx_word' id='word_1_530' title='bbox 1036 3244 1075 3252; x_wconf 56' lang='grc' dir='ltr'>ω-</span> <span class='ocrx_word' id='word_1_531' title='bbox 1102 3226 1344 3268; x_wconf 79' lang='lat' dir='ltr'>praecucurrit</span> <span class='ocrx_word' id='word_1_532' title='bbox 1362 3224 1403 3257; x_wconf 82' lang='grc' dir='ltr'><strong>Α.</strong></span> <span class='ocrx_word' id='word_1_533' title='bbox 1427 3241 1464 3247; x_wconf 93' lang='grc'>-</span> <span class='ocrx_word' id='word_1_534' title='bbox 1494 3223 1550 3256; x_wconf 89' lang='grc'><strong>30.</strong></span> <span class='ocrx_word' id='word_1_535' title='bbox 1576 3225 1614 3255; x_wconf 84' lang='lat' dir='ltr'>in</span> <span class='ocrx_word' id='word_1_536' title='bbox 1638 3228 1717 3256; x_wconf 87' lang='lat' dir='ltr'>ante</span> <span class='ocrx_word' id='word_1_537' title='bbox 1742 3221 1914 3254; x_wconf 70' lang='lat' dir='ltr'>institutis</span> <span class='ocrx_word' id='word_1_538' title='bbox 1937 3229 2006 3252; x_wconf 92' lang='lat' dir='ltr'>om.</span> 
     </span>
     <span class='ocr_line' id='line_1_50' title="bbox 261 3266 2009 3315; baseline -0.006 -5"><span class='ocrx_word' id='word_1_539' title='bbox 261 3278 305 3310; x_wconf 84' lang='lat' dir='ltr'>R.</span> <span class='ocrx_word' id='word_1_540' title='bbox 334 3293 374 3300; x_wconf 92' lang='lat'><em>-</em></span> <span class='ocrx_word' id='word_1_541' title='bbox 416 3276 472 3307; x_wconf 85' lang='lat'>33.</span> <span class='ocrx_word' id='word_1_542' title='bbox 499 3283 628 3310; x_wconf 82' lang='lat' dir='ltr'>novato</span> <span class='ocrx_word' id='word_1_543' title='bbox 655 3287 723 3310; x_wconf 90' lang='lat' dir='ltr'>om.</span> <span class='ocrx_word' id='word_1_544' title='bbox 751 3278 804 3315; x_wconf 86' lang='grc' dir='ltr'>Α,</span> <span class='ocrx_word' id='word_1_545' title='bbox 844 3277 902 3308; x_wconf 83' lang='lat' dir='ltr'>sed</span> <span class='ocrx_word' id='word_1_546' title='bbox 927 3280 1057 3308; x_wconf 81' lang='lat' dir='ltr'>novato</span> <span class='ocrx_word' id='word_1_547' title='bbox 1083 3283 1151 3307; x_wconf 89' lang='lat' dir='ltr'>om.</span> <span class='ocrx_word' id='word_1_548' title='bbox 1180 3274 1206 3304; x_wconf 88' lang='lat' dir='ltr'>B</span> <span class='ocrx_word' id='word_1_549' title='bbox 1233 3271 1297 3314; x_wconf 90' lang='lat' dir='ltr'>(sic</span> <span class='ocrx_word' id='word_1_550' title='bbox 1321 3274 1356 3303; x_wconf 94' lang='lat' dir='ltr'>in</span> <span class='ocrx_word' id='word_1_551' title='bbox 1383 3271 1624 3303; x_wconf 83' lang='lat' dir='ltr'>collationibus</span> <span class='ocrx_word' id='word_1_552' title='bbox 1657 3272 1742 3302; x_wconf 89' lang='lat' dir='ltr'>meis</span> <span class='ocrx_word' id='word_1_553' title='bbox 1758 3266 1781 3308; x_wconf 91' lang='lat'>:)</span> <span class='ocrx_word' id='word_1_554' title='bbox 1820 3272 1950 3300; x_wconf 85' lang='lat' dir='ltr'>novato</span> <span class='ocrx_word' id='word_1_555' title='bbox 1978 3270 2009 3298; x_wconf 84' lang='lat' dir='ltr'>et</span> 
     </span>
     <span class='ocr_line' id='line_1_51' title="bbox 262 3314 2010 3365; baseline -0.006 -9"><span class='ocrx_word' id='word_1_556' title='bbox 262 3324 407 3357; x_wconf 83' lang='lat' dir='ltr'>seclusit</span> <span class='ocrx_word' id='word_1_557' title='bbox 433 3322 581 3355; x_wconf 82' lang='lat' dir='ltr'>Ellendt.</span> <span class='ocrx_word' id='word_1_558' title='bbox 613 3341 648 3347; x_wconf 88' lang='lat'>—-</span> <span class='ocrx_word' id='word_1_559' title='bbox 678 3325 733 3356; x_wconf 90' lang='lat'>38.</span> <span class='ocrx_word' id='word_1_560' title='bbox 758 3323 908 3365; x_wconf 73' lang='lat' dir='ltr'>perfecto</span> <span class='ocrx_word' id='word_1_561' title='bbox 933 3324 976 3356; x_wconf 92' lang='lat' dir='ltr'>R.</span> <span class='ocrx_word' id='word_1_562' title='bbox 1005 3339 1047 3346; x_wconf 94' lang='lat'>—</span> <span class='ocrx_word' id='word_1_563' title='bbox 1085 3323 1130 3354; x_wconf 80' lang='lat' dir='ltr'>iis</span> <span class='ocrx_word' id='word_1_564' title='bbox 1154 3321 1194 3353; x_wconf 90' lang='lat' dir='ltr'>B.</span> <span class='ocrx_word' id='word_1_565' title='bbox 1220 3336 1261 3343; x_wconf 91' lang='lat'>-·</span> <span class='ocrx_word' id='word_1_566' title='bbox 1287 3318 1544 3352; x_wconf 69' lang='lat' dir='ltr'>&#39;subactionibus</span> <span class='ocrx_word' id='word_1_567' title='bbox 1569 3317 1641 3350; x_wconf 79' lang='lat' dir='ltr'>AB.</span> <span class='ocrx_word' id='word_1_568' title='bbox 1672 3332 1708 3339; x_wconf 96' lang='lat'>—</span> <span class='ocrx_word' id='word_1_569' title='bbox 1750 3314 1806 3347; x_wconf 85' lang='lat'>39.</span> <span class='ocrx_word' id='word_1_570' title='bbox 1835 3314 1898 3348; x_wconf 89' lang='lat' dir='ltr'>Vv.</span> <span class='ocrx_word' id='word_1_571' title='bbox 1925 3314 2010 3355; x_wconf 79' lang='lat' dir='ltr'>quid</span> 
     </span>
     <span class='ocr_line' id='line_1_52' title="bbox 262 3369 814 3413; baseline 0 -10"><span class='ocrx_word' id='word_1_572' title='bbox 262 3371 372 3413; x_wconf 77' lang='lat' dir='ltr'>faciat</span> <span class='ocrx_word' id='word_1_573' title='bbox 396 3387 410 3393; x_wconf 93' lang='lat'>-</span> <span class='ocrx_word' id='word_1_574' title='bbox 434 3386 448 3393; x_wconf 92' lang='lat'><strong>·</strong></span> <span class='ocrx_word' id='word_1_575' title='bbox 475 3369 661 3404; x_wconf 86' lang='lat' dir='ltr'>Gracchum</span> <span class='ocrx_word' id='word_1_576' title='bbox 686 3380 754 3404; x_wconf 90' lang='lat' dir='ltr'>om.</span> <span class='ocrx_word' id='word_1_577' title='bbox 774 3371 814 3403; x_wconf 89' lang='lat' dir='ltr'>B.</span> 
     </span>
    </p>
   </div>
  </div>
 </body>
</html>
