2117 3762
762 271 860 311 LIB.
891 270 940 312 ΙΙ.
999 271 1041 312 C.
1072 272 1138 313 59.
1168 273 1233 313 60.
1805 279 1885 319 269

138 382 228 419 ate
262 376 352 431 ipso
387 374 478 416 ficta
519 380 602 416 tota
645 374 839 415 narratio.
901 374 1102 417 Addidisti
1148 376 1371 418 clausulam
1419 381 1502 419 tota
1543 378 1762 419 Tarracina
1802 387 1887 423 tum

139 437 331 480 omnibus
363 439 403 479 in
429 435 653 493 parietibus
683 436 898 492 inscriptas
930 437 1053 478 fuisse
1091 440 1246 480 litteras
1289 441 1389 480 LLL
1419 442 1515 481 MM.
1587 441 1687 482 Cum
1716 455 1889 497 quaerc-

139 515 224 549 res,
265 500 306 542 id
337 500 438 556 quid
468 505 600 548 essct,
644 512 785 539 senem
817 499 890 540 tibi
923 503 1129 556 quendam
1161 503 1413 556 oppidanum
1444 502 1617 552 dixisse,
1664 505 1889 546 Lacerat

136 562 394 605 lacertum
426 564 576 617 Largi
617 563 835 603 mordax
873 565 1153 604 Memmius.
1212 564 1308 604 241.
1342 564 1603 618 PerspicitiS‚
1649 567 1728 606 hoc
1758 580 1888 620 genus

137 639 259 681 quani
291 626 342 667 sit
372 625 572 672 facetum,
616 638 738 679 quam
771 624 958 679 elegans,
1007 640 1128 682 quam
1162 627 1411 673 oratorium,
1458 627 1545 668 sive
1578 628 1752 677 habeas,
1793 642 1918 669 veres

137 688 248 744 quod
279 702 449 730 narrare
480 688 636 740 possiS‚
672 686 781 742 quod
806 695 939 729 tamen
963 695 1023 729 cst
1044 687 1395 728 mendaciunculis
1417 690 1772 744 adspergendum‚
1803 691 1889 731 sive

135 751 279 806 fingas.
339 752 412 791 Est
440 755 577 790 autem
604 749 707 790 haec
732 751 852 792 huius
886 751 1048 805 generis
1080 751 1231 795 virtus,
1264 755 1308 790 ut
1337 749 1391 790 ita
1412 749 1517 792 sacta
1540 753 1815 801 demonstres,
1846 758 1892 793 ut

136 827 273 855 mores
303 813 413 860 eius,
446 809 496 852 de
527 824 609 866 quo
640 825 802 860 narres,
835 818 879 854 ut
909 826 1071 860 sermo,
1104 818 1149 853 ut
1169 812 1305 852 vultus
1336 825 1479 853 omncs
1510 813 1814 869 exprimantur,
1846 820 1891 856 ut

134 877 206 924 iis,
245 875 315 930 qui
345 871 537 920 audiunt,
583 878 670 914 tum
702 874 790 927 geri
821 874 891 916 illa
922 873 1095 928 fierique
1128 876 1360 917 videantur.
1422 877 1515 920 242.
1547 880 1591 918 ln
1623 891 1669 919 re
1701 884 1762 920 est
1791 879 1890 920 item

135 939 379 985 ridiculum,
427 937 539 990 quod
571 950 622 977 ex
658 939 833 992 quadam
862 940 1083 991 depravata
1120 938 1349 979 imitatione
1383 938 1488 979 sumi
1520 941 1650 989 solet,
1700 947 1745 983 ut
1779 939 1889 981 idem
1903 953 1939 979 10

137 1001 327 1042 Crassus:
376 1000 474 1039 Per
503 1004 638 1041 tuam
670 998 1030 1048 nobilitatem,
1062 1013 1153 1055 per
1183 1005 1412 1042 vestram
1445 1000 1729 1043 familiam!
1779 1003 1889 1052 Quid

134 1064 246 1104 aliud
274 1060 374 1110 fuit,
408 1062 450 1101 in
481 1074 563 1115 quo
594 1063 731 1104 contio
761 1064 944 1111 rideret,
977 1061 1055 1102 nisi
1085 1062 1156 1103 illa
1185 1062 1321 1103 vultus
1354 1069 1394 1104 et
1423 1063 1538 1105 vocis
1560 1064 1764 1106 imitatio?
1796 1067 1891 1107 Per

133 1132 249 1168 tuas
280 1126 509 1166 statuas!
555 1137 654 1165 vero
687 1139 779 1165 cum
813 1124 916 1165 dixit
951 1130 992 1165 et
1022 1130 1188 1165 extento
1220 1124 1392 1166 brachio
1422 1126 1650 1181 paullulum
1683 1130 1806 1169 etiam
1839 1127 1889 1169 de

133 1193 252 1243 gestu
293 1185 473 1234 addidit,
525 1188 812 1228 vehementius
851 1186 1034 1228 risimus.
1095 1189 1158 1228 Ex
1196 1188 1279 1229 hoc
1313 1201 1464 1241 genere
1497 1195 1559 1230 est
1587 1189 1658 1231 illa
1689 1191 1889 1232 Rosciana

132 1250 307 1292 imitatio
339 1250 467 1290 senis:
511 1249 630 1289 Tibi
662 1263 780 1303 ego,
812 1249 1072 1302 Antipho,
1103 1251 1193 1291 has
1226 1265 1372 1299 sero,
1405 1251 1550 1305 inquit.
1609 1254 1777 1293 Senium
1809 1258 1884 1301 est,
1903 1270 1937 1296 ιε

133 1326 227 1354 cum
255 1311 395 1354 audio.
456 1314 590 1366 Atque
613 1314 667 1352 ita
689 1317 751 1353 est
770 1317 900 1354 totum
922 1315 1001 1353 hoc
1025 1314 1114 1368 ipso
1143 1326 1296 1366 genere
1318 1313 1557 1361 ridiculum,
1588 1320 1635 1355 ut
1654 1316 1888 1356 cautissime

132 1376 389 1416 tractandum
420 1376 483 1416 sit.
542 1376 764 1416 Mimorum
795 1381 855 1417 cst
888 1376 998 1416 enim
1027 1375 1340 1430 ethologorum,
1387 1375 1420 1416 si
1451 1376 1575 1417 nimia
1605 1382 1666 1418 est
1696 1378 1887 1426 imitatio,

133 1437 238 1479 sicut
267 1436 543 1479 obscoenitas.
608 1438 760 1478 Orator
791 1439 988 1492 surripiat
1018 1443 1183 1493 oportet
1212 1437 1502 1488 imitationem,
1547 1445 1594 1481 ut
1622 1438 1682 1489 is,
1718 1439 1789 1496 qui
1819 1454 1891 1481 au-

132 1499 242 1549 diet,
276 1500 429 1554 cogitet
458 1501 600 1555 plnra,
634 1513 755 1555 quam
780 1499 939 1550 videat;
973 1506 1156 1555 praestet
1179 1501 1290 1543 idem
1315 1501 1610 1556 ingenuitatem
1631 1507 1672 1544 et
1694 1504 1890 1544 ruborem

132 1575 274 1611 suum,
321 1560 546 1603 verborum
575 1561 831 1616 turpitudine
866 1567 905 1604 et
935 1576 1075 1604 rerum
1106 1562 1389 1606 obscoenitate
1419 1563 1599 1606 vitanda.
1660 1566 1749 1605 LX.
1795 1567 1888 1607 243.
1904 1583 1938 1609 ²0

130 1626 242 1679 Ergo
271 1626 375 1666 haec
408 1626 490 1665 duo
522 1637 674 1678 genera
704 1630 797 1665 sunt
830 1624 916 1666 eius
949 1624 1139 1674 ridiculi,
1173 1625 1285 1681 quod
1318 1627 1360 1667 in
1390 1640 1437 1668 re
1457 1628 1638 1682 positum
1668 1633 1751 1678 est;
1784 1640 1890 1681 quae

132 1693 228 1728 sunt
255 1687 425 1742 propria
452 1692 746 1742 perpetuarum
778 1686 1043 1740 facetiarum,
1087 1688 1130 1729 in
1161 1687 1310 1743 quibus
1347 1688 1638 1731 describuntur
1674 1690 1890 1731 hominum

132 1763 269 1791 mores
300 1755 340 1791 et
368 1751 424 1790 ita
453 1748 723 1803 effinguntur,
754 1756 799 1791 ut
828 1757 921 1800 aut,
971 1766 1016 1793 re
1046 1757 1211 1793 narrata
1242 1751 1403 1806 aliqua,
1438 1754 1580 1807 quales
1613 1754 1711 1802 sint,
1743 1753 1891 1795 intelli-

133 1819 305 1867 gantur,
358 1819 451 1862 aut,
499 1813 729 1854 imitatione
761 1814 879 1855 brevi
910 1813 1079 1863 iniecta,
1127 1815 1169 1854 in
1201 1813 1340 1868 aliquo
1371 1814 1521 1868 insigni
1552 1818 1603 1857 ad
1633 1815 1889 1857 irridendum

130 1874 232 1916 vitio
261 1876 536 1930 reperiantur.
597 1877 693 1916 244.
727 1877 773 1917 In
805 1876 916 1917 dicto
946 1882 1083 1918 autem
1114 1877 1334 1918 ridiculum
1368 1876 1516 1926 estid,
1548 1880 1660 1933 quod
1682 1878 1799 1920 verbi
1820 1883 1890 1919 aut
1903 1894 1938 1920 25

131 1937 360 1979 sententiae
382 1936 562 1992 quodam
584 1938 771 1979 acumine
794 1944 1000 1980 movetur.
1063 1941 1143 1980 Sed
1163 1945 1209 1980 ut
1237 1941 1279 1980 in
1305 1941 1377 1980 illo
1402 1939 1619 1995 superiore
1646 1953 1798 1995 genere
1822 1942 1890 1983 vel

130 1999 380 2042 narrationis
407 2001 474 2041 vel
503 1999 745 2041 imitationis
774 2001 943 2042 vitanda
972 2006 1035 2042 est
1059 2003 1282 2043 mimorum
1312 2002 1605 2056 ethologorum
1640 2001 1887 2051 similitudo,

130 2061 262 2104 sicin
289 2064 371 2103 hoc
410 2062 593 2104 scurrilis
633 2062 792 2104 oratori
830 2062 1023 2104 dicacitas
1061 2077 1211 2119 magno
1254 2078 1380 2120 opere
1425 2066 1622 2119 fugienda
1667 2071 1742 2107 est.
1809 2067 1891 2115 Qui

129 2125 257 2179 igitur
297 2124 594 2178 distinguemus
624 2137 647 2165 a
679 2127 845 2174 Crasso,
891 2139 913 2167 a
947 2127 1114 2175 Catule,
1159 2141 1183 2168 a
1218 2128 1367 2169 ceteris
1397 2125 1641 2169 familiarem
1679 2133 1888 2177 vestrum,

133 2188 352 2237 Granium,
402 2193 473 2229 aut
509 2187 757 2241 Vargulam,
805 2187 984 2230 amicum
1020 2192 1185 2229 meum?
1236 2191 1329 2230 Non
1360 2190 1596 2232 mehercule
1630 2191 1673 2231 in
1707 2195 1889 2232 mentem
1906 2206 1941 2232 30

131 2249 232 2291 mibi
266 2249 433 2305 quidem
467 2249 602 2292 venit:
650 2256 745 2292 sunt
775 2252 886 2292 enim
922 2250 1104 2302 dicaces;
1150 2253 1303 2294 Granio
1338 2252 1505 2306 quidem
1540 2267 1662 2295 nemo
1696 2252 1891 2295 dicacior.

131 2313 250 2361 Hoc,
283 2315 454 2368 opinor,
486 2313 691 2367 primum,
724 2327 803 2362 ne,
837 2313 1164 2369 quotiescunque
1193 2315 1377 2370 potuerit
1398 2313 1554 2358 dictum
1583 2315 1689 2365 dici,
1722 2329 1891 2357 necesse

130 2373 357 2417 habeamus
387 2376 541 2416 dicere.
601 2377 698 2417 245.
747 2376 923 2417 Pusillus
964 2377 1080 2418 testis
1108 2378 1327 2430 processit.
1384 2379 1557 2428 Licet,
1606 2379 1762 2433 inquit,
1811 2391 1893 2419 ro-

131 2440 282 2491 gare?
332 2437 560 2494 Philippus.
619 2440 722 2479 Tum
754 2440 969 2494 quaesitor
998 2452 1253 2495 properans,
1304 2439 1452 2482 Modo
1493 2442 1755 2483 breviter.
1815 2441 1891 2482 Hic

131 2500 226 2551 ille,
260 2502 369 2543 Non
398 2498 689 2543 accusabis.
725 2501 1084 2557 Perpusillum
1112 2504 1334 2557 rogabo.
1395 2502 1598 2545 Ridicule.
1658 2502 1742 2545 Sed
1772 2505 1939 2544 sede-ss

223 2660 256 2692 1.
279 2660 376 2702 sacta
400 2660 440 2692 B.
470 2677 506 2683 —
537 2660 571 2692 2.
598 2660 732 2692 litteras
750 2658 913 2693 LLLMM
929 2659 1136 2692 Schutzlus:
1165 2660 1299 2693 litteras
1325 2662 1396 2693 tria
1424 2660 1532 2697 LLL,
1559 2661 1628 2692 duo
1648 2660 1728 2693 MM
1741 2658 1797 2700 (13)
1815 2659 1887 2698 RE,

133 2706 266 2738 litteras
288 2708 356 2739 duo
373 2707 416 2739 Α.
437 2724 480 2729 -—
506 2715 746 2748 quaereremus
763 2706 805 2738 A.
827 2723 866 2729 —
893 2707 928 2738 4.
955 2707 1078 2747 Larqit
1103 2706 1240 2739 ABRE.
1259 2724 1302 2730 —
1329 2709 1510 2741 Memmius
1525 2708 1675 2739 mordax
1698 2707 1821 2747 Laryii
1844 2708 1887 2737 A.

134 2769 176 2776 —
201 2761 307 2794 yenus
332 2755 393 2786 hoc
418 2763 436 2787 e
463 2754 573 2786 Codd.
602 2754 644 2788 T.
671 2753 728 2794 (Ut
753 2762 814 2784 nos
831 2776 839 2791 ,
877 2752 998 2795 ABR.)
1034 2769 1073 2776 —
1111 2754 1145 2785 5.
1179 2763 1255 2786 vere
1281 2763 1350 2786 om.
1377 2755 1419 2786 Α.
1457 2773 1491 2778 -
1540 2754 1574 2786 6.
1601 2753 1810 2785 mendaculis
1835 2753 1887 2791 R,

133 2800 358 2832 mendaciolis
383 2809 400 2832 e
427 2800 654 2833 Cratandrina
681 2800 911 2833 llenrlchsen.
945 2817 975 2822 -
1017 2800 1051 2831 7.
1078 2800 1204 2842 fingere
1236 2801 1289 2837 A,
1330 2800 1453 2842 fruqas
1478 2801 1518 2832 B.
1548 2818 1585 2824 --
1632 2797 1762 2839 autem]
1799 2800 1889 2831 enim

134 2846 207 2877 BR.
232 2863 278 2868 -
302 2847 383 2879 hacc
409 2857 477 2880 om.
505 2848 577 2880 BR.
607 2865 646 2870 -
673 2847 706 2878 9.
734 2849 822 2879 inest
847 2846 967 2886 Steph.
995 2845 1117 2878 Lamb.
1143 2863 1181 2870 —
1210 2847 1266 2879 14.
1295 2849 1363 2880 isca
1388 2848 1429 2880 B.
1460 2865 1497 2871 —
1526 2848 1581 2879 15.
1609 2847 1671 2878 has
1698 2855 1765 2878 om.
1784 2846 1826 2880 B.
1845 2862 1887 2868 --

134 2893 274 2926 Senium
290 2897 359 2930 est,
387 2903 464 2926 cum
481 2892 604 2935 audio]
632 2894 730 2927 «Non
761 2896 876 2933 inepta
903 2895 1054 2933 suspicio
1073 2893 1233 2926 Lambini
1263 2899 1336 2932 est,
1364 2903 1416 2927 vv.
1447 2895 1532 2926 haec
1558 2901 1632 2926 esse
1659 2895 1766 2933 ipsius
1790 2893 1889 2924 Anti·

135 2940 274 2980 phontis
301 2940 565 2973 adolescentis.»
591 2942 675 2974 Em..
716 2941 832 2981 Atque
865 2940 1043 2972 Ernestius
1069 2940 1192 2973 litteris
1218 2942 1391 2974 inclinatis
1426 2940 1647 2980 exprimenda
1676 2941 1819 2972 curavit.
1847 2956 1885 2962 —-

134 2986 191 3019 16.
220 2989 292 3018 toto
317 2986 420 3020 ABR.
449 3004 494 3009 —
530 2988 587 3020 17.
615 2993 647 3020 et
671 2988 907 3028 ethologorum
930 2989 958 3017 Α
976 3009 984 3024 ,
1025 2991 1057 3018 et
1091 2987 1268 3026 etoyorum
1292 2986 1370 3028 (sic)
1403 2987 1445 3018 R.
1477 3005 1513 3010 —
1541 2987 1572 3018 si
1596 2994 1664 3019 om.
1692 2986 1732 3019 R.
1761 3002 1802 3009 —
1829 2985 1888 3018 18.

134 3034 251 3066 audiet
277 3033 303 3064 B
329 3034 481 3074 aliique:
522 3035 648 3067 audiat
683 3035 724 3067 E.
763 3051 800 3057 -
845 3034 902 3065 20.
936 3033 1186 3072 turpitudinem
1216 3034 1271 3072 Α,
1310 3035 1517 3073 turpitudini
1540 3049 1554 3055 -
1577 3049 1590 3055 -
1616 3033 1819 3066 obscenitati
1843 3033 1887 3066 R.

135 3079 267 3121 (rerum
292 3081 506 3121 turpitudine
531 3086 563 3113 et
587 3081 772 3114 verborum
804 3081 1034 3112 obscoenitate
1059 3079 1329 3120 Wyttenbachio
1354 3085 1494 3112 auctore
1521 3079 1735 3118 Schtttztus.)
1762 3096 1802 3102 —
1829 3079 1887 3112 23.

134 3131 173 3159 ut
199 3130 263 3159 aut
289 3145 300 3151 -
326 3143 339 3149 -
363 3127 609 3167 intelligantur
635 3137 703 3160 om.
734 3127 774 3158 B.
803 3144 843 3150 —
871 3132 951 3158 sunt
976 3127 1018 3157 R.
1048 3142 1087 3148 —
1129 3125 1186 3158 24.
1214 3127 1310 3159 brevi
1330 3135 1395 3166 per
1418 3127 1546 3157 iniecta
1571 3126 1600 3157 Α
1617 3149 1626 3164 ,
1654 3126 1687 3158 id
1714 3130 1788 3160 est:
1817 3126 1890 3158 bre-

134 3174 222 3206 viter
246 3175 372 3205 iniecta
389 3197 396 3211 ‚
424 3178 462 3205 ut
487 3173 555 3205 Gu.
582 3174 617 3205 2.
645 3175 789 3215 aliique.
817 3190 858 3196 —
884 3173 1068 3205 ridendum
1092 3171 1132 3203 B.
1165 3189 1204 3196 —
1232 3173 1288 3205 26.
1313 3177 1352 3203 ut
1377 3181 1445 3204 om.
1473 3172 1512 3205 B.
1540 3188 1581 3195 —-
1612 3173 1669 3204 27.
1697 3175 1748 3204 est
1772 3176 1804 3204 et
1825 3174 1890 3205 mi-

134 3228 270 3252 morum
294 3223 325 3253 et
342 3220 576 3262 ethotoqorum
591 3220 666 3251 AR.
699 3237 739 3243 —
765 3218 822 3251 28.
843 3221 995 3252 oratoris
1013 3219 1055 3250 Α.
1075 3235 1120 3240 -
1143 3218 1200 3251 29.
1228 3224 1259 3251 et
1277 3228 1298 3251 a
1316 3220 1434 3250 ceteris
1451 3218 1493 3251 R.
1513 3235 1554 3241 —
1581 3224 1739 3251 nostrum
1753 3219 1824 3252 BR.
1844 3235 1889 3241 —

136 3267 192 3299 30.
220 3265 395 3299 Ganm‘um
412 3267 455 3298 R.
476 3282 516 3289 -
542 3266 605 3299 Vv.
626 3265 703 3298 Non
726 3266 916 3299 mehercule
932 3283 945 3288 -
962 3283 974 3289 -
991 3266 1082 3298 venit
1107 3266 1180 3298 sine
1207 3273 1307 3297 causa
1334 3273 1472 3298 crucem
1500 3266 1656 3305 praefixit
1674 3266 1822 3299 Ellendt.
1843 3281 1885 3288 -

136 3313 194 3345 31.
218 3314 304 3346 mihi
329 3314 412 3356 quid
435 3314 465 3346 Α
481 3336 490 3354 ,
517 3313 655 3355 quidem
677 3314 762 3347 mihi
786 3314 829 3346 R.
857 3330 899 3337 —
926 3311 1066 3346 Garmio
1090 3310 1133 3344 R.
1163 3328 1201 3336 —
1240 3310 1298 3344 33.
1319 3313 1488 3352 processit
1513 3321 1581 3346 om.
1608 3312 1651 3345 Α.
1678 3329 1721 3335 -
1747 3313 1804 3346 35.
1833 3321 1887 3345 ac-

136 3360 269 3394 cusabit
291 3360 332 3393 B.
