2117 3762
592 302 660 341 Al)
692 301 747 340 M.
781 301 996 342 BRUTt'M
1027 303 1068 343 C.
1099 304 1164 344 30.
1195 303 1262 344 31.
1721 307 1800 350 1223

56 408 358 464 potuissemus,
406 420 488 461 quo
528 406 837 454 contendimus,
884 407 1101 462 pervenire
1140 409 1181 449 in
1213 421 1261 449 ea
1290 409 1419 458 urbe,
1465 408 1508 450 in
1539 423 1643 464 qua,
1676 418 1719 453 ut
1749 415 1804 454 ait

55 469 271 518 Antonius,
310 470 471 511 auditus
509 468 705 524 eloquens
745 483 868 509 nemo
900 475 1000 511 erat.
1064 473 1156 512 106.
1203 473 1325 526 Atqui
1356 474 1389 512 si
1421 473 1602 514 Antonio
1635 473 1804 516 Crassus

54 534 252 587 eloquens
283 532 393 574 visus
423 546 504 573 non
535 537 597 572 est
627 536 697 572 aut
727 531 802 571 sibi
834 535 941 587 ipse,
984 547 1191 588 nunquam
1226 536 1340 575 Cotta
1371 533 1481 575 visus
1520 540 1651 583 esset,
1701 552 1804 578 nun-

53 609 175 650 quam
199 596 426 650 Sulpicius,
450 607 657 648 nunquam
680 596 940 636 Hortensius.
995 596 1103 636 Nihil
1126 597 1234 636 enim
1257 595 1392 649 ample
1415 598 1552 644 Cotta,
1577 597 1678 639 nihil
1704 599 1805 639 leni-

52 665 115 700 ter
136 657 358 714 Sulpicius,
390 670 472 698 non
502 655 627 697 multa
659 657 840 710 graviter
862 659 1121 698 Hortensius.
1184 660 1428 711 Superiores
1458 660 1588 713 magis
1609 659 1660 701 ad
1683 673 1834 702 omnes

53 734 181 776 genus
211 722 321 776 apti,
355 720 542 761 Crassum
574 720 666 760 dieo
701 725 742 760 et
770 720 1008 761 Antonium.
1071 720 1232 760 Ieiunas
1263 721 1390 773 igitur
1419 722 1541 762 huius
1570 721 1804 778 multiplicis

53 791 93 826 et
122 781 392 839 aequabiliter
419 783 462 822 in
491 781 628 822 omnia
660 796 811 835 genera
841 782 955 823 fusae
987 781 1184 823 orationis
1216 796 1334 822 aures
1357 782 1532 824 civitatis
1553 786 1801 840 accepimus,

52 860 204 901 easque
235 857 310 887 nos
339 843 484 900 primi,
523 844 758 900 quicunque
801 858 965 886 eramus
1012 850 1053 885 et
1095 844 1503 900 quantulumcunque
1550 845 1802 897 dicebamus,

50 908 102 950 ad
131 907 252 950 huius
287 908 446 961 generis
477 908 638 948 dicendi
670 906 863 948 audiendi
895 906 1155 949 incredibilia
1184 906 1319 948 studia
1349 910 1641 950 convertimus.
1705 912 1800 952 107.

52 969 222 1021 Quantis
251 968 322 1010 illa
352 968 600 1011 clamoribus
630 969 926 1010 adolescentuli
956 969 1137 1010 diximus
1168 968 1218 1010 de
1250 968 1452 1023 supplicio
1475 971 1854 1024 parricidaruml1⁰

52 1045 157 1089 quae
186 1044 445 1087 nequaquam
476 1033 573 1072 satis
606 1031 832 1072 deservisse
862 1036 956 1086 post
984 1031 1194 1087 aliquanto
1222 1033 1376 1072 sentire
1403 1035 1637 1085 coepimus:
1672 1036 1806 1084 Quid

51 1095 187 1136 enim
237 1102 335 1134 tam
381 1107 646 1135 commune
689 1107 839 1148 quam
885 1094 1113 1146 spiritus
1158 1093 1316 1141 vivis,
1370 1099 1521 1135 terra
1562 1098 1804 1147 mortuis,

48 1168 185 1198 mare
215 1153 638 1205 fluctuantibus,
671 1155 799 1197 litus
830 1156 1044 1197 eiectis?
1076 1157 1148 1196 Ita
1179 1156 1389 1204 vivunt,
1425 1155 1538 1198 dum
1568 1166 1804 1213 possunt,

47 1224 103 1260 ut
131 1220 329 1260 ducere
359 1219 582 1260 animam
613 1221 672 1260 de
703 1218 853 1260 caelo
883 1232 985 1259 non
1015 1224 1240 1272 queant3
1291 1218 1366 1259 ita
1397 1219 1720 1270 moriuntur,
1750 1228 1807 1264 ut

49 1294 228 1323 eorum
270 1293 390 1322 ossa
431 1287 581 1323 terra
619 1294 719 1323 non
758 1286 964 1335 tangat;
1011 1283 1084 1323 ita
1122 1282 1393 1323 iactantur
1430 1281 1709 1333 fluctibus,
1756 1291 1854 1327 ut1⁵

47 1357 305 1400 nunquam
337 1343 632 1394 alluantur3
667 1345 737 1385 ita
766 1349 1040 1399 postremo
1071 1343 1389 1393 eiiciuntur,
1421 1350 1477 1386 ut
1506 1359 1567 1386 ne
1597 1350 1654 1388 ad
1684 1360 1806 1390 saxa

47 1407 252 1463 quidem
295 1406 494 1448 mortui
538 1408 944 1463 conquiescant,
997 1412 1038 1448 et
1082 1420 1185 1462 quae
1230 1411 1475 1462 sequuntur.
1548 1409 1650 1449 Sunt
1696 1411 1805 1452 enim

48 1471 187 1512 omnia
224 1469 330 1510 sicut
368 1468 645 1510 adolescentis
684 1482 768 1510 nou
803 1475 887 1511 tam
918 1484 965 1512 re
996 1475 1039 1511 et
1067 1470 1301 1511 maturitate
1332 1483 1454 1525 quam
1485 1483 1558 1526 spe
1588 1477 1629 1512 et
1659 1484 1806 1528 exspe-

47 1532 225 1574 ctatione
254 1530 420 1573 laudati.
480 1534 544 1573 Ab
575 1533 653 1573 hae
684 1533 823 1574 indole
853 1534 934 1574 iam
963 1534 1035 1574 illa
1064 1537 1250 1573 matura:
1298 1533 1440 1574 Uxor
1469 1533 1677 1586 generi,
1711 1548 1805 1576 110-

46 1608 199 1636 verca
228 1593 356 1641 filii,
393 1593 542 1636 filiae
587 1594 781 1649 pellex.
845 1597 938 1636 108.
989 1597 1075 1636 Nec
1115 1608 1217 1636 vero
1247 1595 1315 1635 hic
1345 1600 1437 1636 erat
1466 1609 1573 1637 unus
1603 1598 1729 1638 ardor
1757 1598 1802 1639 in
1819 1611 1854 1638 20

45 1659 187 1705 nobis,
219 1663 263 1699 ut
290 1659 371 1698 hoc
399 1659 525 1699 modo
547 1658 684 1699 omnia
705 1659 954 1699 diceremus,
1015 1659 1107 1713 Ipsa
1129 1659 1238 1699 enim
1259 1657 1327 1698 illa
1346 1670 1423 1713 pro
1441 1657 1591 1700 Roscio
1614 1658 1805 1701 iuvenilis

46 1721 319 1762 redundantia
347 1719 475 1761 multa
504 1719 627 1762 habet
656 1726 884 1770 attenuata,
931 1722 1134 1776 quaedam
1170 1723 1294 1762 etiam
1324 1721 1464 1776 paullo
1493 1720 1710 1770 hilariora,
1757 1727 1802 1764 ut

45 1796 122 1838 pro
160 1782 306 1830 Avito,
357 1795 433 1837 pro
477 1783 670 1824 Cornelio
711 1784 1030 1838 compluresque
1070 1785 1188 1824 aliae.
1246 1785 1377 1824 Nemo
1407 1782 1517 1824 enim
1547 1789 1692 1825 orator
1721 1789 1804 1826 tam

45 1846 173 1886 multa
202 1858 253 1886 ne
275 1845 317 1885 in
339 1845 495 1887 Graeco
527 1844 694 1900 quidem
725 1847 812 1886 otio
843 1846 1008 1901 scripsit
1037 1859 1161 1900 quam
1191 1845 1322 1887 multa
1352 1851 1447 1887 sunt
1475 1852 1639 1895 nostra,
1671 1859 1802 1902 eaque

44 1909 149 1949 hanc
179 1907 309 1962 ipsam
338 1906 514 1956 habent,
549 1922 672 1963 quam
703 1907 858 1963 probo,
890 1910 1143 1950 varietatem.
1817 1921 1854 1948 25

155 1970 309 2010 XXXI.
345 1972 438 2010 109.
491 1972 554 2011 An
595 1983 673 2023 ego
714 1972 922 2018 Homero,
971 1971 1126 2019 Ennio,
1177 1971 1347 2026 reliquis
1386 1973 1521 2027 poetis
1552 1977 1591 2013 et
1621 1973 1805 2014 maxime

45 2032 210 2087 tragicis
242 2031 536 2081 concederem,
584 2039 629 2073 ut
668 2046 721 2073 ne
757 2032 947 2074 omnibus
989 2034 1091 2075 locis
1122 2032 1266 2074 eadem
1297 2038 1560 2076 contentione
1590 2041 1804 2077 uterentur

46 2094 277 2150 crebroque
297 2101 524 2144 mutarent,
559 2109 854 2150 nonnunquam
886 2095 1008 2137 etiam
1039 2095 1091 2137 ad
1121 2096 1407 2152 quotidianum
1440 2110 1569 2152 genus
1599 2099 1804 2139 sermonis

45 2159 314 2199 accederent:
345 2159 433 2211 ipse
454 2171 665 2212 nunquam
690 2161 741 2199 ab
773 2158 843 2199 illa
871 2160 1072 2200 acerrima
1102 2158 1369 2200 contentione
1400 2159 1689 2201 discederem?
1722 2159 1803 2201 Sed

45 2221 144 2275 quid
190 2224 333 2273 poetas
378 2219 517 2261 divino
559 2220 726 2274 ingenio
768 2221 967 2274 profero?
1017 2221 1250 2262 Histriones
1295 2234 1367 2262 eos
1406 2221 1608 2270 vidimus,
1656 2221 1804 2276 quibus
1817 2232 1853 2259 ³⁰

45 2282 147 2324 nihil
176 2287 317 2338 posset
344 2283 387 2322 in
417 2296 493 2324 suo
525 2296 675 2337 genere
707 2297 797 2325 esse
828 2284 1130 2337 praestantius,
1164 2285 1234 2339 qui
1264 2297 1347 2325 non
1377 2283 1511 2325 solum
1541 2284 1583 2326 in
1615 2284 1804 2326 dissimil-

45 2346 154 2386 limis
191 2344 380 2399 personis
419 2344 748 2393 satisfaciebant,
799 2360 892 2387 cum
930 2353 1073 2387 tamen
1112 2347 1155 2387 in
1193 2346 1276 2387 suis
1319 2353 1608 2397 versarentur,
1658 2349 1732 2388 sed
1763 2352 1804 2388 et

46 2408 294 2448 comoedum
334 2407 376 2447 in
421 2406 646 2461 tragoediis
684 2414 725 2448 et
760 2407 1005 2461 tragoedum
1044 2409 1088 2449 in
1128 2408 1356 2450 comoediis
1386 2407 1608 2450 admodum
1639 2409 1801 2465 placere

45 2469 244 2511 vidimus:
298 2482 375 2523 ego
414 2482 498 2510 non
535 2468 775 2510 elaborem?
837 2472 930 2510 110.
980 2470 1084 2512 Cum
1124 2470 1215 2513 dico
1257 2485 1350 2518 me,
1392 2476 1458 2521 te,
1499 2474 1646 2520 Brute,
1688 2474 1797 2513 dico.

46 2533 150 2572 Nam
190 2532 231 2572 in
270 2545 336 2572 me
377 2533 544 2586 quidem
583 2533 828 2587 iampridem
870 2531 1063 2574 effectum
1105 2539 1187 2582 est,
1238 2536 1349 2588 quod
1379 2534 1564 2575 futurum
1592 2533 1681 2574 suit.
1739 2536 1848 2574 Tu³⁵

136 2682 170 2714 8.
199 2680 347 2723 eramus]
374 2682 563 2714 orabamus
586 2682 639 2721 A,
668 2682 734 2715 Gu.
763 2683 797 2715 3.
826 2683 894 2715 Erl.
926 2700 964 2707 -
993 2683 1026 2714 9.
1055 2684 1194 2716 dicendi
1219 2693 1287 2717 om.
1315 2683 1381 2716 Gu.
1410 2683 1444 2716 3.
1473 2684 1571 2721 Erl.,
1596 2684 1736 2716 seclusit
1754 2683 1795 2716 E.

47 2729 175 2762 Contra
204 2730 366 2762 audiendi
389 2730 531 2761 seclusit
556 2728 707 2762 Goeller.
735 2747 777 2753 —
804 2731 860 2761 10.
889 2731 954 2763 Vv.
982 2731 1022 2762 de
1048 2731 1217 2770 supplicio
1239 2731 1506 2770 parricidarum
1534 2739 1602 2762 om.
1630 2731 1676 2768 A,
1705 2731 1795 2761 Pitb.

52 2776 160 2808 Palat.
187 2778 219 2808 2.
240 2776 273 2808 3.
302 2776 370 2808 Gu.
392 2776 424 2808 3.
454 2776 520 2807 Eri.
551 2776 634 2816 (Sed
663 2778 748 2810 haec
773 2777 929 2816 exempla
955 2779 1022 2810 iam
1051 2779 1226 2810 sufficiant
1251 2778 1292 2808 ad
1322 2783 1527 2817 perpetuam
1556 2777 1663 2808 Codd.
1694 2779 1796 2808 inter-

48 2823 239 2862 polatorum
277 2825 572 2863 conspirationem
619 2823 936 2855 demonstrandam.
1001 2824 1190 2857 Postmodo
1234 2825 1441 2864 plerumque
1480 2826 1632 2856 contenti
1669 2826 1797 2856 erimus

48 2870 142 2900 lectt.
186 2868 272 2900 Cod.
299 2870 523 2901 Abrincensis
550 2878 567 2900 a
599 2870 824 2902 Ravaissonio
851 2869 1077 2911 memoratis.)
1106 2888 1149 2894 ——
1191 2871 1245 2903 11.
1281 2870 1460 2910 deservisse
1492 2870 1561 2901 Vit.
1591 2871 1685 2902 Eius.
1719 2869 1796 2909 Dr.‚

48 2916 115 2946 Gu.
143 2915 175 2946 2.
204 2915 324 2947 Μοη.ε
366 2916 571 2954 deferbuisse
596 2917 668 2947 RE.
711 2934 748 2940 —
793 2918 847 2948 15.
874 2921 969 2948 terra
992 2926 1065 2948 non
1089 2922 1215 2957 tanslat
1242 2918 1311 2949 Vit.
1339 2917 1423 2953 Dr..
1460 2916 1558 2948 Mon.
1586 2917 1628 2948 R.
1665 2919 1700 2947 et
1735 2925 1798 2955 pro

50 2962 154 2993 Rose.
181 2962 260 2992 Am.
287 2962 354 3000 26,
388 2962 470 2994 72:
508 2967 637 2994 terram
661 2972 733 2994 non
758 2966 903 3004 tanqam
931 2963 1026 2996 Eins.
1054 2965 1124 2996 Erl.
1152 2964 1191 2996 E.
1218 2980 1263 2986 -—
1288 2963 1344 2996 16.
1379 2964 1560 2995 alluantur
1585 2964 1682 2994 Eius.
1707 2962 1769 2994 Dr.
1787 2987 1798 3003 ,

49 3008 116 3040 Gu.
143 3009 178 3039 1.
204 3008 239 3038 2.
265 3008 364 3039 Mon.
391 3009 441 3040 R:
470 3009 663 3040 abluantur
689 3011 758 3041 Vit.
777 3033 785 3047 ‚
817 3010 891 3041 Vet.
920 3010 1042 3049 Stepb.
1071 3009 1139 3042 Gu.
1166 3009 1199 3042 3.
1229 3010 1298 3042 Erl.
1329 3010 1367 3041 E.
1395 3010 1493 3041 Klotz
1522 3011 1555 3041 in
1587 3009 1657 3041 Cic.
1686 3009 1796 3042 Oratt.

47 3055 163 3086 Peter.
207 3054 333 3086 Verum
360 3060 433 3086 est:
475 3062 534 3087 «ut
560 3057 683 3088 fluctus
711 3066 750 3088 ea
777 3059 928 3089 iactent.
963 3059 1008 3088 ita
1037 3061 1177 3094 tamen,
1206 3061 1243 3088 ut
1267 3056 1310 3088 ab
1337 3065 1456 3089 eorum
1483 3059 1645 3088 contactu
1673 3056 1796 3088 abhor-

47 3107 181 3134 reant.»
210 3117 247 3122 —
277 3100 333 3132 18.
360 3102 408 3132 sic
434 3102 475 3133 A.
506 3119 542 3125 —
581 3103 636 3134 19.
659 3103 806 3134 laudata
832 3103 880 3139 A,
910 3102 977 3133 Vit.
1007 3103 1083 3134 Vet.
1110 3103 1230 3140 Steph.
1261 3102 1326 3134 Gu.
1355 3101 1388 3133 3.
1415 3103 1464 3135 R.
1493 3102 1533 3134 L.
1563 3118 1602 3125 —
1637 3103 1696 3134 20.
1723 3105 1799 3134 erat

47 3156 138 3180 unus
164 3147 233 3177 Vit.
262 3147 355 3178 Eins.
383 3147 446 3179 D‘r.
464 3170 472 3185 ,
501 3147 566 3180 Gu.
596 3155 686 3183 tres,
716 3150 771 3181 R:
799 3158 884 3180 unus
911 3152 989 3180 erat
1014 3150 1054 3180 Ε.
1084 3165 1125 3171 -
1151 3148 1208 3180 23.
1234 3145 1350 3187 Avito]
1378 3148 1519 3180 Rabirio
1544 3148 1586 3180 P..
1617 3166 1655 3172 —
1683 3148 1739 3181 26.
1767 3152 1799 3181 et

47 3204 116 3226 om.
147 3194 214 3224 Vit.
242 3193 324 3231 Dr.‚
350 3193 447 3224 Mon.
479 3194 520 3224 R.
554 3211 593 3217 —
632 3196 689 3228 28.
722 3196 923 3237 quotidiani
955 3195 1081 3228 Dresd.
1113 3197 1269 3235 speciose
1305 3199 1581 3236 receperuntque
1607 3195 1725 3236 Meyer
1758 3203 1798 3227 ac

49 3241 198 3273 Goeller.
249 3240 293 3270 At
331 3240 419 3271 illius
459 3240 568 3272 Codd.
597 3246 783 3274 auctoritas
812 3251 872 3281 per
897 3250 934 3274 se
969 3246 1020 3274 est
1057 3244 1202 3282 exigua,
1243 3245 1276 3274 et
1301 3241 1367 3274 ct'r.
1392 3242 1537 3281 Quintil.
1564 3242 1629 3281 11,
1670 3244 1685 3273 1
1706 3267 1714 3281 ‚
1741 3242 1789 3273 6:

47 3287 172 3319 humile
197 3291 300 3326 atque
325 3287 568 3324 quotidianum
590 3290 758 3320 sermonis
782 3297 902 3330 genus.
924 3303 963 3310 -·
991 3288 1048 3319 30.
1075 3288 1230 3319 videmus
1247 3289 1297 3326 A,
1325 3287 1392 3319 Vit.
1421 3288 1517 3320 Eius.
1545 3288 1606 3320 Dr.
1635 3288 1703 3320 Erl.
1724 3288 1790 3319 Gu.

49 3340 116 3366 tres
143 3334 294 3372 aliique,
323 3332 369 3363 R.
397 3349 439 3354 —
465 3333 522 3363 31.
549 3334 635 3364 nihil
661 3336 698 3366 in
721 3344 782 3366 suo
808 3343 931 3374 yenere
961 3342 1029 3365 esse
1051 3338 1166 3374 posset
1192 3334 1285 3367 Eius.
1314 3351 1354 3358 —
1382 3334 1437 3368 32.
1465 3333 1593 3376 tamen]
1619 3339 1794 3377 tamquam

48 3381 173 3413 mavolt
196 3380 310 3411 Peter.
351 3395 390 3401 -
433 3378 489 3410 3¹0.
522 3388 574 3411 me
607 3389 683 3412 cum
707 3382 782 3413 dico
809 3380 873 3413 Gu.
903 3380 935 3411 3.
966 3380 1035 3412 Erl.
