2117 3762
250 275 333 316 390
1035 267 1234 310 BRUTUS

250 385 345 430 tur,
375 384 422 422 ut
451 378 602 422 nullius
633 375 813 418 oratoris
842 386 976 429 aeque
1005 372 1050 414 in
1079 377 1284 427 potestate
1314 372 1463 416 fuerit:
1498 386 1605 428 quae
1623 374 1805 427 primum
1828 373 1886 416 ita
1914 387 2019 431 pura

251 448 362 493 erat,
412 448 458 485 ut
486 442 590 483 nihil
617 437 855 494 liquidius,
889 436 947 478 ita
976 436 1108 477 libere
1136 434 1312 485 fluebat,
1360 442 1406 478 ut
1434 449 1639 491 nusquam
1668 434 2011 487 adhaeresceret;

251 505 411 547 nullum
450 504 530 544 nisi
566 502 660 543 loco
697 500 880 555 positum
918 503 960 540 et
994 503 1204 553 tamquam
1240 500 1282 540 in
1316 500 1575 541 vermiculato
1605 499 1844 547 emblemate,
1889 506 1935 542 ut
1963 503 2020 542 ait

252 567 460 615 Lucilius,
492 569 693 606 structum
724 563 903 604 verbum
931 560 1119 604 videres:
1150 573 1229 602 nec
1248 575 1348 604 vero
1369 562 1499 604 ullum
1526 565 1596 602 aut
1627 562 1777 602 durum
1808 566 1879 603 aut
1906 562 2019 604 inso-

224 632 344 672 slens
373 634 444 670 aut
471 628 626 669 humile
656 630 728 667 aut
757 623 922 679 longius
953 622 1145 673 ductum;
1193 636 1240 664 ac
1269 637 1355 665 non
1383 625 1556 680 propria
1584 622 1714 665 verba
1742 637 1904 672 rerum,
1945 626 2019 666 sed

252 693 452 748 pleraque
481 691 648 736 tralata,
689 687 747 729 sic
777 692 938 735 tamen,
979 692 1027 728 ut
1057 699 1106 727 ea
1134 699 1221 726 non
1251 685 1421 729 irruisse
1451 689 1494 729 in
1523 687 1704 729 alienum
1733 688 1899 736 locum,
1945 689 2021 729 sed

252 754 510 808 immigrasse
539 753 583 792 in
612 764 733 792 suum
764 751 955 798 diceres3
1006 761 1085 790 nec
1113 761 1216 790 vero
1248 750 1351 790 haec
1381 749 1514 792 soluta
1543 764 1621 792 nec
1652 748 1904 798 diffluentia,
1946 751 2020 791 sed

253 818 446 858 adstricta
476 813 686 862 numeris,
727 826 813 854 non
843 816 986 866 aperte
1016 824 1094 852 nec
1125 813 1275 853 eodem
1303 810 1429 852 modo
1462 826 1646 868 semper,
1690 813 1764 854 sed
1793 813 1907 854 varie
1938 810 2022 854 dis-

253 878 581 932 simulanterque
601 876 821 918 conclusis.
883 877 980 916 275.
1012 876 1142 915 Erant
1161 879 1299 915 autem
1327 879 1369 915 et
1400 876 1623 917 verborum
1654 881 1694 917 et
1725 874 2020 917 sententiarum

204 941 320 983 :toilla
348 940 527 988 lumina,
560 953 667 995 quae
695 943 848 980 vocant
878 938 1024 979 Graeci
1056 937 1282 992 σχήματα,
1314 936 1466 992 quibus
1496 942 1704 993 tamquam
1728 935 1957 991 insignibus
1977 937 2022 978 in

253 1009 402 1046 ornatu
442 1003 774 1057 distinguebatur
814 1001 948 1041 omnis
988 1001 1137 1040 oratio.
1200 1000 1297 1049 QvA
1336 1013 1389 1039 DE
1428 1011 1483 1040 RE
1522 1012 1687 1041 AGITVR
1725 1005 1864 1041 autem
1893 999 2018 1048 illud,

253 1068 365 1122 quod
395 1065 534 1107 multis
563 1065 666 1106 locis
695 1065 739 1104 in
768 1063 869 1104 iuris
900 1062 1184 1104 consultorum
1213 1061 1438 1103 includitur
1468 1061 1679 1109 formulis,
1710 1063 1753 1103 id
1782 1064 1855 1104 ubi
1886 1067 2019 1110 esset,

250 1126 434 1170 videbat.
493 1129 666 1169 LXXX.
698 1128 793 1168 276.
823 1124 1060 1167 Accedebat
1090 1127 1196 1166 ordo
1219 1138 1359 1166 rerum
1379 1126 1529 1180 plenus
1552 1126 1677 1173 artis,
1710 1125 1816 1166 actio
1839 1124 2022 1166 liberalis

251 1197 469 1246 totumque
506 1190 672 1231 dicendi
710 1188 920 1242 placidum
958 1193 998 1229 et
1028 1202 1174 1229 sanum
1205 1200 1351 1240 genus,
1413 1187 1574 1236 Quodsi
1606 1192 1667 1228 est
1696 1188 1899 1242 optimum
1930 1201 2023 1229 sua-

203 1268 239 1294 15
253 1254 361 1296 viter
389 1253 550 1302 dicere,
582 1251 687 1293 nihil
716 1256 798 1302 est,
834 1252 947 1306 quod
978 1249 1128 1291 melius
1159 1251 1239 1290 hoe
1270 1249 1553 1304 quaerendum
1584 1255 1720 1305 putes.
1782 1249 1886 1299 Sed,
1928 1264 2021 1291 cum

251 1331 275 1358 a
315 1315 437 1358 nobis
474 1314 615 1370 paullo
653 1318 747 1356 ante
786 1313 943 1355 dictum
983 1314 1035 1354 sit
1071 1313 1150 1353 tria
1188 1311 1322 1353 videri
1362 1325 1476 1361 esse,
1527 1326 1633 1368 quae
1675 1317 1817 1354 orator
1855 1311 2022 1354 efficere

253 1381 449 1427 deberet,
482 1383 529 1419 ut
558 1377 752 1425 doceret,
784 1382 831 1418 ut
861 1376 1109 1423 delectaret,
1153 1379 1200 1415 ut
1229 1380 1439 1423 moveret,
1487 1373 1571 1416 duo
1601 1388 1764 1416 summe
1794 1376 1947 1424 tenuit,
1977 1380 2024 1416 ut

253 1447 294 1483 et
323 1456 414 1483 rem
443 1441 671 1482 illustraret
701 1440 947 1480 disserendo
981 1443 1021 1479 et
1050 1438 1210 1479 animos
1243 1450 1414 1485 eorum,
1450 1437 1522 1493 qui
1548 1436 1762 1486 audirent,
1795 1436 2024 1479 devinciret

251 1504 485 1559 voluptate;
518 1506 662 1544 aberat
682 1502 804 1543 tertia
823 1501 892 1542 illa
912 1503 1023 1548 laus,
1056 1514 1138 1556 qua
1166 1504 1434 1553 permoveret
1464 1505 1588 1555 atque
1619 1500 1814 1541 incitaret
1843 1502 2020 1549 animos,

202 1584 239 1610 20
253 1581 374 1624 quam
403 1565 625 1621 plurimum
654 1564 813 1620 pollere
844 1565 1049 1613 diximus3
1084 1576 1161 1604 nec
1183 1567 1273 1603 erat
1301 1562 1384 1604 ulla
1414 1564 1476 1604 vis
1507 1568 1631 1618 atque
1663 1564 1898 1604 contentio:
1933 1562 2022 1604 sive

251 1628 448 1677 consilio,
480 1630 593 1684 quod
624 1641 718 1675 eos,
751 1640 929 1682 quorum
960 1625 1083 1667 altior
1114 1626 1250 1666 oratio
1271 1627 1463 1681 actioque
1485 1632 1594 1667 esset
1614 1627 1848 1674 ardentior,
1881 1626 2023 1667 furere

251 1698 376 1748 atque
397 1692 590 1732 bacchari
611 1690 904 1738 arbitraretur,
928 1689 1015 1731 sive
1036 1691 1149 1745 quod
1169 1694 1318 1730 natura
1337 1703 1422 1729 non
1444 1695 1554 1730 esset
1574 1692 1631 1731 ita
1649 1688 1783 1731 factus
1803 1690 1890 1730 sive
1911 1689 2024 1744 quod

250 1769 337 1796 non
366 1760 608 1795 consuesset
637 1753 724 1794 sive
755 1755 866 1809 quod
896 1765 982 1793 non
1010 1756 1166 1807 posset.
1228 1753 1320 1792 Hoc
1349 1765 1476 1792 unum
1508 1751 1596 1800 illi,
1639 1753 1674 1793 si
1703 1752 1806 1792 nihil
1835 1751 2024 1792 utilitatis

250 1818 455 1866 hahebat,
488 1817 640 1867 abfuit;
672 1816 707 1858 si
738 1830 842 1871 opus
874 1819 981 1863 erat,
1013 1814 1158 1859 defuit.
1218 1817 1314 1855 277.
1350 1816 1461 1864 Quin
1492 1816 1615 1856 etiam
1636 1814 1832 1863 memini,
1866 1828 1958 1855 cum
1979 1813 2024 1855 in

201 1896 237 1923 25
251 1881 514 1923 accusatione
553 1893 627 1921 sua
667 1880 718 1929 Q.
753 1878 887 1921 Gallio
927 1877 1091 1919 crimini
1122 1877 1304 1919 dedisset
1334 1879 1413 1918 sihi
1445 1892 1540 1918 eum
1572 1891 1780 1920 venenum
1809 1877 2023 1932 paravisse

247 1944 375 1999 idque
405 1958 429 1985 a
458 1957 501 1985 se
532 1956 622 1984 esse
653 1944 961 1996 deprehensum
993 1954 1167 1996 seseque
1199 1941 1499 1995 chirographa,
1545 1939 1874 1988 testificationes,
1915 1941 2024 1981 indi-

250 2008 338 2056 cia,
390 2007 676 2061 quaestiones,
727 2003 991 2045 manifestam
1035 2017 1125 2043 rem
1171 2003 1337 2044 deferre
1385 2003 1543 2043 diceret
1582 2004 1717 2057 deque
1757 2015 1807 2043 00
1849 2002 2022 2043 crimine

250 2076 440 2110 accurate
471 2074 512 2111 et
541 2068 747 2122 exquisite
778 2066 1093 2120 disputavisset,
1126 2079 1192 2106 me
1218 2066 1261 2105 in
1282 2064 1597 2117 respondendo,
1631 2078 1724 2106 cum
1746 2078 1879 2106 essem
1901 2078 2023 2119 argu-

249 2137 479 2180 mentatus,
531 2135 730 2185 quantum
772 2142 839 2170 res
877 2126 1062 2176 ferebat,
1116 2129 1199 2168 hoc
1237 2127 1374 2182 ipsum
1416 2127 1539 2168 etiam
1568 2127 1759 2182 posuisse
1791 2141 1866 2182 pro
1900 2141 2023 2182 argu-

200 2200 410 2242 aomento‚
450 2196 563 2249 quod
593 2193 683 2240 ille,
730 2205 824 2233 cum
853 2195 1012 2246 pestem
1045 2189 1194 2243 capitis
1224 2191 1306 2237 sui,
1349 2204 1443 2231 cum
1474 2190 1628 2231 indicia
1657 2190 1803 2231 mortis
1833 2204 1877 2232 se
1909 2204 2022 2232 com-

246 2257 407 2310 perisse
438 2255 659 2297 manifesto
692 2260 732 2295 et
762 2267 887 2294 manu
917 2258 1059 2293 tenere
1081 2251 1257 2299 diceret,
1289 2260 1371 2294 tam
1394 2254 1528 2294 solute
1550 2255 1724 2307 egisset,
1757 2259 1839 2294 tam
1859 2253 2019 2301 leniter,

246 2324 331 2359 tam
362 2319 599 2359 oscitanter.
660 2318 758 2358 278.
794 2318 852 2356 Tu
881 2317 1004 2362 istae,
1036 2316 1094 2355 M.
1120 2316 1272 2361 Calidi,
1303 2317 1383 2355 nisi
1410 2317 1597 2369 finqeres,
1629 2318 1687 2356 sic
1716 2318 1879 2368 aqeres?
1900 2330 2023 2369 prae-

246 2383 385 2422 sertim
424 2396 513 2422 cum
548 2383 628 2422 isla
665 2380 886 2433 eloquentia
915 2379 1137 2418 alienorum
1165 2379 1369 2419 hominum
1390 2380 1575 2431 pericula
1603 2380 1802 2432 defendere
1829 2381 2022 2420 acerrime

246 2446 393 2492 soleas,
426 2452 537 2485 tuum
565 2443 808 2495 neyliyeres?
852 2441 923 2481 Ubi
953 2441 1095 2480 dolor?
1137 2441 1202 2480 ubi
1231 2442 1356 2482 ardor
1385 2443 1533 2490 animi,
1565 2444 1633 2496 qui
1663 2444 1781 2483 etiam
1810 2456 1860 2483 ea:
1889 2444 2022 2496 insan-

197 2508 346 2548 35tlum
374 2507 544 2559 ingeniis
573 2507 709 2546 elicere
738 2518 848 2545 voces
878 2510 913 2544 et
942 2504 1121 2557 querelas
1149 2505 1258 2544 solet.
1320 2506 1443 2546 Nulla
1464 2506 1714 2557 perturbatio
1734 2506 1880 2552 animi,
1910 2506 2022 2546 nulla

245 2570 452 2622 corporiS,
489 2570 604 2622 frons
631 2581 711 2608 non
733 2580 945 2620 pereussa,
976 2579 1057 2606 non
1081 2567 1234 2619 femur,-
1258 2567 1396 2619 pedis,
1430 2569 1533 2620 quod
1561 2569 1770 2608 minimum
1799 2573 1878 2616 est,
1909 2569 2022 2608 nulla

246 2632 460 2684 supplosio.
521 2633 657 2683 Itaque
687 2636 841 2670 tantum
869 2629 1016 2681 abfuit,
1059 2634 1103 2668 ut
1132 2630 1403 2682 inflammares
1432 2636 1590 2671 nostros
1619 2632 1794 2679 animos,
1840 2643 2021 2671 somnum

245 2696 322 2734 isto
353 2694 436 2734 loco
466 2694 539 2734 vix
569 2693 805 2733 tenebamus.
869 2691 938 2732 Sic
975 2704 1053 2732 nos
1092 2692 1243 2732 summi
1281 2691 1458 2733 oratoris
1498 2691 1564 2733 vel
1604 2693 1780 2734 sanitate
1820 2692 1888 2734 vel
1918 2693 2017 2734 vitio

246 2771 324 2810 pro
370 2761 616 2810 argumento
661 2757 713 2796 ad
754 2754 995 2796 diluendum
1035 2754 1192 2795 crimen
1232 2755 1297 2795 usi
1338 2769 1492 2796 sumus.
1551 2755 1649 2795 279.
1699 2757 1804 2796 Tum
1843 2758 2017 2802 Brutus,

198 2837 232 2862 40
247 2822 382 2874 Atque
423 2817 685 2866 dubitamus,
733 2818 888 2872 inquit,
932 2821 1073 2858 utrum
1110 2816 1189 2857 ista
1229 2818 1381 2858 sanitas
1418 2815 1563 2863 fuerit,
1609 2830 1662 2857 an
1691 2816 1864 2859 vitium?
1916 2818 2018 2867 Quis

248 2881 357 2922 enim
387 2894 472 2922 non
501 2880 697 2928 fateatur,
732 2894 826 2920 cum
858 2893 912 2920 ex
942 2878 1135 2921 omnibus
1167 2879 1344 2921 oratoris
1375 2878 1568 2921 laudibus
1598 2881 1723 2934 longe
1753 2880 1831 2921 ista
1861 2881 1912 2921 sit
1932 2893 2018 2921 ma-

246 2943 380 2991 xima,
411 2943 670 2985 inflammare
701 2941 864 2983 animos
894 2941 1149 2983 audientium
1182 2947 1245 2991 et,
1279 2956 1531 2998 quocunque
1564 2957 1630 2983 res
1661 2942 1842 2997 postulet
1872 2945 2013 2990 modo,

250 3006 438 3054 flectere,
471 3007 541 3062 qui
571 3008 650 3047 hac
678 3004 829 3047 virtute
851 3003 1050 3052 caruerit,
1082 3005 1125 3046 id
1145 3004 1204 3051 ei,
1237 3007 1349 3060 quod
1372 3004 1598 3046 maximum
1620 3004 1768 3054 fuerit,
1801 3004 2014 3047 defuisse?

340 3128 374 3158 5.
403 3132 465 3160 aut
492 3129 530 3159 in
556 3128 693 3168 lonyius
720 3126 831 3159 Codd.
859 3134 968 3165 prope
997 3134 1114 3157 omnes
1142 3129 1176 3156 et
1200 3126 1251 3162 R,
1283 3127 1486 3165 recepitque
1512 3126 1628 3158 Peter.
1678 3126 1722 3157 Ut
1747 3135 1830 3162 nos,
1866 3126 1927 3166 Lg.
1955 3126 2012 3156 20.

249 3173 305 3205 35.
328 3172 383 3205 39.
404 3175 460 3205 56.
482 3190 522 3196 -
549 3174 584 3206 6.
614 3174 790 3206 translata
811 3181 889 3205 cum
910 3173 1021 3205 Codd.
1042 3174 1176 3214 aliquot
1193 3172 1236 3210 R,
1256 3172 1297 3208 L,
1326 3172 1475 3204 Ellendt.
1497 3190 1538 3195 -
1568 3174 1621 3204 11.
1650 3178 1787 3211 autem,
1813 3172 1901 3203 illud
1922 3173 2015 3211 quod

252 3220 293 3251 E.
322 3235 362 3242 —
406 3221 461 3251 12.
488 3225 520 3252 et
545 3221 604 3252 ubi
630 3221 722 3252 libri.
774 3220 932 3252 Correxit
959 3220 1150 3252 Corradus.
1182 3235 1219 3240 —
1261 3219 1316 3250 18.
1345 3220 1549 3251 demulceret
1575 3220 1713 3251 volebat
1739 3219 1859 3250 Lamb.
1881 3242 1889 3256 ‚
1929 3219 2014 3250 dele-

248 3267 342 3296 niret
368 3266 451 3297 Ern.
482 3284 519 3289 —
547 3268 604 3298 21.
633 3268 760 3299 elatior
785 3267 922 3300 volebat
947 3267 1070 3299 Lamb.
1089 3290 1098 3304 ‚
1127 3267 1242 3297 acrior
1270 3265 1350 3297 Sch.
1372 3283 1411 3288 —-
1440 3266 1496 3296 22.
1523 3269 1625 3306 atque
1650 3266 1694 3297 D.
1723 3265 1789 3297 Gu.
1818 3266 1860 3296 1:
1889 3270 1921 3296 et
1940 3265 2010 3296 RE.

253 3311 430 3351 (Ellendtii
452 3312 628 3344 adnotatio
649 3322 771 3346 manca
798 3312 876 3354 est.)
907 3328 941 3334 —
972 3314 1030 3345 32.
1058 3321 1175 3355 ageres
1196 3313 1403 3351 praesertim
1428 3313 1498 3344 ista
1524 3313 1747 3353 eloquentia?
1774 3311 1854 3342 Cum
1882 3312 2014 3342 alieno-

250 3359 464 3392 ramLamb.
484 3375 522 3382 -
542 3358 599 3391 36.
618 3369 690 3392 non
704 3360 983 3403 fronspereussa
1003 3359 1153 3402 Quintil.
1173 3360 1230 3399 11,
1252 3360 1285 3400 3,
1307 3359 1387 3392 123.
1400 3374 1440 3382 ‹-
1459 3359 1516 3391 37.
1532 3359 1626 3392 abest
1641 3357 1785 3399 Quintil.
1804 3357 1858 3390 lb.
1873 3356 1912 3399 §-
1929 3358 2010 3391 155.
