2117 3762
779 274 823 314 C.
861 275 924 318 16.
962 277 1023 316 17.
1057 277 1120 317 18.
1746 282 1822 322 351

83 394 166 422 non
197 381 294 422 satis
324 380 476 436 apertis
507 394 599 422 cum
629 381 830 421 brevitate
863 386 946 420 tum
978 380 1105 421 nimio
1137 379 1347 428 acumine,
1381 379 1509 421 oslicit
1538 379 1826 438 Theopompus

84 443 260 485 elatione
291 451 413 498 atque
444 441 656 484 altitudine
687 442 884 482 orationis
916 457 1038 490 suae,
1071 446 1181 498 quod
1205 443 1312 484 idem
1335 442 1481 497 Lysiae
1503 445 1825 495 Demosthenes3

83 506 141 547 sic
166 508 330 548 Catonis
361 506 583 547 luminibus
614 505 820 546 obstruxit
852 506 953 545 hacc
984 506 1258 560 posteriorum
1292 506 1408 559 quasi
1440 513 1687 560 exaggerata
1709 507 1827 549 altius

84 570 230 610 oratio.
292 571 372 611 Sed
404 574 444 610 et
472 570 512 610 in
542 566 694 609 nostris
725 567 881 608 inscitia
913 574 995 614 est,
1039 568 1150 623 quod
1181 568 1220 610 bi
1252 569 1352 623 ipsi,
1388 570 1457 623 qui
1488 568 1529 610 in
1563 570 1730 610 Graecis
1760 584 1830 610 an-

85 631 272 685 tiquitate
311 632 566 672 delectantur
598 643 728 684 eaque
770 628 1018 678 subtilitate,
1069 645 1191 685 quam
1231 631 1403 672 Atticam
1445 630 1675 684 appellant,
1725 634 1859 673 hanc⁵

84 693 125 735 in
158 695 311 736 Catone
342 708 392 734 ne
423 698 625 734 noverunt
656 691 836 746 quidem.
901 693 1136 746 Hyperidae
1167 694 1311 734 volunt
1341 707 1428 734 csse
1460 700 1500 735 ct
1530 695 1691 750 Lysiae.
1726 696 1832 736 Lau-

85 758 154 797 do.
216 758 283 798 68.
330 757 411 796 Sed
458 768 531 795 cur
573 753 715 795 nolunt
760 756 961 796 Catones?
1012 756 1146 797 Attico
1185 769 1335 809 genere
1375 755 1535 797 dicendi
1575 770 1618 797 se
1649 759 1830 812 gaudere

85 817 239 860 dicunt.
301 818 517 870 Sapienter
548 815 587 857 id
618 818 798 871 quidem.
860 821 994 872 Atque
1024 819 1181 858 utinam
1213 817 1496 866 imitarentur,
1539 832 1612 860 nec
1643 833 1736 860 ossa
1767 833 1833 861 so-

84 879 167 921 lum
199 881 271 921 sed
301 880 423 921 etiam
453 878 714 932 sanguinem!
766 881 933 921 (iratum
966 886 1026 921 est
1058 886 1213 928 tamen,
1245 882 1355 934 quod
1389 880 1543 921 volunt.
1607 882 1687 922 Cur
1708 881 1832 936 igitur

86 943 227 996 Lysias
258 947 298 982 et
327 942 561 995 Hyperides
592 948 772 987 amatur,
803 955 895 982 cum
927 941 1089 996 penitus
1121 943 1335 996 ignoretur
1366 943 1465 983 Cato
1478 946 1494 982 ‘l
1526 945 1742 998 Antiquior
1773 950 1883 986 est1⁰

84 1005 207 1047 huius
237 1017 373 1046 sermo
413 1010 452 1044 et
484 1005 681 1057 quaedam
722 1004 956 1045 horridiora
997 1006 1134 1045 verba.
1193 1006 1251 1045 Ita
1284 1006 1392 1045 enim
1423 1011 1508 1046 tum
1538 1006 1829 1060 loquebantur.

85 1066 131 1108 Id
159 1072 295 1115 muta,
328 1068 441 1122 quod
474 1073 556 1106 tum
590 1066 657 1107 ille
688 1080 768 1106 nou
800 1066 950 1120 potuit,
985 1072 1026 1107 et
1054 1065 1158 1107 adde
1190 1080 1406 1116 numeros,
1440 1074 1503 1116 et,
1545 1076 1587 1110 ut
1617 1073 1754 1124 aptior
1782 1075 1834 1114 sit

84 1129 239 1176 oratio,
272 1128 363 1182 ipsa
393 1127 519 1169 verba
549 1141 752 1183 compone
783 1134 823 1168 et
852 1129 966 1183 quasi
989 1135 1252 1182 coagmenta,
1285 1131 1397 1184 quod
1427 1144 1477 1171 ne
1502 1133 1645 1173 Graeci
1667 1133 1832 1189 quidem

82 1196 245 1232 veteres
277 1190 587 1232 factitaverunt:
622 1192 700 1231 iam
732 1191 939 1231 neminem
971 1197 1195 1246 antepones
1228 1192 1385 1233 Catoni.
1448 1194 1514 1233 69.
1565 1196 1712 1238 Ornari
1743 1211 1834 1239 ora-

84 1254 239 1295 tionem
272 1253 416 1295 Graeci
448 1260 606 1306 putant,
644 1254 676 1293 si
707 1251 929 1294 verborum
960 1254 1315 1296 immutationibus
1346 1261 1530 1303 utantur,
1565 1271 1667 1312 quos
1697 1259 1882 1314 appel-²⁵

82 1314 169 1357 lant
188 1315 390 1371 τρόπους,
423 1321 463 1356 et
484 1317 779 1356 sententiarum
801 1317 1083 1372 orationisque
1104 1315 1248 1358 formis
1263 1349 1273 1366 ,
1308 1332 1412 1372 quae
1434 1325 1581 1360 vocant
1610 1320 1830 1374 σχήματαε

83 1391 167 1420 non
198 1379 289 1420 veri
319 1378 453 1419 simile
485 1383 565 1425 est,
608 1391 731 1431 quam
762 1378 813 1418 sit
843 1378 884 1418 in
914 1384 1093 1434 utroque
1125 1393 1277 1433 genere
1309 1387 1349 1422 et
1378 1379 1524 1422 creber
1553 1387 1594 1422 et
1623 1382 1835 1426 distinctus

84 1442 196 1484 Cato.
253 1442 406 1483 xv111.
440 1443 521 1481 Nec
553 1454 653 1481 vero
683 1440 832 1493 ignoro
863 1443 1047 1482 nondum
1070 1455 1159 1483 esse
1181 1443 1277 1484 satis
1298 1442 1474 1498 politum
1495 1442 1604 1485 hunc
1625 1450 1834 1487 oratorem

84 1508 125 1544 et
144 1505 429 1559 quaerendum
459 1516 549 1544 esse
579 1502 736 1558 aliquid
757 1501 1006 1558 perfectius3
1041 1503 1193 1560 quippe
1223 1518 1316 1546 cum
1345 1504 1402 1546 ita
1433 1506 1484 1546 sit
1514 1508 1565 1547 ad
1595 1513 1834 1549 nostrorum

84 1571 320 1621 temporum
360 1565 561 1606 rationem
598 1571 742 1613 vetus,
790 1571 835 1606 ut
871 1565 1022 1607 nullius
1061 1566 1259 1620 scriptum
1297 1572 1430 1608 exstet
1469 1567 1637 1622 dignum
1668 1569 1885 1625 quidem²⁰

83 1627 288 1676 lectione,
328 1630 440 1684 quod
479 1628 531 1669 sit
569 1627 789 1683 antiquius.
850 1627 932 1670 Sed
972 1628 1128 1671 maiore
1167 1630 1330 1671 honore
1368 1631 1410 1670 in
1449 1631 1639 1674 omnibus
1679 1635 1836 1676 artibus

85 1703 208 1744 quam
247 1689 289 1731 in
326 1693 402 1732 hac
440 1705 523 1732 una
561 1690 723 1732 dicendi
760 1697 949 1733 versatur
988 1691 1221 1746 antiquitas.
1279 1693 1347 1732 70.
1391 1693 1492 1742 Quis
1524 1694 1632 1735 enim
1673 1708 1833 1745 eorum,

86 1754 156 1808 qui
185 1753 288 1794 haec
318 1753 480 1794 minora
511 1754 870 1802 animadvertunt,
919 1767 1002 1795 non
1041 1753 1234 1807 intelligit
1274 1756 1450 1796 Canachi
1493 1758 1607 1810 signa
1638 1758 1836 1812 rigidiora

87 1828 200 1864 esse,
251 1829 371 1871 quam
412 1822 457 1857 ut
494 1815 707 1857 imitentur
743 1815 986 1857 veritatem?
1041 1815 1258 1858 Calamidis
1289 1819 1392 1858 dura
1423 1817 1492 1858 illa
1521 1818 1714 1873 quidem,
1763 1819 1836 1862 sed

85 1882 225 1918 tamen
254 1877 449 1918 molliora
479 1891 601 1932 quam
634 1877 831 1919 Canachi:
883 1876 1066 1919 nondum
1098 1880 1281 1933 Myronis
1312 1881 1408 1920 satis
1439 1882 1490 1921 ad
1519 1883 1736 1924 veritatem
1767 1885 1885 1924 :id-2⁵

88 1940 236 1985 ducta,
278 1937 361 1980 iam
392 1945 552 1988 tamen,
596 1953 699 1995 quae
729 1953 813 1981 non
844 1940 1005 1982 dubites
1035 1939 1207 1994 pulchra
1238 1940 1398 1983 dicere:
1447 1942 1682 1998 pulchriora
1713 1944 1836 1986 etiam

85 1999 275 2055 Polycliti
305 2006 346 2042 et
375 2003 457 2042 iam
486 2001 607 2056 plane
639 2002 842 2057 perfecta,
885 2008 931 2043 ut
967 2002 1069 2043 mihi
1110 2003 1277 2057 quidem
1317 2005 1449 2046 videri
1480 2004 1624 2050 solent.
1684 2006 1836 2048 Similis

85 2064 128 2104 in
165 2065 326 2120 pictura
361 2063 467 2105 ratio
509 2069 590 2105 est:
635 2065 679 2104 in
718 2077 798 2118 qua
834 2064 992 2106 Zeuxin
1031 2070 1071 2106 et
1110 2065 1381 2120 Polygnotum
1422 2072 1463 2108 et
1501 2068 1759 2110 Timanthem
1799 2074 1839 2110 et

87 2139 254 2175 eorum,
287 2127 357 2183 qui
387 2141 472 2168 non
502 2131 595 2168 sunt
624 2125 689 2168 usi
719 2125 810 2181 plus
842 2139 963 2182 quam
986 2132 1179 2181 quattuor
1200 2128 1432 2177 coloribus,
1463 2130 1620 2171 formas
1643 2136 1683 2171 et
1711 2129 1840 2172 linea-

87 2195 226 2230 menta
267 2189 501 2231 laudamus:
549 2194 589 2230 at
626 2187 670 2229 in
707 2189 915 2237 Echione,
961 2189 1234 2239 Nicomacho,
1282 2193 1534 2246 Protogene,
1582 2192 1727 2248 Apelle
1757 2192 1837 2235 iam
1852 2207 1887 2234 ³0

87 2250 274 2307 perfecta
303 2257 398 2293 sunt
428 2252 582 2293 omnia.
643 2253 712 2292 71.
746 2253 798 2292 Et
826 2252 967 2294 nescio
998 2266 1050 2294 an
1079 2254 1251 2309 reliquis
1280 2252 1323 2294 in
1353 2257 1476 2297 rebus
1506 2254 1697 2297 omnibus
1728 2257 1838 2297 idem

91 2313 274 2355 eveniat:
323 2313 426 2355 nihil
464 2320 526 2355 est
560 2314 672 2355 enim
711 2313 831 2355 simul
871 2320 912 2355 et
941 2314 1154 2356 inventum
1184 2321 1225 2358 et
1253 2315 1505 2370 perfectum;
1554 2332 1630 2360 nec
1660 2316 1839 2360 dubitari

91 2374 234 2425 debet,
269 2377 368 2432 quin
397 2375 549 2418 fuerint
578 2381 672 2417 ante
704 2378 935 2418 Homerum
963 2383 1134 2432 poetae,
1175 2381 1287 2433 quod
1324 2394 1376 2421 ex
1414 2381 1472 2422 eis
1503 2380 1749 2423 carminibus
1779 2382 1840 2422 in-

90 2438 219 2494 telligi
249 2444 404 2493 potest,
450 2452 555 2493 quae
592 2437 701 2494 apud
738 2438 853 2480 illum
894 2444 935 2480 et
970 2441 1012 2481 in
1041 2442 1274 2482 Phaeacum
1309 2447 1350 2484 et
1378 2442 1422 2485 in
1451 2457 1677 2498 procorum
1708 2443 1838 2498 epulis

92 2507 308 2545 canuntur.
366 2502 506 2551 Quid,
538 2502 671 2542 nostri
700 2507 861 2543 veteres
890 2514 1033 2543 versus
1062 2504 1135 2544 ubi
1166 2507 1292 2545 sunt?
1852 2517 1886 2543 35

368 2606 424 2614 —
453 2606 507 2613 —-
536 2596 632 2636 quos
662 2583 757 2623 olim
781 2583 912 2624 Fauni
942 2589 1124 2638 vatesque
1154 2586 1366 2634 canebant,

369 2647 467 2688 Cum
496 2659 616 2699 neque
647 2645 857 2686 Musarum
885 2647 1064 2700 scopulos
1090 2648 1298 2703 quisquam
1327 2656 1560 2704 superarat,

369 2709 448 2749 Nec
478 2708 574 2748 dicti
602 2708 798 2748 studiosus
826 2715 912 2750 erat
940 2731 995 2740 —
1023 2732 1078 2740 —

369 2770 470 2811 Ante
496 2771 624 2820 hun03
655 2792 709 2800 —
738 2793 792 2801 —

95 2850 152 2893 ait
186 2851 275 2907 ipse
313 2851 365 2892 de
402 2864 473 2901 se,
519 2864 596 2893 nec
635 2850 830 2893 mentitur
866 2852 908 2894 in
947 2852 1180 2906 gloriando.
1243 2853 1311 2896 Sic
1342 2855 1450 2897 enim
1481 2867 1571 2896 sese
1599 2868 1666 2897 res
1694 2856 1890 2899 habet.40

189 2982 224 3015 4.
251 2988 282 3015 et
307 2991 385 3016 cum
411 2982 629 3025 Heusingero
653 2984 795 3017 seclusit
819 2983 861 3015 T.
891 3000 931 3007 —
958 2985 1146 3018 inscientia
1171 2986 1292 3019 Lamb.
1318 3003 1361 3009 -
1403 2987 1436 3018 hi
1461 2987 1521 3028 Lg.
1548 2987 1582 3019 8.
1610 2986 1667 3020 39.
1695 2989 1752 3021 51.
1778 2990 1837 3023 53.

96 3030 153 3064 58.
181 3029 239 3062 68.
265 3030 324 3061 70.
353 3029 418 3062 Gu.
448 3031 508 3062 1.:
536 3033 564 3062 ii
589 3039 667 3063 cum
693 3034 816 3064 ceteris
836 3031 874 3062 E.
904 3048 942 3054 —
970 3031 1004 3063 6.
1031 3040 1073 3063 ne
1099 3032 1343 3070 Camerarius,
1370 3033 1517 3065 Lamb.:
1544 3043 1614 3065 non
1640 3043 1715 3067 cum
1743 3036 1838 3070 libris

99 3078 258 3111 omnibus
286 3077 324 3108 E.
353 3075 437 3115 (non
459 3081 645 3109 noverunt.
698 3078 789 3117 Quid
815 3078 934 3109 enim?
972 3081 1127 3116 speciose
1152 3078 1357 3120 Manutius.)
1394 3097 1436 3101 —
1473 3080 1507 3111 7.
1548 3080 1692 3113 Catones
1717 3082 1837 3118 Lamo.

98 3125 202 3158 Sch.:
239 3123 382 3156 Catonis
408 3122 519 3155 Codd.
547 3133 690 3162 omnes,
716 3125 787 3156 RE.
818 3141 858 3147 —
892 3125 948 3155 12.
976 3128 1030 3160 ec,
1064 3129 1101 3156 ut
1125 3127 1244 3165 aptior
1269 3126 1329 3166 Lg.
1357 3126 1413 3157 51.
1443 3126 1529 3159 Ven.
1556 3127 1589 3160 2.
1618 3128 1763 3168 ottob..
1801 3133 1840 3163 ut

98 3174 132 3204 lu
160 3173 273 3211 priore
300 3169 364 3201 Ed.
393 3171 587 3202 coniecerat
612 3171 770 3203 Ellendt:
800 3174 839 3202 ut
863 3172 981 3209 aptior
1006 3171 1067 3212 Lg.
1087 3171 1144 3203 56.
1163 3172 1220 3204 70.
1242 3172 1384 3210 Lamb.,
1412 3178 1443 3204 ec
1467 3173 1586 3214 aptior
1610 3182 1687 3207 cum
1714 3179 1839 3209 ceteris

98 3219 172 3251 RE.
199 3233 240 3240 —
273 3217 330 3248 22.
357 3225 429 3247 una
456 3220 531 3247 arte
555 3217 692 3249 dicendi
716 3218 758 3249 Ι).
785 3217 845 3257 Lg.
872 3217 905 3249 8.
932 3216 987 3248 35.
1015 3217 1072 3248 53.
1100 3218 1157 3249 56.
1184 3218 1240 3250 58.
1268 3218 1324 3250 68.
1351 3219 1409 3250 70.
1437 3219 1504 3252 Gu.
1532 3221 1566 3252 1.
1585 3220 1619 3254 2.
1639 3222 1687 3261 R,
1721 3222 1837 3256 Peter.

101 3283 142 3290 —
167 3264 225 3297 27.
252 3263 414 3304 Polycliti
440 3270 517 3294 cum
543 3264 744 3296 melioribus
771 3263 880 3295 Codd.
910 3264 1067 3295 Ellendt:
1094 3263 1260 3305 Polycleti
1286 3273 1363 3296 cum
1390 3265 1464 3298 alus
1489 3266 1528 3298 E.
1556 3284 1598 3290 —
1623 3268 1679 3300 28.
1707 3269 1840 3301 Zeuxin

99 3312 162 3353 Lg.
188 3312 257 3344 51:
287 3311 409 3343 Ceusin
434 3309 486 3347 R,
513 3309 654 3341 Zeuxim
680 3318 756 3342 cum
783 3310 955 3350 plerisque
983 3310 1024 3341 Ε.
1055 3326 1091 3333 -
1123 3311 1339 3342 Timanthem
1364 3311 1506 3354 Meyer:
1548 3313 1737 3348 Timantem
1760 3324 1838 3349 cum

102 3358 213 3392 Codd.
239 3357 316 3390 RE.
351 3373 392 3381 —
419 3355 477 3388 30.
502 3356 651 3390 Echione
674 3357 840 3398 Repeuu.
868 3356 909 3390 L.
932 3356 1040 3390 Sch.:
1067 3355 1208 3390 Aetione
1233 3366 1311 3390 cum
1336 3357 1445 3393 Codd.
1473 3359 1649 3403 plerisque
1675 3362 1714 3395 E.
