2117 3762
278 249 328 290 14
946 246 1015 285 AD
1047 246 1358 288 IIERENNIUM

275 359 415 410 posset
444 352 700 395 inventiones
730 350 779 392 ad
809 363 931 392 unam
961 363 1167 406 quamque
1198 350 1532 392 constitutionem
1564 355 1633 392 aut
1653 355 1809 405 partem
1834 351 2031 394 constitu-

276 417 397 459 tionis
420 414 744 457 accommodare.
806 415 857 452 Et
886 411 984 452 item
1015 426 1115 466 quas
1145 416 1540 466 argumentationes,
1573 427 1672 468 quas
1697 413 1844 454 Graeci
1873 415 2031 464 ἐπιχει-

276 481 447 534 ρήματα
478 477 702 533 appellant,
735 474 873 529 sequi,
907 487 1007 528 quas
1038 477 1167 514 vitare
1198 481 1431 529 oporteret3
1480 490 1658 531 quorum
1689 480 1910 530 utrumque
1939 489 2032 530 per-

275 542 374 584 tinet
403 540 452 582 ad
483 537 835 580 contii-mationem
865 541 904 576 et
935 535 1272 578 confutationem.
1330 538 1489 580 Deinde
1521 539 1572 580 ad
1600 545 1832 580 extremum
1864 538 2031 580 docebi-

244 618 384 651 smus‚
432 600 662 644 cuiusmodi
703 596 1037 639 conclusionibus
1078 598 1311 640 orationum
1352 600 1410 641 uti
1441 607 1653 656 oporteat;
1701 603 1771 657 qui
1801 601 1917 642 locus
1946 606 2032 642 erat

274 673 482 707 extremus
513 663 562 704 de
594 676 666 703 sex
696 660 885 716 partibus
921 661 1132 700 orationis.

383 727 560 769 Primum
592 738 689 777 crgo
722 736 989 778 quaeremus,
1036 721 1388 776 quemadmodum
1426 738 1632 780 quamque
1672 739 1835 766 causam
1867 727 2030 766 tractari

273 790 498 832 conveniat.
556 789 605 827 Et
650 785 842 826 nimirum
887 784 1228 831 coniecturalem,
1269 799 1374 839 quae
1405 787 1536 840 prima
1567 801 1757 843 quaeque
1789 786 2030 828 difficillima

272 860 351 900 est,
383 849 639 907 potissimum
672 847 995 888 consideremus.
1055 849 1094 887 3.
1125 849 1170 887 In
1201 860 1324 888 causa
1355 847 1621 890 coniecturali
1651 853 1833 891 narratio
1866 863 2032 891 aecusa-

223 930 256 954 ιο
272 915 369 956 toris
409 911 665 967 suspiciones
706 909 936 951 interiectas
976 914 1014 950 et
1046 907 1252 962 dispersas
1291 907 1444 950 habere
1476 909 1619 957 debet,
1665 920 1713 953 ut
1741 912 1841 954 nihil
1870 918 2029 960 actum,

270 977 368 1019 nihil
400 975 572 1021 dictum,
619 986 819 1027 nusquam
850 977 1017 1013 ventum
1057 976 1127 1011 aut
1166 969 1344 1019 abitum,
1391 971 1493 1013 nihil
1532 972 1710 1028 denique
1749 974 1901 1016 sactum
1941 975 2030 1016 sine

271 1053 390 1081 eausa
423 1044 600 1092 putetur.
658 1034 895 1077 Defensoris
927 1033 1105 1074 narratio
1139 1033 1369 1089 simplicem
1399 1040 1439 1075 et
1469 1034 1693 1077 dilucidam
1725 1037 2029 1092 expositionem

270 1101 392 1144 debet
433 1098 602 1146 habere,
653 1112 745 1139 cum
787 1095 1067 1138 attenuatione
1103 1096 1364 1151 suspicionis.
1427 1097 1560 1139 Huius
1592 1099 1896 1141 constitutionis
1926 1100 2029 1141 ratio

268 1164 308 1205 in
342 1177 416 1205 sex
445 1170 579 1217 partes
611 1167 671 1202 est
701 1159 937 1202 distributa:
987 1157 1225 1213 probabile,
1270 1159 1554 1209 collationem,
1596 1161 1780 1216 signum,
1811 1176 2031 1217 argumen-

218 1233 373 1271 15tum,
407 1223 760 1269 consecutionem,
798 1220 1152 1277 approbationem.
1212 1224 1371 1264 Horum
1403 1238 1531 1265 uuum
1553 1224 1737 1280 quidque
1758 1225 1855 1281 quid
1877 1226 2028 1275 valeat,

267 1291 511 1343 aperiemus.
570 1283 787 1327 Probabile
820 1289 901 1330 est,
946 1296 1021 1338 per
1061 1283 1174 1338 quod
1217 1284 1416 1339 probatur
1458 1286 1677 1341 expedisse
1721 1285 1823 1342 [reo]
1856 1302 2030 1343 peccare

268 1358 308 1393 et
348 1350 398 1392 ab
440 1348 564 1391 simili
607 1346 858 1403 turpitudine
897 1345 1109 1387 hominem
1153 1361 1362 1403 nunquam
1407 1349 1604 1391 abfuisse.
1667 1349 1713 1391 Id
1753 1350 1949 1393 dividitur
1986 1352 2029 1393 in

267 1427 431 1455 causam
461 1418 501 1454 et
531 1411 571 1453 in
600 1411 737 1453 vitam.
798 1412 925 1451 Causa
957 1413 1018 1449 est
1047 1421 1118 1456 ea,
1161 1422 1265 1463 quae
1296 1409 1460 1452 induxit
1489 1411 1540 1452 ad
1566 1411 1814 1454 maleficium
1846 1427 2029 1455 commo·

268 1476 415 1518 dorum
445 1489 518 1529 spe
548 1480 617 1516 aut
645 1471 1004 1515 incommodorum
1034 1469 1253 1519 vitatione,
1299 1478 1345 1514 ut
1375 1487 1469 1514 cum
1506 1474 1738 1528 quaeritur,
1785 1489 1884 1516 num
1916 1475 2030 1532 quod

217 1553 252 1578 20
268 1539 531 1581 commodum
572 1535 774 1578 maleficio
820 1532 1057 1590 appetierit,
1108 1548 1206 1575 num
1245 1537 1468 1582 honorem,
1518 1550 1616 1578 num
1647 1536 1884 1591 pecuniam,
1929 1552 2029 1579 num

267 1601 611 1649 dominationem3
662 1613 760 1640 num
798 1598 976 1652 aliquam
1019 1595 1288 1651 cupiditatem
1325 1598 1478 1639 amoris
1510 1604 1580 1639 aut
1610 1599 1815 1640 eiusmodi
1844 1599 2028 1642 libidinis

265 1665 446 1706 voluerit
476 1664 669 1718 explere;
718 1665 788 1701 aut
826 1674 924 1700 num
956 1663 1067 1715 quod
1112 1662 1423 1702 incommodum
1453 1661 1615 1710 vitarit,
1661 1663 1920 1710 inimicitias,
1966 1663 2029 1702 in-

265 1727 460 1775 famiam,
496 1727 708 1772 dolorem,
750 1724 1013 1777 supplicium.
1075 1725 1148 1764 111.
1194 1726 1234 1764 4.
1285 1724 1363 1763 Hic
1395 1730 1612 1766 aecusator
1642 1725 1686 1765 in
1716 1738 1788 1780 spe
1819 1725 2029 1766 commodi

267 1791 532 1844 cupiditatem
578 1788 769 1829 ostendet
815 1787 1065 1834 adversarii,
1124 1788 1167 1827 in
1214 1787 1412 1827 vitatione
1458 1788 1714 1829 incommodi
1760 1786 2029 1828 formidinem

217 1874 251 1899 25
266 1850 454 1906 augebit:
507 1851 702 1891 defensor
740 1853 878 1889 autem
917 1848 1088 1902 negabit
1125 1850 1253 1890 fuisse
1292 1863 1488 1898 causam,
1541 1851 1575 1891 si
1606 1851 1784 1904 poterit,
1834 1855 1905 1891 aut
1936 1864 2027 1892 eam

265 1915 535 1955 vehementer
579 1913 846 1961 extenuabit3
910 1913 1061 1953 deinde
1102 1913 1289 1967 iniquum
1332 1926 1421 1953 esse
1462 1913 1573 1953 dicet
1617 1925 1784 1961 omnes,
1833 1913 1885 1953 ad
1923 1926 2027 1968 quos

266 1977 421 2032 aliquid
454 1977 721 2018 emolumenti
761 1990 813 2016 ex
852 1976 990 2030 aliqua
1030 1988 1075 2015 re
1106 1975 1371 2029 pervenerit,
1423 1975 1466 2014 in
1510 1975 1790 2029 suspicionem
1832 1975 2028 2015 maleficii

267 2040 483 2089 devocari3
517 2040 666 2080 deinde
696 2040 779 2079 vita
809 2039 991 2079 hominis
1023 2052 1075 2078 ex
1104 2043 1200 2078 ante
1230 2038 1348 2077 factis
1381 2038 1650 2092 spectabitur.
1731 2039 1772 2078 5.
1823 2034 1883 2090 [In
1923 2034 2021 2092 quo]

264 2103 443 2157 primum
482 2101 761 2143 considerabit
804 2106 1043 2148 accusator,
1097 2114 1197 2141 num
1237 2101 1403 2155 quando
1442 2101 1577 2140 simile
1619 2100 1720 2154 quid
1760 2100 1920 2140 fecerit.
1983 2099 2028 2139 Si

217 2185 251 2211 30
266 2166 307 2205 id
337 2178 421 2206 non
452 2165 652 2219 reperiet,
688 2170 884 2219 quaeret,
919 2177 1019 2204 num
1050 2165 1217 2218 quando
1248 2163 1410 2204 venerit
1440 2163 1483 2202 in
1515 2163 1693 2203 similem
1715 2162 2024 2217 suspicionem;

267 2232 307 2268 et
347 2229 390 2267 in
432 2240 482 2268 eo
523 2225 692 2268 debebit
733 2240 822 2268 esse
861 2231 1110 2282 occupatus,
1163 2231 1209 2266 ut
1247 2227 1300 2266 ad
1339 2239 1430 2267 eam
1469 2239 1635 2266 causam
1664 2225 1850 2281 peccati,
1903 2237 2028 2278 quam

263 2290 405 2345 paullo
436 2295 529 2330 ante
561 2290 826 2344 exposuerit,
878 2290 962 2331 vita
992 2289 1173 2330 hominis
1211 2289 1343 2343 possit
1379 2289 1710 2337 accommodari,
1758 2288 1840 2329 hoc
1870 2288 2022 2328 modo:

267 2353 309 2392 Si
340 2353 449 2393 dicet
478 2354 678 2407 pecuniae
713 2366 836 2393 causa
865 2353 1045 2401 fecisse,
1094 2353 1288 2393 ostendet
1327 2365 1423 2392 eum
1459 2364 1623 2407 semper
1664 2364 1837 2391 avarum
1865 2350 2023 2400 fuisse;

266 2416 300 2455 si
338 2416 534 2463 honoris,
585 2416 876 2465 ambitiosum3
924 2416 981 2455 ita
1019 2415 1176 2470 poterit
1213 2413 1342 2455 animi
1378 2415 1524 2455 vitium
1568 2427 1661 2454 cum
1704 2426 1826 2454 causa
1865 2413 2026 2468 peccati

218 2497 251 2523 35
267 2479 568 2532 conglutinare.
645 2479 688 2519 Si
725 2492 808 2520 non
849 2479 1004 2533 poterit
1047 2491 1121 2533 par
1158 2479 1286 2519 animi
1326 2478 1473 2519 vitium
1518 2490 1613 2518 cum
1651 2490 1774 2517 causa
1812 2475 2022 2530 reperire,

266 2542 447 2596 reperiat
478 2542 631 2596 dispar.
706 2542 748 2581 Si
778 2555 861 2583 non
891 2541 1046 2596 poterit
1076 2554 1245 2581 avarum
1278 2542 1587 2589 demonstrare,
1641 2542 1896 2580 demonstret
1934 2550 2027 2588 cor-

265 2608 481 2658 ruptorem
524 2605 591 2644 vel
637 2602 927 2659 perfidiosum,
978 2603 1012 2643 si
1053 2617 1136 2658 quo
1177 2605 1303 2645 modo
1341 2604 1523 2659 poterit3
1578 2603 1755 2656 denique
1787 2601 1925 2656 aliquo
1956 2604 2025 2640 aut

267 2679 392 2721 quam
434 2666 624 2722 plurimis
667 2665 776 2707 vitiis
820 2666 1118 2707 contaminabit
1159 2679 1412 2721 personam3
1461 2666 1611 2706 deinde
1643 2665 1713 2719 qui
1743 2664 1847 2703 illud
1877 2661 2025 2703 fecerit

356 2780 391 2811 2.
416 2781 495 2812 item
520 2780 639 2821 quales
665 2780 716 2818 B,
744 2780 769 2811 L
787 2803 795 2818 ,
824 2779 947 2813 Graev.
976 2796 1017 2801 —
1042 2779 1076 2811 3.
1105 2788 1192 2819 quas
1218 2780 1304 2812 BT:
1334 2785 1366 2812 et
1393 2788 1480 2820 quas
1497 2779 1575 2816 BE,
1603 2777 1721 2819 quales
1739 2776 1868 2808 PABF.
1896 2774 2023 2817 (Quin-

268 2833 335 2864 que
374 2835 452 2868 ergo
490 2833 689 2859 nostrorum
715 2836 783 2858 om.
811 2827 871 2866 et.)
898 2844 940 2849 —-
979 2828 1092 2859 vitare
1117 2827 1172 2858 R:
1212 2827 1321 2859 vitari
1345 2827 1489 2862 ABFT,
1533 2826 1646 2857 vecari
1671 2832 1846 2863 superscr.
1874 2823 1888 2854 i
1913 2823 1950 2854 P.
1979 2839 2022 2846 —-

267 2872 302 2902 6.
325 2875 509 2911 proximus
540 2874 698 2905 PAFTE.
750 2874 790 2905 ln
816 2874 843 2905 T
870 2874 975 2906 altera
1013 2874 1114 2905 lectio
1147 2882 1252 2912 supra
1288 2876 1419 2913 scripta
1445 2877 1508 2905 est.
1568 2870 1776 2910 (postremus
1803 2878 1881 2901 cum
1909 2869 2020 2901 Codd.

266 2917 403 2951 Graevii
430 2920 553 2953 Graev.
576 2919 673 2962 Sch.)
694 2938 735 2943 —
762 2921 796 2952 8.
824 2921 868 2952 Et
892 2922 1057 2952 nimirum
1083 2921 1351 2952 coniecturalem
1376 2929 1462 2962 quae
1484 2919 1603 2959 prima
1628 2926 1785 2958 quaeque
1811 2916 2023 2959 difficillima

268 2969 316 2996 est
340 2966 394 2997 T:
438 2967 483 2998 Et
518 2970 681 2999 nimirum
719 2968 982 3000 coniecturalem
998 2990 1005 3001 ,
1047 2975 1134 3008 quae
1167 2969 1288 3007 prima
1314 2973 1347 2999 et
1373 2966 1582 3008 difficillima
1607 2969 1657 2995 esc
1682 2965 1708 2995 E
1728 2987 1737 3001 ,
1786 2964 1833 2995 Et
1855 2965 2023 2995 nimirum

267 3020 437 3052 quamque
463 3014 668 3055 difficillima
693 3018 740 3046 est
765 3015 790 3046 P
807 3038 815 3052 ,
842 3016 887 3046 Et
910 3016 1077 3046 nimirum
1103 3023 1260 3055 quaeque
1284 3014 1491 3056 difficillima
1516 3017 1565 3044 est
1591 3011 1616 3042 F
1643 3014 1676 3043 et
1702 3019 1754 3050 pr.
1781 3011 1832 3048 A,
1859 3012 1905 3042 Et
1922 3011 2022 3041 nimi-

267 3066 344 3088 rum
377 3064 416 3091 uc
453 3069 604 3101 quaeque
639 3061 847 3103 difficillima
883 3066 931 3092 est
954 3061 1000 3098 B,
1044 3063 1090 3093 Et
1117 3062 1282 3091 nimirum
1307 3059 1571 3092 coniecturalem
1599 3066 1675 3089 eam
1699 3065 1786 3098 quae
1809 3056 2022 3098 dffficillima

269 3109 317 3136 est
341 3105 387 3139 B,
430 3106 475 3136 Et
502 3108 665 3138 nimirum
690 3108 953 3140 coniecturalem
979 3117 1054 3139 eam
1080 3116 1168 3148 quae
1190 3109 1309 3147 prima
1333 3114 1483 3147 quaeque
1508 3105 1712 3146 difficillima
1737 3109 1785 3136 est
1810 3104 1853 3135 R.
1883 3120 1919 3126 -
1961 3103 2017 3135 16.

267 3159 325 3183 ‘reo
352 3161 419 3183 om.
441 3152 568 3184 PAFT.
595 3154 662 3186 Nos
681 3156 898 3187 seclusimus.
921 3170 960 3177 —-
988 3155 1045 3186 17.
1072 3155 1114 3186 ab
1134 3153 1337 3185 PABFRT:
1367 3164 1389 3185 a
1408 3153 1447 3184 E.
1469 3169 1511 3175 —
1537 3153 1594 3183 21.
1623 3151 1792 3183 eiusmodi·
1814 3149 2017 3183 PABFRT:

269 3197 465 3229 huiusmodi
490 3199 530 3230 E.
561 3216 597 3222 —
627 3201 684 3231 24.
712 3203 863 3233 ostendet
888 3201 929 3234 de
957 3201 1096 3234 Gruteri
1124 3202 1214 3232 coni.
1247 3202 1412 3240 expunxit
1439 3198 1519 3230 Seu.
1549 3216 1591 3221 —
1617 3199 1675 3230 25.
1699 3198 1857 3238 potuerit
1880 3197 1955 3228 AR.
1980 3213 2015 3219 -

268 3244 326 3275 28.
353 3245 395 3276 In
418 3253 484 3286 quo
510 3255 575 3278 om.
602 3245 718 3278 PAFR
745 3253 777 3279 et
802 3257 852 3286 pr.
873 3248 914 3278 T.
965 3249 1034 3281 Nos
1061 3248 1279 3280 seclusimus.
1318 3264 1355 3270 —-
1400 3245 1457 3277 29.
1481 3246 1638 3285 primum
1662 3244 1867 3275 PABFRT:
1901 3245 2018 3282 primo

270 3290 311 3322 E.
348 3309 382 3315 —
427 3292 484 3323 35.
514 3292 621 3323 animi
647 3302 715 3325 om.
732 3294 758 3324 B
783 3296 929 3334 aliique,
958 3296 1123 3334 expunxit
1150 3293 1230 3326 Sch.
1283 3293 1352 3326 Sed
1378 3293 1485 3326 vetuti
1511 3301 1580 3324 uno
1607 3291 1774 3325 vocabulo
1801 3291 1950 3330 scriptor
1976 3299 2017 3323 eo

269 3338 408 3372 videtur
422 3347 505 3372 usus
531 3347 619 3372 esse.
642 3355 680 3363 —
707 3340 763 3373 37.
789 3351 922 3383 quoquo
947 3341 1021 3374 AT.
1049 3357 1090 3364 —
1118 3340 1175 3374 38.
1203 3342 1444 3375 contaminare
1468 3339 1546 3382 PF,
1573 3339 1646 3372 Ert'.
