2117 3762
752 296 795 337 C.
826 296 892 337 60.
923 297 990 338 61.
1022 298 1089 338 62.
1715 299 1795 339 379

49 403 192 445 exiens
224 417 245 444 e
277 407 432 445 senatu.
491 403 601 449 Iam,
632 401 702 458 qui
734 401 808 443 hac
837 407 953 457 parte
984 404 1132 449 animi,
1175 414 1279 459 quae
1311 405 1450 443 custos
1480 405 1542 443 est
1570 406 1797 443 ceterarum

48 465 204 520 ingenii
236 465 436 521 partium,
468 471 548 506 tam
580 464 726 506 debilis
757 470 884 511 esset,
916 471 959 506 ut
990 480 1040 505 ne
1072 465 1111 506 in
1143 464 1294 520 scripto
1325 465 1492 519 quidem
1526 464 1796 512 meminisset,

48 528 146 584 quid
177 530 314 583 paullo
344 534 439 569 ante
470 526 693 583 posuisset,
739 525 834 568 huic
869 529 1035 568 minime
1067 527 1216 568 mirum
1248 531 1310 567 est
1341 540 1393 567 ex
1425 531 1615 581 tempore
1646 524 1798 566 dicenti

48 591 210 632 solitam
247 588 417 631 effluere
452 595 644 630 mentem.
703 590 798 630 220.
847 591 1008 645 ltaque,
1053 603 1144 631 cum
1177 591 1214 630 ei
1248 603 1323 630 nec
1357 587 1538 630 officium
1569 589 1732 629 deesset
1761 592 1800 628 et

47 654 240 707 flagraret
260 651 396 694 studio
419 652 603 698 dicendi,
635 663 866 706 perpaucae
896 651 947 693 ad
978 666 1071 693 cum
1104 666 1250 693 causae
1281 652 1588 694 deserebantur.
1649 651 1830 691 Orators

47 722 183 756 autem
215 716 319 756 vivis
349 714 436 755 eius
467 712 709 767 aequalibus
742 713 955 766 proximus
986 715 1154 769 optimis
1185 712 1480 755 numerabatur
1508 717 1680 768 propter
1708 726 1801 753 ver-

46 779 197 819 borum
227 778 476 823 bonitatem,
521 781 566 816 ut
596 782 689 816 ante
721 775 830 825 dixi,
879 782 920 817 et
950 777 1186 829 expeditam
1217 790 1264 816 ac
1295 775 1567 830 prolluentem
1600 777 1802 830 quodam-

46 841 172 881 modo
218 838 484 880 celeritatem.
546 839 687 894 Itaque
733 838 820 879 eius
863 839 1072 880 orationes
1117 837 1404 893 adspiciendas
1454 843 1588 878 tamen
1635 851 1799 878 censeo.

47 903 149 943 Sunt
188 900 282 942 illae
320 901 488 954 quidem
531 900 834 953 languidiores,
882 907 1171 942 verumtamen
1212 905 1383 955 possunt
1422 912 1574 952 augere
1614 904 1655 940 et
1685 900 1801 954 quasi

45 963 156 1005 alere
186 963 228 1004 id
258 965 438 1011 honum,
472 967 582 1018 quod
615 963 654 1004 in
687 963 756 1004 illo
790 961 1056 1003 mediocriter
1078 962 1203 1003 fuisse
1228 961 1515 1010 concedimus3
1547 961 1657 1016 quod
1678 961 1851 1003 habetw

45 1032 198 1067 tantam
235 1026 343 1073 vim,
395 1032 440 1066 ut
480 1026 613 1066 solum
653 1026 740 1066 sine
778 1025 869 1066 aliis
910 1027 952 1066 in
992 1025 1172 1066 Curione
1204 1023 1389 1080 speciem
1420 1024 1597 1066 oratoris
1627 1024 1800 1066 alicuius

45 1087 245 1130 effecerit.
308 1088 390 1128 Sed
420 1089 471 1129 ad
503 1088 686 1129 instituta
717 1089 950 1128 redeamus.

156 1152 285 1193 LXII.
318 1152 414 1191 221.
461 1152 505 1191 In
538 1149 684 1191 eodem
717 1150 840 1204 igitur
870 1162 1045 1191 numero
1076 1148 1262 1191 eiusdem
1295 1151 1437 1191 aetatis
1469 1151 1512 1191 C.
1539 1148 1671 1191 Carbo
1701 1148 1800 1197 suit,

43 1214 154 1256 illius
185 1211 515 1268 eloquentissimi
545 1214 622 1253 viri
655 1211 784 1260 filius,
817 1225 899 1252 non
931 1213 1029 1253 satis
1059 1217 1202 1252 acutus
1233 1217 1399 1261 orator3
1441 1211 1511 1253 sed
1543 1217 1679 1254 tamen
1709 1226 1803 1254 ora-

42 1283 111 1318 tor
139 1281 382 1317 numeratus
413 1281 488 1317 est.
546 1277 644 1316 Erat
682 1277 724 1316 in
763 1275 902 1316 verbis
933 1275 1112 1328 gravitas
1142 1280 1182 1315 et
1211 1273 1330 1316 facile
1363 1273 1524 1316 dicebat
1554 1280 1594 1315 et
1623 1276 1850 1316 auctori-1⁵

42 1344 168 1380 tatem
213 1337 442 1378 naturalem
488 1340 694 1391 quandam
739 1337 920 1379 habebat
963 1338 1113 1378 oratio.
1175 1337 1348 1378 Acutior
1392 1338 1441 1387 Q.
1482 1336 1629 1379 Varius
1674 1340 1801 1379 rebus

42 1400 302 1443 inveniendis
332 1414 408 1440 nec
439 1401 574 1441 minus
605 1401 744 1441 verbis
775 1402 1016 1455 expeditus3
1068 1398 1187 1441 fortis
1226 1413 1327 1440 vero
1365 1405 1481 1440 actor
1511 1405 1551 1440 et
1578 1398 1802 1441 vehemens

44 1469 87 1506 et
115 1464 257 1504 verbis
287 1475 364 1504 nec
392 1464 512 1517 inops
542 1475 619 1503 nec
650 1462 832 1504 abiectus
863 1470 903 1504 ct
932 1475 1054 1517 quem
1095 1462 1217 1516 plane
1256 1467 1468 1504 oratorem
1509 1460 1645 1502 dicere
1675 1462 1804 1502 aude-

43 1540 132 1572 res,
165 1525 238 1566 Cn.
265 1524 545 1578 Pomponius,
579 1523 778 1566 lateribus
808 1539 1021 1579 pugnans,
1053 1524 1225 1565 incitans
1247 1526 1427 1573 animos,
1461 1537 1578 1571 acer,
1611 1525 1800 1571 acerbus,

43 1586 303 1629 criminosus.
365 1589 462 1628 222.
496 1587 666 1629 Multum
689 1589 739 1628 ab
764 1587 829 1628 his
860 1587 1006 1628 aberat
1036 1589 1078 1628 L.
1100 1585 1259 1632 Fufius,
1291 1592 1428 1628 tamen
1458 1600 1509 1627 ex
1539 1585 1800 1627 accusatione
1817 1599 1853 1626 πο

42 1652 109 1692 Μ’.
133 1648 289 1704 Aquilii
319 1649 554 1702 diligentiae
575 1651 756 1691 fructum
778 1655 957 1704 ceperat.
1019 1652 1122 1690 Nam
1152 1652 1206 1691 M.
1231 1651 1434 1698 Drusum,
1467 1655 1583 1690 tuum
1607 1661 1801 1702 magnum

43 1714 314 1760 avunculum,
347 1725 516 1766 gravem
547 1719 777 1760 oratorem,
818 1712 875 1753 ita
907 1715 1120 1753 dumtaxat
1149 1725 1241 1753 cum
1272 1714 1322 1753 de
1353 1726 1400 1753 re
1430 1710 1595 1766 publica
1625 1711 1802 1761 diceret;

41 1775 89 1815 L.
119 1780 256 1816 autem
286 1775 503 1815 Lucullum
537 1774 660 1815 etiam
691 1779 882 1822 acutum,
925 1781 1168 1830 patremque
1198 1780 1337 1821 tuum,
1381 1778 1526 1821 Brute,
1567 1773 1670 1815 iuris
1700 1787 1804 1830 quo-

42 1850 124 1892 que
156 1843 197 1878 et
225 1835 378 1891 publici
410 1842 452 1877 et
480 1836 631 1889 privati
661 1850 758 1877 sane
788 1836 990 1890 peritum3
1021 1840 1074 1878 M.
1097 1836 1332 1885 Lucullum,
1366 1839 1420 1878 M.
1452 1837 1691 1886 Octavium,
1725 1837 1800 1878 Cn.

41 1900 115 1947 F„
162 1901 231 1953 qui
270 1904 426 1940 tantum
466 1901 708 1940 auctoritate
748 1900 1009 1953 dicendoque
1049 1899 1197 1947 valuit,
1250 1905 1296 1940 ut
1333 1899 1465 1953 legem
1514 1898 1852 1954 Semproniam2⁵

40 1959 354 2002 frumentariam
396 1961 540 2015 populi
578 1962 809 2015 frequentis
855 1960 1063 2015 suffragiis
1109 1963 1400 2015 abrogaverit;
1453 1962 1526 2002 Cn.
1559 1961 1799 2009 Octavium,

39 2026 93 2066 M.
125 2025 192 2071 F„
239 2025 294 2065 M.
328 2023 526 2064 Catonem
567 2029 746 2077 patrem,
795 2025 847 2073 Q.
888 2025 1010 2065 etiam
1056 2023 1244 2065 Catulum
1285 2022 1415 2064 filium
1460 2022 1712 2064 abducamus
1752 2036 1805 2064 ex

40 2085 150 2135 acie,
192 2088 233 2127 id
265 2091 350 2134 est,
391 2099 415 2126 a
444 2086 634 2134 iudiciis,
678 2091 717 2127 et
747 2086 789 2126 in
819 2086 1037 2139 praesidiis
1070 2088 1130 2127 rei
1160 2086 1370 2141 publicae,
1401 2087 1466 2127 cui
1496 2085 1616 2127 facile
1647 2085 1806 2128 satisfa-

41 2162 136 2190 cere
177 2148 360 2204 possint,
408 2147 674 2193 collocemus.
733 2149 828 2190 223.
873 2148 1029 2190 Eodem
1073 2150 1122 2198 Q.
1161 2151 1409 2204 Caepionem
1454 2148 1678 2198 referrem,
1726 2149 1805 2189 nisi

39 2212 165 2252 nimis
202 2211 383 2266 equestri
423 2210 561 2252 ordini
601 2210 762 2252 deditus
792 2224 815 2252 a
845 2218 991 2253 senatu
1022 2212 1275 2253 dissedisset.
1335 2211 1408 2251 Cn.
1444 2209 1699 2259 Carbonem,
1745 2213 1800 2252 M.
1817 2221 1854 2248 ao

40 2272 216 2314 Marium
257 2277 297 2313 et
335 2285 386 2312 ex
425 2274 573 2313 eodem
614 2286 765 2327 genere
807 2273 1043 2327 complures
1083 2273 1252 2314 minime
1292 2275 1439 2327 dignos
1470 2275 1672 2327 elegantis
1704 2287 1804 2314 con-

39 2340 188 2377 ventus
225 2335 395 2375 auribus
435 2334 670 2388 aptissimos
708 2335 885 2389 cognovi
916 2337 1163 2376 turbulentis
1194 2336 1472 2380 contionibus.
1533 2337 1628 2386 Quo
1659 2337 1701 2376 in
1733 2350 1803 2389 ge-

39 2411 140 2439 nere
185 2395 318 2448 (utin
347 2397 411 2437 his
440 2399 680 2449 perturbem
717 2404 897 2439 actatum
938 2399 1146 2447 ordinem)
1194 2412 1325 2453 nuper
1360 2400 1407 2439 L.
1449 2398 1667 2448 Quinctius
1705 2397 1801 2449 fuit;

39 2458 178 2515 aptior
220 2460 344 2499 etiam
379 2458 594 2500 Palicanus
634 2460 806 2501 auribus
853 2460 1158 2515 imperitorum.
1217 2462 1312 2502 224.
1361 2463 1411 2501 Et
1448 2461 1641 2516 quoniam
1680 2462 1803 2503 huius

40 2521 206 2575 generis
235 2520 343 2562 facta
373 2521 529 2563 mentio
563 2527 647 2570 est,
691 2522 984 2564 seditiosorum
1016 2522 1201 2563 omnium
1232 2528 1323 2577 post
1355 2525 1564 2565 Gracchos
1595 2526 1640 2565 L.
1665 2525 1803 2579 Appu-
1816 2536 1852 2564 as

39 2583 144 2625 leius
176 2585 425 2625 Saturninus
456 2585 821 2638 eloquentissimus
850 2587 962 2626 visus
994 2591 1078 2635 est3
1118 2587 1248 2639 magis
1278 2587 1417 2638 specie
1448 2592 1584 2628 tamen
1615 2590 1656 2627 et
1685 2590 1801 2627 motu

42 2652 165 2700 atque
195 2646 288 2701 ipso
327 2646 482 2688 amictu
511 2645 699 2701 capiebat
729 2647 917 2688 homines
948 2661 1070 2702 quam
1103 2653 1174 2688 aut
1203 2647 1366 2689 dicendi
1397 2648 1515 2703 copia
1545 2653 1614 2689 aut
1643 2647 1801 2688 medio-

42 2708 187 2749 critate
216 2710 475 2764 prudentiae.
535 2711 676 2763 Longe
713 2715 850 2751 autem
889 2716 983 2765 post
1022 2716 1139 2751 natos
1168 2711 1358 2752 homines
1389 2711 1720 2764 improbissimus
1751 2709 1796 2750 C.

42 2769 240 2812 Servilius
287 2771 473 2820 Glaucia,
520 2773 591 2812 sed
632 2777 852 2826 peracutus
891 2778 932 2813 et
972 2772 1142 2814 callidus
1182 2786 1276 2814 cum
1315 2772 1544 2827 primisque
1582 2770 1795 2812 ridiculus.

41 2833 81 2873 Is
124 2845 176 2873 ex
210 2833 384 2874 summis
423 2839 464 2874 et
500 2833 692 2875 fortunae
730 2839 770 2874 et
808 2834 915 2875 vitae
954 2834 1147 2876 sordibus
1187 2836 1228 2876 in
1267 2841 1461 2890 praetura
1492 2835 1635 2876 consul
1665 2832 1797 2875 factus
1813 2847 1850 2874 40

133 2951 168 2983 7.
194 2953 402 2984 varietatem
427 2953 468 2985 R.
498 2971 535 2977 --
566 2954 623 2986 16.
651 2955 829 2986 Ernestius
853 2962 930 2985 cum
957 2954 1132 2995 plerisque
1157 2955 1246 2986 Edd.
1267 2955 1464 2996 distinguit:
1492 2954 1636 2985 Acutior
1660 2970 1674 2976 -
1699 2970 1714 2976 -
1738 2963 1800 2986 au-

43 2998 149 3030 deres.
201 2997 263 3029 Cn.
304 2999 512 3038 Pomponius
545 3007 633 3039 ceu,
673 3003 716 3032 ita
753 3004 790 3031 ut
825 3010 878 3033 vv.
905 3002 1006 3041 sortis
1030 3017 1043 3022 -
1068 3017 1081 3023 —
1114 3002 1256 3033 auderes
1287 3002 1479 3034 reserantur
1504 3002 1545 3032 ad
1573 3001 1615 3041 Q.
1640 3000 1797 3032 Varium.

41 3046 111 3078 Nos
145 3049 272 3077 rectam
310 3047 625 3084 interpunctionem
654 3049 704 3086 R,
743 3047 823 3079 Asc.
861 3057 932 3087 pr„
971 3046 1071 3084 Aldi,
1109 3048 1251 3079 Victorii
1279 3051 1387 3081 secuti
1416 3056 1546 3079 sumus.
1589 3064 1624 3070 -
1665 3047 1722 3078 20.
1749 3047 1801 3079 his

43 3092 155 3124 Codd.
186 3093 362 3131 plerique.
391 3094 437 3124 R:
465 3095 509 3124 iis
536 3103 613 3126 cum
643 3096 762 3134 paucis
791 3095 829 3125 E.
862 3110 897 3115 -
926 3094 981 3124 21.
1010 3094 1174 3134 Aqusslii,
1202 3095 1401 3132 utassolet,
1431 3096 1456 3126 E
1483 3097 1601 3126 contra
1628 3093 1738 3125 Codd.
1756 3110 1800 3117 —

41 3139 100 3172 28.
128 3139 191 3171 Vv.
217 3137 255 3168 id
280 3140 350 3171 ese,
391 3148 414 3169 a
447 3138 505 3179 (ab
533 3150 551 3172 e
585 3141 696 3172 Codd.
724 3142 808 3181 aliq.
838 3137 1001 3178 Ellendt.)
1039 3143 1112 3172 sine
1150 3149 1251 3173 causa
1287 3145 1451 3179 suspecta
1489 3145 1588 3172 erant
1620 3140 1798 3179 Mamilio,

42 3186 235 3223 Lambino,
263 3184 471 3218 Ruhnkenio
498 3187 540 3217 ad
567 3187 690 3220 Vellei.
717 3188 759 3224 2,
786 3187 842 3218 23.
872 3187 940 3218 Csr.
969 3186 1093 3217 Parad.
1121 3187 1280 3219 Prooem-
1305 3186 1342 3227 ὅ.
1361 3188 1398 3220 4.
1425 3188 1467 3220 cle
1485 3187 1594 3218 Amic.
1623 3185 1661 3227 §-
1682 3187 1740 3219 97.
1760 3203 1797 3211 ·-·

42 3231 100 3263 33.
127 3232 179 3263 his
205 3232 266 3272 Lg.
295 3239 414 3263 omnes
442 3237 579 3272 praeter
605 3210 882 3269 duos,’1t:iis
909 3233 1029 3264 Lamb.
1059 3234 1096 3264 E.
1133 3251 1174 3256 —
1217 3235 1394 3273 Quinctius
1421 3234 1481 3275 Lg.
1510 3233 1543 3265 8.
1573 3233 1629 3266 35.
1656 3234 1713 3266 51.
1740 3232 1798 3265 58.

41 3279 99 3311 70.
127 3279 216 3311 Ven.
245 3280 277 3310 1.
291 3277 492 3317 :Quintius
517 3279 587 3310 RE.
620 3296 657 3302 —
686 3279 742 3310 34.
770 3281 889 3319 aptior
914 3280 1016 3310 eciam
1042 3279 1152 3311 Codd.
1175 3284 1305 3311 tantum
1325 3289 1392 3311 non
1413 3289 1533 3314 omnes
1552 3285 1587 3312 et
1605 3280 1654 3313 R.
1683 3281 1800 3320 aptior

42 3330 157 3358 autem
187 3325 293 3363 Asc.‚
332 3326 449 3364 aptior
485 3330 598 3357 autem
630 3327 735 3356 etiam
769 3327 827 3366 Lg.
856 3326 911 3358 68.
941 3330 1076 3358 etcum
1102 3325 1190 3358 Aldo
1216 3326 1337 3358 Lamb.
1366 3327 1404 3359 Ε.
1440 3344 1484 3350 -
1523 3328 1580 3360 35.
1607 3327 1799 3369 Appuleius

45 3371 155 3406 Codd.
180 3372 362 3414 plerique:
402 3371 565 3412 Apuleius
589 3379 668 3404 cum
694 3375 814 3413 paucis
839 3372 890 3411 R,
916 3372 1037 3405 Lamb.
1066 3372 1105 3404 E.
