2117 3762
255 248 339 290 258
953 246 1024 286 DE
1056 245 1303 287 ORATORE

254 359 299 397 tu
326 354 454 403 velis,
486 353 636 401 iudeX,
670 350 705 392 si
733 354 779 391 tu
807 348 895 404 ipse
925 347 968 390 id
997 350 1109 391 lente
1139 350 1250 393 serre
1280 351 1468 401 videare;
1498 362 1635 405 neque
1658 353 1704 391 ut
1733 349 1869 391 oderit
1900 363 2009 398 eum,

254 432 378 474 quem
416 423 460 460 tu
500 414 625 463 velis,
668 411 749 453 nisi
780 415 820 452 te
851 410 987 465 ipsum
1018 413 1258 466 flagrantem
1297 413 1394 455 odio
1433 418 1527 454 ante
1569 411 1742 462 viderit3
1793 426 1928 466 neque
1959 411 2011 454 ad

252 480 582 523 misericordiam
612 473 861 523 adducetur,
895 473 973 514 nisi
1003 478 1048 515 tu
1079 475 1116 514 ei
1146 476 1263 530 signa
1292 475 1449 517 doloris
1480 475 1538 516 tui
1570 473 1734 523 verbis,
1773 475 2009 523 sententiis,

252 557 374 592 voce,
418 541 557 588 vultu,
605 535 955 578 collacrimatione
996 537 1177 592 denique
1209 541 1454 581 ostenderis.
1516 541 1566 580 Ut
1597 539 1706 579 enim
1738 537 1853 578 nulla
1882 543 2012 578 mate-

222 607 333 646 sries
370 610 452 646 tam
489 600 621 644 facilis
658 601 710 641 ad
748 598 1104 641 exardescendum
1145 604 1230 649 est,
1282 615 1386 656 quae
1424 601 1503 643 nisi
1542 600 1708 643 admoto
1749 601 1835 654 igni
1873 601 2012 654 ignem

251 669 470 721 concipere
500 662 656 718 possit,
690 663 748 704 sic
777 662 891 703 nulla
922 675 1038 704 mens
1070 666 1132 703 est
1161 666 1244 703 tam
1274 663 1325 705 ad
1355 663 1791 720 comprehendendam
1813 664 1897 705 vim
1918 676 2013 704 ora-

250 730 353 772 toris
394 732 559 782 parata,
613 739 719 781 quae
759 724 893 781 possit
929 724 1121 773 incendi,
1172 724 1252 765 nisi
1290 724 1564 769 inflammatus
1603 727 1693 783 ipse
1736 725 1788 768 ad
1833 739 1923 767 eam
1972 730 2014 767 et

249 792 396 834 ardens
426 789 661 831 accesserit.
721 789 868 831 XLVI.
919 789 1011 831 191.
1057 790 1141 836 Ac,
1187 802 1239 828 ne
1270 789 1351 829 hoc
1381 788 1489 831 forte
1520 804 1713 845 magnum
1744 803 1792 830 ac
1821 787 2011 830 mirabile

249 870 338 898 esse
367 854 580 901 videatur,
627 852 841 893 hominem
872 852 995 892 toties
1025 850 1172 899 irasci,
1220 851 1343 892 toties
1375 850 1540 902 dolere,
1588 854 1710 894 toties
1750 853 1864 893 omni
1893 856 2012 893 motu

198 930 233 955 10
248 919 373 960 animi
403 916 628 965 concitari,
661 915 911 971 praesertim
941 915 984 955 in
1014 916 1141 955 rebus
1172 913 1338 962 alienis,
1378 927 1528 968 magna
1556 917 1619 956 vis
1650 921 1714 957 est
1744 928 1889 957 earum
1920 927 2014 955 sen-

248 982 473 1022 tentiarum
503 984 630 1034 atque
663 992 811 1020 eorum
840 979 1059 1026 locorum,
1093 989 1198 1032 quos
1228 990 1327 1030 agas
1354 981 1592 1032 tractesque
1614 980 1810 1026 dicendo,
1842 976 1945 1019 nihil
1965 981 2014 1017 ut

246 1058 351 1100 opus
382 1044 436 1084 sit
465 1041 731 1084 simulatione
763 1047 804 1083 et
832 1040 1020 1082 fallaciis.
1081 1041 1176 1095 Ipsa
1207 1041 1317 1080 enim
1347 1046 1499 1080 natura
1529 1042 1728 1082 orationis
1759 1042 1870 1090 eius,
1904 1053 2012 1095 quae

246 1107 471 1162 suscipitur
500 1107 553 1146 ad
583 1104 763 1146 aliorum
793 1105 955 1145 animos
982 1104 1312 1157 permovendos,
1347 1107 1556 1143 oratorem
1578 1104 1714 1157 ipsum
1735 1104 1864 1158 magis
1887 1104 2013 1144 etiam

245 1183 370 1225 quam
401 1181 654 1225 quemquam
696 1180 868 1217 eorum,
915 1167 986 1221 qui
1023 1166 1218 1213 audiunt,
1263 1170 1498 1218 permovet.
1562 1167 1654 1207 192.
1699 1167 1752 1207 Et
1779 1180 1831 1207 ne
1861 1167 1942 1206 hoc
1970 1166 2012 1206 in

194 1242 231 1268 1⁵
247 1232 403 1279 causis,
447 1232 490 1272 in
526 1232 714 1280 iudiciis,
763 1231 806 1270 in
845 1230 1077 1270 amicorum
1106 1229 1326 1285 periculis,
1372 1229 1415 1268 in
1446 1241 1651 1269 concursu
1681 1229 1921 1277 hominum,
1970 1229 2011 1268 in

245 1297 433 1343 civitate,
464 1296 508 1336 in
537 1292 631 1336 foro
662 1295 853 1335 accidere
883 1294 1110 1341 miremur,
1145 1305 1239 1333 cum
1270 1291 1408 1345 agitur
1436 1305 1522 1331 non
1544 1289 1679 1332 solum
1706 1292 1860 1344 ingenii
1879 1291 2013 1332 nostri

245 1359 497 1400 existimatio
545 1359 661 1408 (nam
690 1358 733 1398 id
764 1362 875 1398 esset
903 1357 1058 1407 levius;
1109 1367 1384 1411 quamquam,
1432 1368 1526 1394 cum
1563 1354 1778 1408 professus
1811 1355 1865 1394 sis
1896 1359 1937 1395 te
1967 1354 2010 1394 id

243 1435 367 1477 posse
386 1420 548 1470 facere,
581 1422 695 1475 quod
717 1421 865 1475 pauci,
898 1432 952 1461 ne
981 1417 1023 1460 id
1054 1420 1221 1474 quidem
1252 1415 1548 1471 negligendum
1581 1419 1678 1468 est),
1709 1419 1782 1458 sed
1813 1417 1894 1458 alia
1918 1419 2015 1458 sunt

244 1486 405 1526 maiora
434 1484 594 1533 multo,
633 1482 754 1531 fides,
796 1482 1006 1531 officium,
1051 1481 1284 1536 diligentia,
1322 1480 1473 1534 quibus
1504 1477 1629 1520 rebus
1661 1478 1853 1527 adducti,
1886 1479 2013 1520 etiam

196 1562 232 1588 20
246 1561 340 1589 cum
369 1547 644 1588 alienissimos
676 1547 961 1594 defendimus,
993 1549 1134 1586 tamen
1165 1558 1237 1586 eos
1267 1542 1446 1590 alienos,
1485 1544 1518 1584 si
1548 1543 1626 1598 ipsi
1656 1543 1735 1584 viri
1765 1543 1864 1584 boni
1894 1542 2015 1583 volu-

245 1623 338 1651 mus
368 1608 539 1659 haberi,
582 1610 823 1651 existimare
854 1621 939 1650 non
968 1621 1207 1662 possumus.
1273 1608 1365 1648 193.
1409 1604 1510 1654 Sed,
1553 1612 1601 1646 ut
1632 1607 1739 1654 dixi,
1778 1618 1831 1646 ne
1859 1606 1941 1646 hoc
1969 1604 2014 1644 in

244 1671 366 1714 nobis
396 1674 551 1714 mirum
583 1686 673 1714 esse
702 1673 917 1719 videatur,
964 1672 1064 1726 quid
1104 1675 1245 1726 potest
1283 1683 1374 1711 esse
1405 1675 1489 1710 tam
1518 1667 1661 1710 fictum
1692 1682 1816 1724 quam
1845 1680 2012 1715 versus,

246 1749 372 1791 quam
403 1750 548 1785 scena,
589 1748 714 1791 quam
743 1733 943 1776 fabulae?
993 1735 1150 1775 Tamen
1180 1735 1223 1774 in
1252 1734 1334 1774 hoc
1365 1747 1518 1786 genere
1549 1745 1673 1787 saepe
1703 1732 1793 1787 ipse
1823 1729 1930 1778 vidi,
1966 1734 2016 1770 ut

246 1813 299 1839 ex
317 1812 497 1854 persona
526 1799 628 1841 mihi
649 1800 797 1840 ardere
819 1796 928 1839 oculi
948 1798 1128 1838 hominis
1148 1797 1362 1838 histrionis
1394 1797 1636 1837 viderentur
1656 1794 1686 1848 ’Ξ-
1707 1793 1924 1851 spondalia
1943 1791 2014 1834 illa

195 1876 230 1902 25
246 1861 444 1903 dicentis:

357 1945 575 1997 Scyreyare
604 1942 672 1984 abs
701 1947 736 1983 te
765 1955 887 1983 ausus
917 1946 987 1982 aut
1015 1941 1098 1982 sine
1127 1941 1196 1981 illo
1227 1940 1436 1981 Salamina
1465 1940 1652 1994 inqredi?

358 2008 488 2061 Neque
509 2012 726 2060 paternum
755 2007 979 2059 adspectum
1009 2018 1047 2044 es
1075 2005 1254 2045 veritus?

247 2103 469 2157 Nunquam
500 2100 617 2142 illum
648 2098 961 2156 adspectum
993 2099 1183 2148 dicebat,
1231 2099 1332 2154 quin
1361 2097 1460 2139 mihi
1491 2096 1660 2139 Telamo
1690 2097 1822 2139 iratus
1866 2095 2012 2138 furere

246 2162 363 2205 luctu
393 2162 466 2205 filii
496 2165 724 2208 videretur.
782 2164 836 2204 At
865 2161 975 2203 idem
1007 2163 1161 2203 inflexa
1191 2163 1243 2202 ad
1274 2160 1552 2203 miserabilem
1584 2175 1735 2202 sonum
1765 2173 1890 2208 voce,

198 2275 234 2303 so
697 2258 795 2298 Cum
824 2262 947 2297 aetate
976 2263 1119 2297 exacta
1147 2257 1319 2310 indiqem

361 2322 546 2364 Liberam
576 2321 782 2368 lacerasti,
814 2320 982 2367 orbasti,
1016 2321 1233 2367 exstinoeti5
1264 2333 1383 2373 neque
1409 2319 1557 2373 fratris
1584 2319 1712 2368 necis,

360 2387 490 2439 Neque
520 2385 603 2426 eius
631 2385 744 2438 ynati
770 2384 912 2437 parci,
945 2383 1013 2436 qui
1042 2384 1112 2424 tibi
1141 2384 1184 2424 in
1213 2384 1374 2424 tutelam
1404 2388 1459 2424 est
1489 2383 1661 2425 traditus
1689 2405 1744 2414 —

250 2479 353 2522 flens
398 2493 447 2521 ac
486 2480 634 2533 lugens
680 2479 818 2519 dicere
859 2475 1097 2520 videbatur.
1158 2478 1275 2527 Quae
1316 2478 1350 2519 si
1387 2476 1455 2519 ille
1485 2478 1652 2527 histrio,
1700 2475 1886 2534 quotidie
1916 2491 2013 2521 cum

251 2548 415 2598 ageret,
466 2547 604 2583 tamen
642 2546 759 2582 recte
799 2553 923 2595 agere
962 2541 1050 2581 sine
1091 2541 1239 2582 dolore
1267 2554 1352 2582 non
1381 2545 1571 2595 poterat,
1619 2539 1740 2597 quid,
1787 2542 2013 2584 Pacuvium

202 2631 236 2657 35
250 2607 408 2662 putatis
444 2606 487 2646 in
533 2603 753 2646 scribendo
797 2603 879 2644 leni
919 2605 1058 2645 animo
1102 2617 1150 2644 ac
1189 2605 1362 2646 remisso
1393 2604 1552 2646 fuisse?
1599 2605 1707 2645 Fieri
1737 2606 1853 2646 nullo
1884 2607 2010 2647 modo

250 2670 404 2725 potuit.
464 2670 556 2710 194.
603 2670 736 2721 Saepe
781 2668 891 2708 enim
930 2667 1070 2708 audivi
1111 2671 1282 2721 poetam
1320 2666 1479 2710 bonum
1515 2668 1724 2709 neminem
1757 2666 1812 2722 (id
1843 2669 1956 2724 quod
1986 2680 2011 2710 a

345 2832 379 2864 3.
408 2837 446 2865 tu
471 2832 502 2864 ei
526 2831 585 2864 ΑΒ
612 2831 770 2872 aliique:
809 2832 839 2862 ei
865 2836 901 2862 tu
926 2831 999 2863 RE.
1026 2846 1063 2852 -—
1109 2831 1144 2863 7.
1178 2832 1250 2871 ipse
1273 2831 1511 2875 inflammatus
1545 2840 1562 2864 e
1597 2830 1709 2865 Codd.
1747 2832 1789 2864 Τ.
1833 2831 1889 2874 (Ut
1925 2840 2009 2873 nos,

252 2880 372 2915 ABR.)
398 2896 442 2901 -—
467 2878 502 2910 8.
529 2880 707 2911 accesserit
734 2878 793 2909 AB
821 2878 975 2918 aliique:
1013 2880 1199 2910 accesseris
1224 2879 1298 2910 RE.
1329 2896 1365 2902 -
1411 2878 1472 2910 hoc
1497 2877 1584 2917 forte
1609 2881 1639 2910 Α
1664 2880 1817 2920 aliique,
1844 2879 1894 2911 Β.
1921 2879 2012 2920 forte

253 2927 312 2959 hoc
338 2926 416 2968 (13⁶2)
444 2926 486 2958 E.
515 2943 555 2948 —
583 2926 616 2957 9.
644 2928 740 2956 motu
766 2925 877 2956 animi
904 2926 933 2956 Α
959 2925 1108 2966 aliique,
1135 2926 1188 2958 R:
1216 2927 1326 2958 animi
1349 2930 1445 2957 motu
1470 2923 1550 2965 (Ba)
1578 2926 1620 2961 E.
1644 2943 1684 2950 —
1709 2927 1765 2958 11.
1793 2924 1894 2967 quos]
1923 2935 2012 2968 quae

253 2973 295 3003 Α.
326 2990 365 2997 -
393 2974 449 3005 15.
475 2974 639 3013 periculis
666 2976 697 3004 et
722 2973 760 3003 in
784 2972 827 3003 R.
856 2988 897 2994 —
936 2972 993 3004 16,
1019 2974 1129 3014 iyitur
1152 2973 1257 3005 ABR.
1291 2988 1324 2994 -
1355 2972 1412 3004 17.
1439 2973 1621 3005 emtimatio
1646 2974 1726 3012 (sic)
1753 2973 2012 3005 consideranda

254 3024 323 3050 est:
350 3029 434 3051 nam
458 3020 501 3052 R.
531 3037 575 3042 —
607 3018 695 3057 cum]
721 3019 814 3060 quod
841 3017 913 3050 ΑΒ.
946 3035 985 3042 -—
1025 3021 1071 3050 sis
1099 3017 1143 3059 te]
1170 3021 1232 3051 iste
1257 3020 1309 3057 B,
1336 3020 1384 3050 sis
1409 3019 1452 3051 R.
1483 3035 1522 3042 -
1561 3020 1618 3051 20.
1646 3019 1775 3059 tamen]
1802 3024 1873 3052 tam
1897 3022 1939 3052 A.
1968 3036 2007 3042 —

253 3066 310 3096 22.
338 3076 440 3106 quam
464 3075 581 3099 versus
599 3077 668 3100 om.
688 3065 731 3097 R.
751 3080 792 3089 -
819 3065 875 3096 23.
897 3070 936 3096 ut
953 3066 982 3097 A
1001 3067 1155 3106 aliique:
1185 3075 1261 3098 cum
1280 3065 1357 3107 (Bi)
1373 3066 1448 3097 RE.
1471 3083 1507 3089 —-
1536 3066 1594 3098 2'4.
1613 3067 1813 3107 spondialia
1829 3067 1859 3098 R
1873 3089 1882 3103 ,
1908 3074 2011 3106 spon-

254 3112 377 3143 daulia
397 3113 582 3146 Salmasius
597 3137 606 3153 ,
638 3122 653 3144 e
671 3113 810 3152 sponda
825 3113 889 3144 illa
915 3114 1093 3153 ingeniose
1115 3113 1347 3145 Hermannus.
1368 3129 1412 3134 —-
1438 3112 1494 3144 26.
1514 3114 1587 3145 ullo
1604 3114 1647 3147 A.
1669 3132 1707 3138 —-
1735 3114 1793 3146 28.
1815 3113 1954 3145 Telamo
1979 3112 2011 3144 Α

254 3158 409 3198 aliique:
440 3160 602 3192 Telamon
627 3160 680 3202 (B)
706 3161 779 3192 RE.
810 3176 850 3182 —
876 3159 933 3190 29.
972 3160 1018 3191 At
1042 3161 1132 3192 idem
1157 3169 1174 3192 e
1202 3160 1336 3199 Codd.,
1363 3163 1402 3192 ut
1427 3164 1660 3200 proposuerat
1685 3161 1929 3197 Hermannus,
1957 3160 2005 3191 T:

257 3204 297 3235 Ut
321 3205 410 3235 idem
434 3207 546 3245 ΑΒΕ,
577 3208 618 3239 Ut
643 3209 723 3239 item
748 3207 786 3238 B.
817 3222 852 3227 —
881 3206 938 3237 30.
967 3207 1050 3238 Cum
1073 3206 1133 3239 AB
1157 3207 1311 3246 aliique:
1342 3207 1447 3247 Quem
1471 3207 1543 3239 RE.
1571 3225 1615 3230 —
1656 3209 1712 3241 31.
1740 3207 1909 3240 exstinxit
1933 3207 2009 3240 Ma-

253 3253 400 3284 nutius:
431 3255 630 3285 eoestinaeisti
654 3254 735 3293 AR,
762 3254 947 3286 exstinxsci
973 3253 1012 3286 E.
1040 3268 1082 3275 —-
1116 3252 1174 3284 32.
1202 3256 1274 3285 eius
1299 3255 1399 3294 ynati
1425 3254 1536 3286 Codd.
1564 3255 1609 3288 al.
1626 3279 1635 3296 ,
1663 3255 1712 3287 R:
1753 3254 1826 3286 eius
1850 3255 1941 3286 crati
1966 3256 2006 3295 B,

253 3299 354 3340 ynati
378 3298 448 3329 etus
474 3300 515 3334 (A
528 3300 559 3337 ?)
586 3301 625 3332 E.
656 3318 693 3324 —
722 3301 831 3333 tutela
857 3300 930 3332 ΑΒ.
957 3317 997 3323 -
1024 3299 1081 3332 34.
1107 3305 1197 3332 recte
1220 3301 1364 3333 seclusit
1390 3301 1595 3342 Ernestius,
1624 3303 1788 3342 expunxit
1807 3300 2007 3335 Schiitzius.

254 3346 458 3378 Retractare
483 3353 546 3385 pro
573 3350 662 3379 recte
686 3356 790 3389 ayere
815 3347 942 3381 mavolt
965 3347 1179 3380 Frenzelius.
1207 3365 1245 3372 —
1273 3347 1330 3381 35.
1360 3348 1427 3381 levi
1450 3349 1492 3382 R.
