2117 3762
761 271 860 312 LIB.
895 271 947 310 ΙΙ.
1009 269 1054 311 C.
1089 271 1155 316 87.
1185 272 1253 314 88.
1806 277 1885 317 291

134 376 244 419 nulla
268 378 340 423 sit.
371 378 503 433 pariat
533 384 572 419 et
602 382 813 432 procreet,
846 390 990 418 verum
1021 382 1065 418 ut
1093 391 1166 427 ca,
1201 390 1307 433 quae
1336 381 1431 420 sunt
1458 381 1549 420 orta
1579 376 1661 420 iam
1693 377 1736 420 in
1766 379 1888 422 nobis

134 445 174 480 et
203 447 442 495 procreata,
490 439 636 481 educet
665 445 787 493 atque
818 438 1125 488 confirmet-n
1176 443 1272 482 357.
1317 446 1602 483 verumtamen
1639 454 1774 496 neque
1806 447 1887 483 tam

133 502 217 543 acri
258 505 456 545 memoria
496 502 582 544 fere
622 501 839 556 quisquam
881 508 959 549 est,
1005 508 1069 550 ut,
1115 515 1199 544 non
1231 502 1441 559 dispositis
1472 503 1705 559 notatisque
1737 505 1886 552 rebus,

133 563 321 606 ordinem
354 565 576 607 verborum
608 571 677 606 aut
706 564 998 606 sententiarum
1031 565 1351 621 complectatur;
1393 580 1528 621 neque
1564 580 1664 610 vero
1704 572 1785 608 tam
1816 569 1889 608 he-

133 624 234 675 beti,
281 633 325 669 ut
367 627 467 669 nihil
505 630 579 668 hac
617 627 914 668 consuetudine
945 635 984 669 et
1015 629 1313 670 exercitatione
1344 628 1574 671 adiuvetur.
1632 628 1745 671 Vidit
1776 628 1918 671 enim³

132 688 210 731 hoc
240 690 468 745 prudenter
497 692 582 731 sive
615 689 849 731 Simonides
881 692 966 731 sive
998 690 1103 731 alius
1134 692 1225 746 quis
1256 692 1436 739 invenit,
1470 705 1518 732 ea
1539 691 1718 733 maxime
1740 690 1888 732 animis

131 751 242 806 affigi
282 752 452 800 nostris,
498 766 602 806 quae
640 760 775 794 essent
805 767 825 793 a
857 767 979 795 sensu
1020 751 1167 794 tradita
1207 760 1329 808 atque
1367 755 1587 808 impressa;
1639 753 1888 796 acerrimum

131 822 266 856 autem
299 830 349 856 ex
380 814 571 855 omnibus
602 816 753 856 nostris
785 814 973 857 sensibus
1004 830 1094 857 esse
1125 829 1292 858 sensum
1323 815 1508 866 videndi;
1540 830 1668 871 quare
1694 816 1888 858 facillime

130 876 270 919 animo
300 878 428 918 teneri
458 890 578 932 posse
611 891 680 925 ea,
733 892 838 933 quae
878 879 1194 934 perciperentur
1234 876 1403 920 auribus
1433 884 1503 920 aut
1534 879 1807 935 cogitatione,
1853 880 1888 920 si

130 940 253 980 etiam
285 939 500 981 oculorum
531 940 887 982 commendatione
918 942 1064 983 animis
1094 940 1379 991 traderentur3
1423 947 1468 982 ut
1497 955 1564 983 res
1596 955 1736 984 caecas
1767 946 1808 983 et
1836 940 1936 983 ahto

127 1000 344 1056 adspectus
388 1001 541 1044 iudicio
586 1009 765 1044 remotas
803 1002 1076 1045 conformatio
1116 1006 1317 1058 quaedam
1359 1008 1400 1045 et
1433 1005 1572 1058 imago
1602 1010 1642 1046 et
1671 1003 1803 1059 ligura
1832 1002 1888 1045 ita

127 1070 310 1113 notaret,
344 1070 389 1106 ut
418 1078 487 1112 ea,
519 1079 624 1121 quae
657 1066 876 1120 cogitando
908 1066 1127 1119 complecti
1157 1067 1231 1108 vix
1261 1079 1502 1120 possemuS,
1541 1067 1736 1108 intuendo
1769 1066 1887 1121 quasi

126 1131 378 1168 teneremus.
441 1130 535 1170 358.
584 1131 656 1170 His
696 1135 833 1170 autem
874 1127 1016 1170 formis
1054 1135 1176 1184 atque
1215 1130 1485 1184 corporibus,
1533 1129 1637 1170 sicut
1666 1130 1884 1175 omnibus.

124 1203 231 1244 quae
262 1192 338 1231 sub
369 1192 609 1246 adspectum
642 1191 830 1239 veniunt,
863 1191 1108 1234 admonetur
1128 1193 1332 1233 memoria
1353 1197 1493 1234 nostra
1514 1197 1636 1246 atque
1659 1191 1881 1241 excitatum

124 1251 197 1293 sed
226 1252 327 1294 locis
357 1267 461 1308 opus
493 1261 581 1303 est;
617 1255 770 1295 etenim
802 1268 952 1309 corpus
982 1254 1155 1308 intelligi
1187 1255 1276 1296 sine
1310 1254 1402 1296 loco
1432 1268 1516 1296 non
1536 1259 1684 1309 potest.
1743 1255 1883 1304 Quare
1901 1268 1934 1294 ιε

122 1327 175 1356 ne
206 1315 249 1355 in
279 1329 325 1357 re
355 1322 450 1357 nota
480 1323 520 1358 et
550 1316 793 1371 pervulgata
824 1319 974 1358 multus
1005 1322 1046 1358 et
1075 1316 1257 1358 insolens
1296 1316 1391 1364 sim,
1438 1316 1540 1358 locis
1584 1322 1646 1358 est
1684 1316 1883 1358 utendum

123 1378 288 1426 multis,
338 1377 588 1427 illustribus,
636 1378 874 1432 explicatis,
931 1378 1105 1421 modicis
1149 1378 1400 1429 intervallis;
1452 1377 1701 1433 imaginibus
1745 1384 1882 1420 autem

122 1441 360 1494 agentibus,
411 1443 594 1490 acribus,
644 1442 874 1496 insignitis,
927 1457 1032 1498 quae
1077 1455 1300 1483 occurrere
1346 1440 1619 1497 celeriterque
1663 1446 1882 1495 percutere

122 1503 303 1545 animum
333 1506 505 1558 possint.
568 1506 700 1554 Quam
731 1505 969 1546 facultatem
1000 1511 1041 1547 et
1070 1504 1311 1547 exercitatio
1342 1502 1477 1552 dabit,
1512 1518 1565 1545 ex
1595 1517 1675 1558 qua
1707 1517 1881 1546 consue-

122 1568 223 1608 tudo
254 1566 462 1621 gignitur,
510 1573 548 1609 et
585 1567 776 1609 similium
817 1569 1041 1610 verborum
1072 1581 1274 1609 conversa
1304 1571 1345 1608 et
1372 1567 1585 1608 immutata
1616 1566 1780 1608 casibus
1809 1572 1880 1609 aut
1895 1581 1931 1606 20

121 1631 307 1671 traducta
352 1644 404 1672 ex
444 1638 562 1684 parte
602 1632 652 1671 ad
692 1643 821 1683 genus
857 1631 1018 1671 notatio
1050 1636 1090 1672 et
1118 1630 1242 1672 unius
1272 1628 1391 1671 verbi
1421 1628 1602 1683 imagine
1632 1629 1758 1671 totius
1789 1643 1883 1672 sen-

120 1692 271 1734 tentiae
314 1692 552 1735 informatio
591 1692 761 1748 pictoris
802 1694 1015 1734 cuiusdam
1054 1694 1204 1734 summi
1235 1692 1394 1734 ratione
1426 1697 1466 1732 et
1495 1689 1620 1733 modo
1651 1690 1881 1734 formarum

119 1754 319 1796 varietate
348 1755 462 1797 locos
493 1755 796 1810 distinguentis.
857 1756 1124 1797 LXXXVIII.
1158 1757 1255 1797 359.
1290 1755 1372 1796 Sed
1400 1751 1626 1796 verborum
1655 1754 1879 1803 memoria,

120 1830 225 1872 quae
255 1817 388 1859 minus
421 1824 483 1860 est
511 1817 631 1859 nobis
662 1821 918 1867 necessaria,
951 1819 1112 1860 maiore
1132 1817 1359 1872 imaginum
1379 1816 1576 1858 varietate
1598 1815 1876 1871 distinguitur.

118 1882 246 1922 Multa
277 1880 389 1922 enim
421 1885 515 1921 sunt
544 1878 694 1929 verba,
748 1894 853 1935 quae
885 1880 1003 1935 quasi
1033 1880 1196 1922 articuli
1228 1884 1478 1922 connectunt
1506 1881 1696 1920 membra
1725 1882 1879 1921 oratio·
1892 1891 1928 1918 25

118 1945 204 1992 nis,
236 1956 343 1999 quae
374 1941 548 1984 formari
580 1942 849 1984 similitudine
879 1942 991 1984 nulla
1013 1948 1206 1997 possunt;
1238 1956 1384 1984 eorum
1403 1940 1621 1995 fingendae
1642 1941 1763 1982 nobis
1785 1948 1881 1984 sunt

117 2006 346 2059 imagines,
379 2006 529 2061 quibus
550 2018 717 2060 semper
735 2010 913 2050 utamur.
971 2007 1126 2046 Rerum
1147 2004 1349 2046 memoria
1377 2003 1550 2060 propria
1580 2007 1642 2044 est
1671 2005 1875 2055 oratoris;

119 2082 210 2110 eam
243 2067 413 2123 singulis
443 2067 633 2123 personis
663 2065 770 2109 bene
799 2067 947 2122 positis
978 2073 1124 2109 notare
1153 2081 1396 2124 possumus,
1446 2071 1494 2108 ut
1524 2069 1747 2108 sententias
1778 2068 1880 2108 ima-

117 2132 306 2186 ginibus,
336 2130 525 2173 ordinem
557 2130 660 2173 locis
690 2129 1108 2184 comprehendamus.
1167 2132 1263 2171 360.
1297 2131 1439 2184 Neque
1469 2141 1618 2169 verum
1648 2133 1731 2178 est,
1765 2131 1878 2184 quod

118 2193 169 2236 ab
198 2192 400 2236 inertibus
431 2192 603 2242 dicitur,
635 2193 814 2249 opprimi
843 2194 1087 2234 memoriam
1119 2193 1346 2247 imaginum
1375 2192 1562 2247 pondere
1593 2195 1634 2232 et
1663 2189 1878 2233 obscurari
1891 2204 1926 2230 πο

119 2258 243 2299 etiam
273 2258 338 2306 id,
372 2257 485 2311 quod
513 2268 591 2310 per
619 2269 663 2297 se
693 2262 837 2298 natura
866 2261 1010 2297 tenere
1040 2255 1258 2311 potuisset.
1319 2253 1414 2297 Vidi
1445 2254 1555 2295 enim
1585 2266 1664 2307 ego
1694 2266 1876 2295 summos

118 2321 308 2362 homines
339 2324 380 2361 et
409 2317 546 2360 divina
575 2331 707 2373 prope
736 2318 962 2366 memoria,
994 2317 1164 2359 Athenis
1196 2315 1489 2365 Charmadam,
1529 2315 1572 2357 in
1600 2314 1713 2364 Asia,
1755 2329 1876 2370 quem

116 2384 258 2425 vivere
288 2380 414 2424 hodie
446 2381 584 2429 aiunt,
636 2380 850 2436 Scepsium
883 2383 1197 2429 Metrodorum,
1250 2393 1430 2434 quorum
1459 2383 1636 2434 uterque
1666 2383 1876 2434 tamquam

116 2444 267 2487 litteris
297 2444 341 2486 in
370 2457 467 2486 cera
498 2442 555 2485 sic
585 2458 629 2485 se
659 2445 796 2485 aiebat
825 2444 1076 2498 imaginibus
1106 2444 1148 2484 in
1177 2443 1228 2484 iis
1251 2442 1378 2491 locis,
1411 2455 1516 2497 quos
1536 2443 1736 2490 haberet,
1770 2455 1873 2496 quae

115 2509 354 2550 meminisse
400 2506 549 2554 vellet,
599 2506 877 2560 perscribere.
939 2507 1079 2556 Quare
1123 2508 1199 2546 hac
1237 2504 1532 2546 exercitatione
1573 2517 1658 2545 non
1695 2506 1922 2546 eruenda³⁵

117 2571 322 2613 memoria
352 2575 437 2620 est,
470 2571 504 2611 si
534 2573 596 2611 est
624 2568 735 2610 nulla
765 2569 981 2619 naturalis;
1013 2567 1086 2610 sed
1116 2572 1249 2616 certe,
1281 2567 1315 2608 si
1344 2566 1466 2615 latet,
1499 2567 1710 2608 evocanda
1740 2573 1814 2607 est.

229 2636 325 2677 361.
372 2634 544 2676 Habetis
574 2645 810 2674 sermonem
841 2633 949 2673 bene
979 2633 1151 2685 longum
1182 2629 1384 2679 hominis,
1430 2630 1588 2670 utinam
1628 2642 1712 2671 non
1740 2630 1874 2683 impu-

212 2800 246 2832 1.
271 2799 369 2831 nulla
397 2800 518 2839 pariat
549 2795 632 2838 (om.
660 2794 716 2838 sit)
742 2797 784 2829 Β.
821 2813 866 2819 -
905 2795 940 2829 [ι.
975 2795 1159 2828 verborum
1184 2800 1248 2829 aut
1263 2797 1447 2829 hominum
1480 2795 1556 2838 (sic)
1584 2801 1646 2829 aut
1668 2804 1696 2828 s.
1729 2795 1800 2828 ΑΒ.
1827 2812 1873 2818 -

119 2846 193 2885 aut]
221 2849 324 2887 atque
348 2846 391 2878 R.
420 2862 462 2869 —
503 2845 537 2878 5.
566 2845 641 2884 hac]
666 2854 688 2876 α
714 2844 755 2876 R.
786 2860 827 2866 —
868 2844 904 2875 7.
933 2841 1031 2885 (1ΐῇῃί
1057 2844 1218 2883 Excerpt.
1245 2843 1290 2881 ὁ,
1327 2853 1394 2885 mg.
1423 2845 1518 2876 Harl.
1545 2845 1579 2875 2.
1607 2844 1688 2883 Lag.
1717 2843 1773 2874 17.
1803 2844 1873 2879 (hic

120 2902 199 2926 cum
225 2901 296 2925 var.
324 2891 454 2935 esfiqi:)
492 2893 611 2933 effinqi
637 2900 714 2923 cum
741 2891 834 2922 libris
861 2895 994 2922 tantum
1021 2898 1089 2921 non
1116 2890 1276 2922 omnibus
1304 2891 1421 2931 (etiam
1448 2890 1519 2931 AB)
1546 2891 1617 2921 RE.
1650 2906 1687 2912 —
1715 2889 1749 2920 9.
1774 2898 1873 2928 posse

117 2942 148 2973 si
173 2948 214 2971 ea
237 2939 323 2976 AR,
349 2947 449 2980 posse
474 2947 509 2970 se
533 2947 574 2970 ea
599 2939 639 2970 B.
669 2955 706 2962 ——
745 2938 775 2968 si
800 2946 869 2969 om.
896 2937 1000 2969 ABR.
1041 2953 1079 2959 —
1120 2937 1176 2968 10.
1204 2938 1498 2969 commendatione
1526 2937 1703 2968 oculorum
1728 2935 1800 2967 ΑΒ.
1829 2952 1872 2958 -

117 2987 162 3019 ab
188 2994 256 3019 om.
283 2985 358 3017 AR.
386 2984 449 3024 (Ex
472 2985 500 3016 B
526 2985 613 3017 nibil
638 2989 794 3017 notatum
820 2984 902 3021 est.)
931 2999 970 3006 -
998 2983 1055 3013 11.
1083 2982 1302 3024 confirmatio
1328 2984 1371 3015 R.
1400 2999 1439 3005 —
1478 2983 1534 3013 12.
1560 2984 1622 3013 vix
1646 2982 1760 3014 ABR:
1801 2990 1874 3014 non

117 3035 160 3067 E.
188 3048 228 3057 -
268 3032 325 3065 14.
353 3033 558 3064 admonetur
582 3049 597 3057 ·
622 3046 637 3053 ·
661 3033 836 3063 eaecitatur
867 3039 937 3062 om.
972 3029 1046 3061 ΑΒ.
1089 3046 1126 3052 -
1164 3031 1333 3061 memoria
1363 3032 1484 3061 nostra
1520 3029 1728 3060 admonetur
1758 3029 1801 3060 R.
1831 3044 1870 3051 -

117 3081 175 3114 15.
202 3080 262 3112 sed
292 3087 376 3118 opus
401 3084 449 3110 est
474 3076 557 3118 (om.
584 3078 680 3119 locis)
706 3078 778 3109 ΑΒ.
830 3078 943 3109 ilinc:
982 3076 1077 3106 sedes
1111 3084 1198 3116 opus
1223 3080 1272 3108 est
1299 3076 1408 3108 Havn.
1435 3076 1468 3106 1.
1495 3074 1529 3106 2.
1572 3075 1708 3107 Oxonn.
1736 3083 1871 3108 omnes,

118 3127 253 3165 Aldus,
281 3126 474 3159 Schutzius.
502 3123 559 3166 (Ut
584 3133 670 3162 nos,
696 3124 757 3166 R.)
786 3141 821 3147 —
850 3126 922 3156 sine
948 3123 1009 3154 hoc
1036 3123 1110 3153 loco
1137 3122 1177 3154 R.
1210 3137 1245 3143 -
1274 3122 1329 3154 18.
1357 3121 1579 3162 ἰηῃοηείὸιιεε
1607 3122 1735 3153 acriter
1756 3121 1799 3153 R.
1829 3138 1873 3145 —

118 3175 175 3206 19.
201 3174 368 3216 facultate
394 3172 433 3203 Β.
464 3187 501 3194 -
543 3171 601 3202 20.
627 3175 658 3203 et
683 3175 762 3204 ante
788 3171 954 3203 similium
979 3177 1047 3201 om.
1073 3168 1179 3200 ABR.
1208 3185 1249 3191 —
1288 3171 1492 3200 conservata
1518 3168 1561 3198 R.
1587 3182 1629 3191 —
1661 3167 1719 3199 21.
1746 3169 1872 3209 imaqi-

117 3230 194 3253 nem
218 3221 290 3253 ΑΒ.
320 3235 360 3242 -
397 3218 454 3248 22.
494 3225 629 3248 summa
655 3217 696 3255 B,
722 3218 890 3256 probante
918 3217 1091 3248 Ernestio.
1121 3231 1160 3238 —
1203 3215 1261 3246 24.
1287 3216 1460 3246 maiorum
1484 3214 1557 3245 AB.
1598 3228 1640 3238 —
1681 3214 1740 3247 25.
1765 3214 1871 3246 Muta

117 3267 261 3300 Bakius.
291 3283 330 3290 —
372 3265 428 3296 26.
456 3263 682 3295 similitudine
707 3272 822 3295 eorum
845 3264 943 3296 nulla
968 3264 1009 3295 Β.
1041 3278 1076 3284 -
1121 3270 1239 3292 eorum
1265 3269 1333 3292 om.
1361 3260 1432 3292 AB.
1462 3276 1498 3282 —
1526 3264 1608 3292 sunt
1630 3261 1730 3292 nobis
1755 3261 1798 3292 R.
1827 3278 1870 3283 —

117 3314 175 3346 28.
201 3315 372 3354 possimus
397 3311 468 3343 AB.
497 3326 541 3332 -
568 3309 624 3341 32.
654 3308 863 3342 Carneadem
887 3311 929 3344 R.
960 3327 998 3334 —
1027 3307 1084 3340 33.
1111 3307 1285 3348 Sceptium
1308 3307 1380 3340 BR.
1406 3324 1449 3331 -
1475 3307 1532 3340 34.
1558 3308 1596 3340 in
1618 3307 1742 3341 litteris
1766 3308 1808 3340 A.
1826 3323 1868 3330 —

120 3361 234 3395 alebat
259 3361 332 3394 AB.
360 3375 401 3383 —
429 3358 481 3390 his
507 3356 548 3390 R.
578 3373 614 3380 —
644 3355 767 3390 habere
790 3357 832 3389 B.
