2117 3762
258 264 339 306 388
1043 260 1242 301 BRUTUS

256 368 402 411 brinus
441 381 578 414 meus,
628 365 699 419 qui
737 362 816 405 fuit
854 375 948 404 cum
988 362 1141 404 Sicinio
1179 368 1310 405 aetate
1352 361 1611 404 coniunctus.
1675 362 1738 409 Is,
1787 375 1880 403 cum
1927 364 2023 414 post

257 434 441 474 curulem
472 428 723 471 aedilitatem
753 424 879 466 iudex
909 424 1164 479 quaestionis
1195 433 1324 476 esset,
1361 431 1421 466 est
1450 430 1661 474 mortuus3
1700 424 1742 463 in
1775 437 1857 477 quo
1887 424 2022 464 fateor

256 494 370 548 vulgi
400 492 599 535 iudicium
629 503 652 530 a
681 487 837 529 iudicio
877 501 973 529 meo
1013 486 1272 529 dissensisse.
1332 491 1434 528 Nam
1476 485 1629 541 populo
1670 499 1754 526 non
1795 490 1883 525 erat
1922 484 2019 526 satis

256 555 499 604 vendibilis3
551 564 750 608 praeceps
789 549 993 606 quaedam
1034 554 1075 590 et
1112 563 1205 590 cum
1243 549 1396 591 idcirco
1429 552 1625 594 obscura,
1672 549 1768 602 quia
1798 553 2019 602 peracuta,

227 624 344 660 5tum
374 616 516 671 rapida
547 620 589 655 et
618 613 829 654 celeritate
860 618 1026 653 caecata
1056 613 1215 662 orati03
1263 611 1335 653 sed
1366 626 1503 666 neque
1533 609 1672 652 verbis
1703 609 1906 665 aptiorem
1940 609 2021 651 cito

257 682 382 724 alium
414 677 590 721 dixerim
620 689 757 732 neque
788 674 1004 717 sententiis
1035 675 1316 723 crebriorem3
1348 680 1562 729 praetcrea
1585 674 1794 727 perfectus
1815 673 1857 713 in
1877 670 2023 712 litteris

255 745 440 799 iurisque
471 740 601 782 civilis
632 738 714 780 iam
744 752 767 780 a
796 744 915 792 patre
945 739 1156 779 Aculeone
1194 735 1383 778 traditam
1418 737 1550 778 tenuit
1587 735 1861 791 disciplinam.
1923 736 2020 775 265.

255 806 416 860 Reliqui
447 808 562 852 sunt,
596 801 666 857 qui
696 800 848 843 mortui
875 801 980 849 sint,
1013 802 1059 841 L.
1083 802 1341 854 Torquatus,
1373 812 1495 853 quem
1518 805 1560 840 tu
1582 813 1665 840 non
1696 804 1779 839 tam
1812 798 1895 839 cito
1926 797 2024 838 rhe-

254 875 389 910 torem
410 865 612 913 dixisses,
648 863 723 906 etsi
743 878 827 906 non
848 862 992 904 decrat
1014 863 1168 909 oratio,
1191 875 1338 917 quam,
1364 866 1409 901 ut
1430 863 1574 903 Graeci
1597 863 1755 909 dicunt,
1787 859 2023 903 πολιτικόν.

205 945 240 970 10
254 934 381 973 Erant
410 929 452 970 in
484 942 535 970 eo
564 926 768 983 plurimae
798 925 959 968 litterae
989 938 1066 966 nec
1097 938 1171 966 eae
1202 923 1417 978 vulgares,
1464 924 1538 966 sed
1566 926 1787 967 interiores
1819 924 2023 979 quaedam

255 999 296 1035 et
324 990 590 1040 reconditae;
633 989 773 1033 divina
802 990 1030 1037 memoria,
1064 1001 1225 1029 summa
1256 986 1482 1029 verborum
1513 992 1553 1028 et
1583 988 1758 1042 gravitas
1790 992 1830 1029 et
1860 986 2025 1040 elegan-

252 1057 323 1097 tia.
383 1056 519 1109 Atque
557 1054 664 1095 haec
701 1052 841 1095 omnia
873 1052 982 1095 vitae
1014 1052 1238 1093 decorabat
1267 1050 1446 1104 gravitas
1478 1054 1518 1090 et
1549 1051 1775 1103 integritas.
1836 1052 1902 1091 Me
1934 1048 2025 1104 qui-

254 1121 349 1160 dem
394 1115 616 1158 admodum
663 1117 896 1157 delectabat
938 1113 1062 1156 etiam
1094 1113 1244 1154 Triarii
1288 1113 1331 1153 in
1376 1111 1446 1153 illa
1485 1118 1617 1153 aetate
1656 1113 1781 1166 plena
1819 1112 2023 1154 litteratae

254 1181 476 1223 senectutis
508 1180 657 1220 oratio.
717 1179 880 1227 Quanta
910 1179 1110 1219 severitas
1141 1176 1183 1217 in
1214 1175 1354 1218 vultul
1391 1180 1589 1229 quantum
1613 1178 1775 1230 pondus
1796 1175 1839 1217 in
1860 1173 2021 1216 verbisl

204 1258 239 1283 15
255 1257 379 1298 quam
410 1241 514 1283 nihil
542 1255 628 1283 non
658 1240 969 1281 consideratum
1002 1237 1142 1280 exibat
1172 1253 1224 1279 ex
1255 1239 1350 1280 orel
1395 1239 1491 1278 266.
1526 1240 1631 1279 Tum
1651 1241 1801 1279 Brutus
1827 1237 2026 1293 Torquati

256 1311 297 1348 et
326 1304 476 1348 Triarii
506 1304 717 1345 mentione
749 1308 1002 1351 commotUS‚
1024 1306 1318 1356 -utrumque
1352 1300 1462 1342 enim
1493 1314 1640 1342 eorum
1672 1302 1895 1342 admodum
1926 1299 2028 1340 dile-

253 1375 466 1418 xerat—‚
499 1370 586 1409 Nae
618 1380 717 1420 ego,
748 1365 906 1420 inquit,
938 1369 984 1406 ut
1014 1364 1201 1405 omittam
1233 1370 1391 1412 cetera,
1424 1376 1528 1418 quae
1559 1369 1654 1405 sunt
1683 1361 2023 1410 innumerabilia,

255 1435 307 1474 de
347 1432 437 1474 istis
477 1428 640 1472 duobus
677 1441 771 1470 cum
808 1428 971 1481 cogito,
1020 1427 1143 1468 doleo
1187 1426 1289 1468 nihil
1321 1432 1433 1467 tuam
1464 1431 1706 1481 perpetuam
1738 1426 2025 1467 auctoritatem

255 1495 306 1537 de
335 1508 438 1550 pace
467 1493 672 1535 valuisset
706 1505 802 1532 nam
832 1504 910 1531 nec
939 1491 1041 1531 istos
1073 1489 1328 1531 excellentes
1358 1490 1471 1531 viros
1501 1502 1577 1529 nec
1600 1490 1751 1530 multos
1774 1488 1875 1529 alios
1906 1500 2026 1543 prae-

203 1571 239 1596 20
255 1563 407 1600 stantes
438 1559 546 1598 cives
576 1569 642 1597 res
665 1555 833 1608 publica
854 1551 1119 1609 perdidisset.
1181 1551 1406 1600 sileamus,
1439 1550 1632 1606 inquam,
1666 1554 1813 1598 Brute,
1847 1553 1898 1592 de
1919 1550 2023 1598 istis,

253 1635 307 1662 ne
346 1632 572 1674 augeamus
612 1617 819 1667 dolorem;
871 1630 967 1657 nam
1004 1621 1044 1656 et
1085 1617 1410 1671 praeteritorum
1449 1613 1683 1656 recordatio
1715 1619 1777 1655 est
1806 1614 1956 1655 acerba
1988 1616 2029 1653 et

254 1681 448 1724 acerbior
487 1680 741 1736 exspectatio
785 1680 1062 1734 reliquorum.
1125 1680 1268 1732 Itaque
1314 1676 1552 1718 omittamus
1593 1676 1737 1730 lugere
1778 1683 1818 1718 et
1848 1681 2026 1726 tantum,

255 1745 355 1801 quid
397 1745 576 1799 quisque
622 1741 797 1783 dicendo
843 1742 1049 1797 potuerit,
1103 1742 1299 1796 quoniam
1340 1738 1381 1780 id
1419 1739 1676 1794 quaerimus,
1726 1738 2026 1795 praedicemus.

254 1809 461 1851 LXXVII.
495 1808 591 1848 267.
626 1808 728 1847 Sunt
759 1804 884 1846 etiam
916 1818 968 1845 ex
1000 1805 1081 1851 eis,
1114 1803 1186 1858 qui
1213 1803 1361 1845 eodem
1392 1801 1501 1843 bello
1533 1802 1798 1850 occiderunt,
1827 1804 1881 1843 M.
1903 1801 2029 1843 Bibu-

204 1884 239 1910 25
254 1871 342 1921 lus,
390 1869 462 1925 qui
502 1875 541 1910 et
582 1866 827 1921 scriptitavit
867 1872 1080 1913 accurate,
1128 1881 1221 1907 cum
1251 1866 1495 1919 praesertim
1526 1880 1611 1906 non
1642 1872 1750 1907 esset
1780 1870 1940 1912 orator,
1989 1868 2030 1905 et

255 1934 339 1989 egit
368 1932 495 1975 multa
525 1936 787 1973 constanter:
820 1929 978 1985 Appius
1010 1928 1227 1977 Claudius,
1261 1942 1381 1970 socer
1410 1933 1524 1976 tuus,
1557 1928 1714 1983 collega
1746 1934 1789 1971 et
1809 1927 2027 1970 familiaris

254 2010 394 2046 meus;
439 1994 506 2036 hic
536 1994 619 2035 iam
653 2000 693 2035 et
722 1994 820 2035 satis
850 1991 1059 2033 studiosus
1091 1997 1131 2033 et
1160 1991 1278 2033 valde
1309 2004 1403 2032 cum
1435 1993 1601 2039 doctus,
1634 1998 1724 2033 tum
1754 1992 1878 2032 etiam
1909 2004 2028 2031 exer-

255 2062 402 2101 citatus
433 2062 576 2099 orator
607 2062 647 2098 et
678 2071 772 2097 cum
803 2056 1035 2109 auguralis,
1081 2060 1167 2096 tum
1201 2053 1334 2094 omnis
1366 2055 1522 2107 publici
1554 2053 1655 2095 iuris
1686 2053 2026 2108 antiquitatisque

253 2126 419 2163 nostrae
451 2122 558 2161 bene
588 2119 746 2175 peritus
776 2117 868 2159 fuit.
929 2120 977 2158 L.
1001 2118 1208 2158 Domitius
1239 2116 1350 2157 nulla
1380 2116 1449 2158 ille
1481 2116 1650 2172 quidem
1689 2123 1798 2166 arte,
1845 2118 1919 2158 sed
1949 2118 2028 2158 La-

206 2197 240 2223 σο
256 2186 338 2225 tine
368 2189 508 2224 tamen
537 2187 579 2224 et
607 2181 736 2222 multa
768 2194 861 2221 cum
891 2179 1082 2220 libertate
1114 2179 1292 2220 dicebat.
1355 2182 1450 2221 268.
1494 2183 1586 2220 Duo
1619 2185 1836 2235 praeterea
1865 2177 2028 2221 Lentuli

256 2248 521 2295 consulares,
574 2259 753 2299 quorum
798 2243 968 2284 Publius
1011 2242 1082 2283 ille
1127 2247 1362 2283 nostrarum
1407 2241 1654 2283 iniuriarum
1694 2242 1830 2292 ultor,
1882 2247 2029 2283 auctor

255 2309 399 2352 salutis
415 2340 426 2358 ,
460 2307 662 2364 quidquid
691 2307 858 2355 habuit,
893 2310 1257 2360 quantumcunque
1281 2303 1383 2353 suit,
1415 2304 1517 2346 illud
1538 2310 1670 2347 totum
1691 2306 1839 2347 habuit
1859 2318 1882 2346 e
1906 2303 2030 2346 disci-

254 2373 391 2429 plina3
424 2372 697 2412 instrumenta
728 2374 901 2410 naturae
932 2369 1124 2417 deerant3
1177 2366 1250 2408 sed
1289 2372 1425 2408 tantus
1456 2367 1583 2410 animi
1615 2368 1813 2424 splendor
1843 2373 1884 2410 et
1912 2372 2028 2410 tanta

256 2434 522 2490 magnitudo,
554 2439 600 2474 ut
630 2431 709 2474 sibi
739 2432 904 2480 omnia,
938 2444 1042 2485 quae
1074 2430 1281 2471 clarorum
1308 2429 1495 2472 virorum
1518 2436 1681 2481 essent,
1715 2445 1798 2474 non
1819 2429 2028 2473 dubitaret

208 2510 242 2537 ³⁵
257 2499 489 2540 adsciscere
521 2509 654 2551 eaque
685 2494 798 2535 omni
829 2493 1026 2548 dignitate
1057 2491 1278 2534 obtineret.
1338 2495 1385 2534 L.
1407 2499 1546 2535 autem
1576 2494 1775 2536 Lentulus
1806 2493 1904 2536 satis
1935 2498 2027 2535 erat

256 2563 375 2604 fortis
407 2565 572 2605 orator,
622 2557 656 2599 si
686 2558 811 2598 modo
844 2563 1008 2605 orator,
1051 2557 1124 2596 sed
1156 2555 1365 2609 cogitandi
1393 2570 1478 2598 non
1506 2556 1670 2598 ferebat
1698 2559 1908 2607 laborem;
1944 2570 2030 2599 vox

258 2638 436 2672 canora,
467 2619 599 2664 verba
619 2633 703 2660 non
724 2618 897 2660 horrida
917 2633 1041 2666 sane,
1077 2622 1122 2658 ut
1143 2617 1263 2672 plena
1293 2624 1402 2659 esset
1432 2619 1559 2661 animi
1590 2625 1631 2660 et
1660 2619 1833 2661 terroris
1865 2618 2026 2670 orati0;

258 2699 487 2742 quaereres
518 2684 561 2725 in
592 2681 756 2724 iudiciis
786 2682 963 2723 sortasse
994 2681 1166 2721 melius:
1201 2680 1244 2720 in
1273 2693 1319 2721 re
1349 2679 1515 2735 publica
1545 2684 1657 2738 quod
1688 2688 1779 2724 erat
1808 2696 1899 2724 esse
1920 2682 2029 2723 iudi-

259 2763 375 2791 cares
405 2748 518 2790 satis.
580 2747 673 2786 269.
718 2747 779 2785 Ne
821 2746 868 2785 T.
904 2742 1072 2798 quidem
1112 2741 1349 2784 Postumius
1388 2746 1718 2787 contemnendus
1754 2746 1796 2786 in
1828 2746 2026 2787 dicendo:

209 2824 245 2849 40
260 2815 311 2853 de
341 2826 386 2853 re
411 2809 579 2865 publica
597 2822 698 2850 vero
718 2821 803 2848 non
823 2807 958 2848 minus
983 2805 1206 2848 vehemens
1238 2810 1382 2847 orator
1411 2819 1533 2861 quam
1564 2806 1743 2849 bellator
1768 2806 1871 2859 fuit3
1905 2806 2029 2848 effre-

259 2879 379 2916 natus
401 2878 442 2915 et
459 2885 555 2914 acer
573 2869 718 2919 nimis,
752 2868 826 2910 sed
846 2870 954 2910 bene
977 2869 1080 2910 iuris
1102 2866 1260 2922 publici
1279 2867 1394 2923 leges
1411 2874 1534 2923 atque
1549 2868 1734 2912 instituta
1758 2873 2026 2925 cognoverat.

268 2975 341 2982 ..—

352 3025 386 3056 5.
407 3024 524 3056 citata
540 3021 584 3056 R,
605 3030 644 3053 ex
664 3019 948 3059 interpolatione,
975 3022 1014 3051 ut
1032 3019 1245 3059 praecedens
1265 3020 1346 3058 etsi,
1373 3023 1406 3052 et
1432 3019 1497 3052 alta
1516 3028 1585 3052 non
1607 3028 1729 3060 pauca.
1754 3037 1792 3044 —
1819 3021 1854 3053 8.
1881 3030 1927 3053 m.
1943 3022 2026 3053 sune

262 3071 323 3111 Lg.
351 3072 409 3102 20.
437 3086 482 3092 —
507 3070 564 3101 11.
592 3067 711 3101 Malim
739 3067 941 3107 aranditas.
970 3068 1038 3098 On.
1062 3084 1101 3089 —
1130 3067 1186 3098 12.
1217 3063 1394 3106 qravitas]
1414 3067 1567 3108 diynttas
1583 3068 1646 3099 soli
1666 3066 1784 3100 Ottob.
1805 3068 1903 3106 etR,
1929 3076 2026 3102 mera

265 3126 304 3149 cx
331 3116 619 3156 interpolatione;
648 3118 859 3152 receperunt
883 3114 1087 3151 Manutius,
1118 3112 1239 3145 Lamb.
1268 3113 1316 3149 E,
1346 3112 1497 3145 Ellendt.
1527 3131 1565 3136 —
1597 3115 1655 3146 21.
1682 3123 1742 3146 nec
1767 3123 1955 3158 augeamus
1979 3115 2024 3146 Ι).

265 3163 332 3195 Gu.
359 3165 392 3194 1.
420 3165 454 3194 2.
481 3162 606 3195 Dresd.
634 3162 682 3198 R,
710 3161 825 3192 Peter.
862 3175 902 3182 -
943 3159 999 3190 32.
1029 3169 1044 3191 e
1070 3160 1131 3200 Lg.
1159 3168 1301 3197 omnes,
1329 3159 1416 3192 Ven.
1436 3161 1469 3191 1.
1507 3160 1627 3194 Ottob.
1656 3161 1725 3193 Gu.
1752 3162 1811 3193 1.:
1847 3166 1879 3193 et
1902 3161 1953 3200 R,
1982 3170 2025 3194 ex

265 3217 344 3241 cum
371 3209 491 3241 Lamb.
521 3213 556 3241 et
580 3217 679 3248 seqq.
709 3207 751 3238 E.
781 3224 819 3230 —
862 3206 919 3238 37.
947 3206 1107 3247 terroris]
1146 3207 1303 3237 horroris
1334 3206 1491 3239 Norimb.
1528 3208 1610 3240 Asc.
1645 3207 1732 3248 (non
1756 3207 1840 3248 R),
1874 3208 2026 3248 fervoris

266 3257 308 3289 de
334 3256 497 3295 Purgoldi
523 3258 614 3288 coni.
643 3253 783 3286 Ellendt
808 3255 845 3285 in
871 3253 937 3285 Ed.
966 3256 1094 3294 priore.
1144 3253 1212 3285 Sed
1251 3257 1366 3285 terror
1400 3254 1560 3286 Ciceroni
1593 3255 1679 3287 nihil
1710 3254 1805 3287 aliud
1841 3257 1893 3287 est
1917 3264 2024 3295 quam

264 3300 453 3343 δεινότης.
478 3301 547 3333 cfr.
567 3311 670 3340 supra
689 3298 726 3340 ὃ.
745 3301 804 3333 Mc.
824 3317 868 3322 —
891 3300 949 3332 41.
976 3309 1056 3332 acer
1072 3297 1192 3339 nimis]
1220 3301 1411 3332 acerrimus
1435 3301 1496 3342 Lg.
1517 3310 1657 3342 omnes,
1685 3301 1830 3334 arnimis
1855 3298 1932 3343 (sic)
1953 3301 2021 3337 Gu-

265 3350 323 3387 1.‚
351 3357 428 3380 acer
453 3344 536 3388 (om.
554 3347 669 3389 nimis)
696 3348 740 3380 R.
791 3346 916 3381 Nostra
943 3346 1047 3380 lectio
1075 3350 1128 3380 est
1153 3349 1188 3379 in
1213 3346 1361 3382 Ascens.
1389 3355 1442 3387 pr.
