2117 3762
226 221 306 262 lt88
758 204 1060 251 ORATORIAE
1090 203 1440 246 PARTITIONES

224 325 388 367 tertium
417 322 679 366 iudiciorum.
740 314 1022 365 Quamobrem
1051 310 1104 351 de
1134 311 1268 364 primo
1299 308 1499 366 primum,
1531 307 1565 348 si
1598 307 1751 362 placet,
1783 307 1965 362 dispute-

226 402 332 430 mus.
396 387 440 426 C.
465 387 510 426 F.
542 381 640 423 Mihi
669 392 768 420 vero
798 376 946 430 placet.

337 450 448 490 XXI.
480 447 523 486 C.
546 447 589 485 P.
622 443 680 483 Ac
708 437 900 481 laudandi
930 432 1271 490 vituperandique
1301 434 1502 481 rationes,
1533 447 1639 489 quae
1670 445 1753 474 non
1783 431 1834 474 ad
1863 431 1969 474 bene

228 513 445 553 dicendum
475 508 607 549 solum
637 505 709 545 scd
741 503 863 543 etiam
893 501 946 541 ad
976 500 1148 539 honeste
1177 495 1400 538 vivendum
1439 495 1597 543 valent,
1642 508 1848 550 exponam
1877 494 1972 536 bre-

198 576 335 617 sviter
363 576 484 624 atque
517 582 539 609 a
568 564 779 622 principiis
810 560 1004 604 exordiar
1033 565 1074 600 et
1103 557 1298 600 laudandi
1328 563 1367 600 et
1385 559 1662 614 vituperandi.
1723 560 1790 599 71.
1823 559 1972 600 Omnia

227 638 335 679 enim
366 638 457 675 sunt
484 629 673 687 profecto
701 627 929 673 laudanda,
962 635 1067 678 quae
1097 620 1318 662 coniuncta
1346 634 1439 662 cum
1468 622 1618 663 virtute
1649 625 1765 670 sunt,
1797 625 1836 662 et
1866 634 1972 676 quae

227 712 317 741 cum
337 696 465 742 vitiis,
495 689 779 746 vituperanda.
840 688 1123 738 Quamobrem
1153 683 1245 725 finis
1275 684 1444 724 alterius
1465 690 1527 725 est
1547 686 1770 731 honestas,
1804 683 1971 725 alterius

226 758 452 812 turpitudo.
514 753 735 797 Conficitur
764 756 898 792 autem
930 762 1058 804 genus
1087 750 1167 789 hoc
1188 746 1378 788 dictionis
1398 747 1613 788 narrandis
1634 746 1972 802 exponendisque

225 820 342 863 sactis
381 818 470 860 sine
505 817 598 859 ullis
638 814 1088 869 argumentationibus,
1141 808 1193 850 ad
1231 807 1357 849 animi
1393 814 1528 850 motus
1558 810 1707 851 leniter
1737 812 1973 850 tractandos

177 899 212 925 ιο
226 884 356 936 magis
387 894 508 937 quam
537 879 589 921 ad
618 878 742 920 fidem
772 872 1007 918 faciendam
1032 879 1102 915 aut
1136 869 1459 913 confirmandam
1497 874 1820 913 accommodate.
1881 873 1973 912 Non

227 946 334 987 enim
375 943 501 985 dubia
537 940 769 988 firmantur,
814 941 887 981 sed
926 951 995 986 ea,
1043 947 1149 990 quae
1184 939 1294 974 certa
1324 938 1394 974 aut
1423 947 1501 986 pro
1533 934 1657 976 certis
1687 936 1822 988 posita
1853 939 1971 983 sunt,

225 1012 439 1061 augentur.
501 1005 783 1055 Quamobrem
823 1015 874 1042 ex
911 999 985 1048 iis,
1038 1012 1144 1054 quae
1180 1001 1274 1037 ante
1314 995 1420 1036 dicta
1458 1002 1577 1045 sunt,
1630 1002 1671 1038 et
1708 996 1904 1039 narrandi
1933 1001 1975 1038 et

225 1068 403 1123 augendi
431 1072 648 1122 praecepta
671 1069 928 1120 repetentur.
988 1064 1052 1102 72.
1083 1062 1158 1108 Et,
1191 1058 1387 1113 quoniam
1407 1058 1449 1099 in
1469 1058 1533 1100 his
1556 1061 1690 1101 causis
1712 1060 1845 1101 omnis
1864 1060 1972 1101 ratio

225 1131 313 1173 fere
343 1132 394 1171 ad
423 1130 675 1184 voluptatem
706 1126 905 1168 auditoris
935 1132 976 1166 et
1004 1122 1055 1164 ad
1085 1121 1400 1163 delectationem
1430 1120 1633 1170 refertur,
1668 1124 1869 1163 utendum
1899 1121 1977 1162 erit

177 1208 212 1234 15
227 1195 286 1235 eis
315 1194 358 1233 in
387 1192 575 1233 oratione
606 1190 861 1245 singulorum
891 1188 1118 1229 verborum
1148 1183 1398 1237 insignibus,
1438 1197 1543 1238 quae
1572 1183 1724 1226 habent
1753 1184 1976 1240 plurimum

226 1255 458 1304 suavitati33
509 1254 552 1295 id
580 1253 650 1302 fit,
696 1253 730 1294 si
760 1252 875 1293 factis
907 1247 1045 1291 verbis
1076 1252 1146 1288 aut
1175 1245 1347 1288 vetustis
1387 1252 1456 1287 aut
1495 1247 1699 1288 translatis
1738 1246 1978 1303 frequenter

225 1324 409 1365 utamur,
447 1322 487 1358 et
515 1316 557 1357 in
586 1317 674 1371 ipsa
704 1312 1012 1356 constructione
1042 1309 1292 1357 verborum,
1336 1313 1381 1348 ut
1410 1308 1523 1362 paria
1554 1311 1725 1364 paribus
1757 1315 1798 1352 et
1826 1310 1976 1352 similia

226 1380 425 1421 similibus
456 1393 578 1434 saepe
610 1377 861 1423 referantur,
911 1380 957 1416 ut
985 1373 1215 1418 contraria,
1254 1377 1298 1412 ut
1327 1370 1552 1424 geminata,
1593 1377 1639 1412 ut
1669 1372 1979 1426 circumscripta

225 1455 468 1491 numerose,
514 1455 598 1482 non
638 1442 688 1481 ad
730 1437 1042 1481 similitudinem
1081 1449 1277 1477 versuum
1319 1432 1390 1474 sed
1430 1435 1481 1474 ad
1521 1435 1775 1488 explendum
1816 1437 1977 1476 aurium

175 1519 211 1544 20
225 1518 390 1547 sensum
420 1509 514 1558 apto
547 1506 726 1559 quodam
748 1502 863 1556 quasi
884 1498 1110 1541 verborum
1131 1499 1271 1540 modo.
1333 1498 1401 1537 73.
1435 1496 1763 1554 Adhibendaque
1783 1497 1979 1552 frequen-

225 1569 304 1609 tius
336 1568 458 1607 etiam
487 1566 556 1607 illa
586 1570 825 1607 ornamenta
855 1577 997 1604 rerum
1028 1566 1144 1609 sunt,
1178 1560 1264 1601 sive
1286 1573 1392 1615 quae
1422 1559 1679 1601 admirabilia
1711 1566 1752 1602 et
1780 1575 1856 1602 nec
1887 1560 1978 1613 opi-

224 1635 319 1672 nata
349 1631 434 1670 sive
465 1627 693 1683 significata
722 1627 942 1674 monstris,
975 1624 1200 1680 prodigiis,
1233 1623 1435 1671 oraculis,
1475 1624 1560 1664 sive
1592 1637 1698 1679 quae
1729 1622 1981 1664 videbuntur

227 1693 284 1740 ci,
325 1692 374 1734 de
405 1705 487 1748 quo
517 1704 709 1745 agemus,
758 1689 956 1730 cecidisse
988 1687 1127 1729 divina
1157 1693 1278 1741 atque
1307 1684 1458 1726 satalia.
1518 1685 1661 1727 Omnis
1693 1685 1802 1727 enim
1834 1698 1980 1740 exspe-

227 1756 347 1797 ctatio
380 1754 489 1801 eius,
536 1753 606 1808 qui
636 1754 769 1799 audit,
816 1758 856 1793 et
886 1750 1103 1792 admiratio
1135 1756 1175 1790 et
1203 1747 1418 1804 improvisi
1450 1747 1587 1789 exitus
1618 1751 1770 1790 habent
1799 1748 1979 1802 aliquam

176 1818 268 1860 2⁵in
297 1817 502 1859 audiendo
534 1815 800 1870 voluptatem.
857 1816 992 1855 XXII.
1026 1814 1095 1854 Ἧι.
1145 1810 1225 1853 Sed
1265 1810 1462 1866 quoniam
1499 1810 1632 1852 tribus
1671 1810 1714 1852 in
1756 1812 1981 1866 generibus

224 1880 333 1923 bona
362 1879 519 1920 malave
549 1883 788 1925 versantur,
820 1876 1022 1925 externis,
1054 1875 1243 1928 corporis
1276 1879 1318 1915 et
1337 1873 1486 1922 animi,
1519 1875 1654 1927 prima
1677 1880 1770 1915 sunt
1791 1879 1979 1921 externa,

227 1957 330 1999 quae
359 1942 565 1985 ducuntur
595 1955 617 1982 a
647 1954 826 1994 genere3
878 1953 962 1995 quo
1002 1937 1184 1980 breviter
1220 1938 1468 1990 modiceque
1497 1937 1666 1977 laudato
1696 1941 1789 1984 aut,
1839 1936 1873 1976 si
1905 1935 1983 1976 erit

225 2007 401 2052 infame,
432 2005 748 2058 praetermisso,
795 2002 830 2044 si
861 2001 1041 2050 humile,
1079 2002 1147 2043 vel
1176 1998 1403 2054 praeterito
1432 1998 1498 2040 vel
1529 2000 1582 2039 ad
1613 1997 1842 2052 augendam
1873 1999 1979 2046 eius,

228 2083 350 2124 quem
380 2067 542 2114 laudes,
573 2067 748 2120 gloriam
779 2071 934 2113 tracto,
966 2064 1188 2119 deinceps,
1222 2063 1256 2103 si
1286 2075 1351 2103 res
1381 2062 1589 2116 patietur,
1624 2064 1673 2102 de
1694 2059 1871 2102 fortunis
1905 2060 1984 2100 erit

180 2141 215 2167 ³0
230 2136 270 2172 et
298 2130 556 2172 facultatibus
588 2128 825 2170 dicendum.
887 2129 1038 2169 Postea
1068 2129 1118 2168 de
1151 2125 1340 2178 corporis
1369 2123 1515 2174 bonis;
1545 2125 1587 2164 in
1618 2123 1769 2179 quibus
1800 2121 1981 2178 quidem,

229 2207 332 2249 quae
363 2196 555 2235 virtutem
585 2194 763 2233 maxime
793 2190 1019 2245 significat,
1062 2189 1257 2231 facillime
1287 2188 1421 2228 forma
1450 2186 1656 2228 laudatur.
1718 2188 1783 2228 75.
1824 2185 1983 2227 Deinde

229 2262 290 2297 est
318 2255 370 2297 ad
398 2256 504 2297 facta
532 2254 807 2303 veniendum,
856 2267 1033 2309 quorum
1065 2250 1284 2293 collocatio
1316 2249 1471 2303 triplex
1502 2254 1586 2290 est:
1640 2253 1710 2290 aut
1739 2248 1849 2289 enim
1878 2253 1984 2289 tem-

229 2333 378 2373 porum
407 2317 631 2359 servandus
662 2323 723 2359 est
753 2316 880 2365 ordo,
920 2322 990 2357 aut
1018 2313 1223 2369 imprimis
1253 2312 1585 2354 recentissimum
1617 2311 1813 2366 quodque
1843 2310 1985 2352 dicen-

232 2384 351 2430 dum,
384 2386 452 2422 aut
481 2380 608 2422 multa
638 2385 677 2422 et
706 2379 820 2421 varia
848 2378 954 2420 sacta
974 2380 1016 2418 in
1038 2377 1206 2431 propria
1231 2375 1426 2417 virtutum
1452 2388 1603 2429 genera
1624 2380 1718 2415 sunt
1739 2372 1978 2427 digerenda.

183 2452 218 2478 ³⁵
234 2446 313 2486 Sed
342 2444 410 2485 hic
441 2444 554 2486 locus
584 2444 782 2485 virtutum
813 2447 934 2497 atque
965 2441 1162 2483 vitiorum
1193 2439 1388 2480 latissime
1419 2446 1562 2491 patens
1593 2451 1645 2478 ex
1674 2436 1814 2477 multis
1845 2441 1885 2477 et
1914 2450 1984 2477 va-

232 2509 303 2548 riis
344 2507 689 2561 disputationibus
730 2519 837 2546 nunc
868 2506 909 2545 in
943 2505 1147 2559 quandam
1178 2507 1391 2556 angustam
1424 2506 1465 2542 et
1494 2503 1665 2542 brevem
1697 2497 1979 2540 concludetur.

232 2571 301 2610 76.
344 2572 416 2610 Est
444 2569 570 2623 igitur
598 2569 658 2609 vis
689 2567 852 2609 virtutis
883 2566 1058 2620 duplcx;
1099 2570 1170 2606 aut
1200 2566 1309 2605 enim
1339 2563 1509 2605 scientia
1541 2562 1725 2603 cernitur
1757 2562 1885 2602 virtus
1916 2565 1985 2602 aut

234 2631 408 2673 actione.
469 2633 596 2679 Nam,
636 2644 741 2686 quae
771 2630 1010 2685 prudentia,
1051 2642 1156 2683 quae
1188 2627 1384 2668 calliditas
1415 2640 1603 2681 quaeque
1635 2624 1879 2679 gravissimo
1911 2636 1985 2664 no-

328 2781 361 2812 3.
388 2780 431 2812 Ac
455 2781 497 2813 R.
525 2796 567 2803 -
593 2780 626 2811 6.
655 2781 841 2811 coniuncta
867 2789 935 2812 om.
963 2780 1038 2813 RV.
1081 2779 1168 2812 Vide
1186 2802 1195 2816 ‚
1225 2788 1267 2810 ne
1287 2783 1393 2811 recte.
1424 2793 1463 2799 —
1492 2778 1547 2809 11.
1576 2785 1616 2807 ea
1643 2785 1711 2808 om.
1731 2775 1774 2807 V.
1802 2791 1846 2797 —-
1872 2772 1980 2815 certa]

239 2832 365 2860 testata
391 2828 500 2860 Oxon.
530 2827 638 2864 alter,
666 2828 731 2858 Ed.
760 2827 844 2859 Ven.
875 2843 914 2849 —
956 2828 1013 2859 13.
1044 2828 1159 2858 oratio
1186 2826 1257 2858 Yv.
1301 2842 1339 2848 —-
1385 2825 1439 2856 15.
1469 2826 1513 2855 eis
1540 2824 1586 2854 V:
1616 2824 1658 2853 iis
1684 2823 1757 2855 RE.
1788 2838 1827 2844 —
1865 2821 1920 2853 16.
1949 2822 1986 2852 id

239 2876 298 2916 sit,
325 2876 354 2905 si
380 2875 426 2913 Y,
455 2883 541 2905 corr.
573 2874 599 2905 V
617 2896 625 2912 ‚
654 2874 717 2904 Ed.
745 2873 858 2905 Ven.:
885 2874 921 2905 id
946 2879 1016 2913 est,
1044 2877 1081 2904 ut
1106 2874 1155 2909 R,
1187 2882 1237 2912 pr.
1266 2873 1318 2910 V,
1346 2872 1386 2903 Ε.
1416 2887 1456 2892 -
1483 2871 1540 2902 20.
1566 2870 1658 2901 nodo
1686 2868 1834 2901 malebat
1858 2868 1982 2900 Lamb.

241 2922 297 2951 21.
325 2922 386 2952 illa
412 2926 613 2952 ornamenta
639 2922 742 2952 etiam
766 2920 808 2951 V.
836 2937 878 2941 —
904 2926 981 2951 sunt
1009 2930 1076 2952 om.
1105 2920 1145 2951 R.
1175 2935 1214 2942 --
1242 2928 1329 2960 quae
1355 2928 1422 2950 om.
1451 2917 1492 2948 Y.
1523 2935 1562 2939 —
1592 2921 1622 2947 et
1646 2917 1720 2955 nec]
1746 2917 1816 2947 sive
1840 2924 1912 2945 non
1938 2915 1982 2952 R,

241 2968 310 2998 sive
336 2976 396 2997 vnec
422 2967 462 2997 V.
490 2982 532 2989 —-
558 2968 615 2998 22.
638 2968 833 3006 prozliqiis,
863 2968 1014 2998 oraculis
1032 2967 1085 3005 R,
1111 2966 1240 3003 Aldus,
1267 2965 1416 2997 Lamb.:
1443 2964 1615 3005 prodigiis
1634 2968 1664 2994 et
1684 2963 1835 2994 oraculis
1850 2961 1921 2993 VE.
1944 2978 1980 2984 -

241 3012 299 3044 23.
327 3023 464 3052 agemus
490 3014 542 3044 R:
572 3014 706 3055 aqimus
732 3013 801 3044 VE.
833 3029 871 3035 —-
914 3015 1073 3045 cecidisse
1098 3013 1158 3045 YV
1184 3016 1218 3044 et
1245 3021 1293 3050 pr.
1323 3012 1371 3043 R:
1408 3012 1570 3042 accidisse
1599 3011 1623 3041 E
1653 3017 1730 3040 cum
1754 3017 1843 3041 corr.
1870 3008 1914 3039 R.
1945 3024 1981 3030 —

242 3060 300 3090 25.
328 3059 434 3090 tribus
459 3061 496 3090 in
522 3059 588 3091 Gu.
618 3060 703 3091 RV:
730 3061 766 3090 in
793 3060 902 3091 tribus
926 3061 965 3092 E.
994 3076 1037 3082 -
1061 3059 1118 3092 26.
1146 3060 1214 3091 sint
1241 3059 1280 3090 Y.
1311 3076 1348 3081 —
1378 3058 1434 3088 27.
1461 3058 1636 3088 ducantur
1661 3056 1702 3086 Y.
1732 3073 1768 3079 —
1809 3054 1867 3086 29.
1894 3057 1984 3085 tacto

243 3105 295 3143 V,
325 3105 415 3136 Edd.
442 3110 518 3137 ante
544 3106 625 3137 Era.
644 3129 653 3144 ‚
682 3108 742 3146 qui
771 3108 862 3138 coni.
890 3110 1022 3143 Μαι-τω
1049 3109 1119 3145 υῑί,
1149 3115 1245 3139 meae
1271 3107 1296 3137 si
1324 3105 1498 3136 collationi
1525 3104 1611 3136 fides
1639 3102 1845 3139 tribuenda,
1880 3101 1986 3132 habet

244 3160 365 3190 reapse
390 3152 438 3186 Rz
466 3153 569 3182 ιαοῐιο
596 3153 636 3183 Y.
667 3168 702 3173 —
728 3154 888 3193 paciatur
913 3154 940 3184 R
957 3177 965 3191 ‚
989 3155 1128 3192 patitur
1154 3153 1196 3184 V.
1228 3168 1262 3173 —
1299 3152 1354 3183 30.
1384 3151 1673 3192 facultatibusque
1698 3149 1740 3181 R.
1771 3166 1808 3172 —
1847 3149 1885 3178 in
1909 3147 1986 3186 qui-

244 3198 329 3236 bus,
356 3198 444 3238 ‘12‘0d
470 3199 570 3237 ‘Imm
594 3207 626 3229 ²>-
654 3199 738 3236 RV,
766 3201 802 3230 in
828 3200 968 3239 quibus,
996 3200 1086 3240 quod
1111 3209 1142 3230 υ.
1172 3199 1290 3230 Lanib.
1310 3222 1318 3236 ,
1344 3199 1515 3236 imprimis
1541 3198 1633 3237 quod
1658 3197 1756 3237 quasi
1783 3194 1849 3226 Gu.
1870 3193 1982 3224 Oxon.

245 3245 344 3276 alter.
373 3261 413 3266 —
440 3242 496 3274 34.
523 3245 711 3283 digerenda
733 3246 878 3277 Lamb.:
907 3246 1093 3287 dirigenda
1117 3246 1254 3278 YRVE.
1282 3262 1322 3267 —
1365 3245 1421 3276 35.
1451 3253 1490 3276 ac
1519 3244 1557 3276 V.
1599 3259 1637 3266 -—
1683 3243 1739 3275 36.
1768 3239 1985 3274 concluditur

243 3290 318 3324 RV.
345 3305 391 3314 --
416 3290 471 3323 37.
499 3291 637 3324 virtutis
662 3296 725 3325 aut
749 3294 841 3325 actio
868 3292 907 3324 Y.
