2117 3762
710 270 805 309 LlB.
840 269 889 307 11.
953 270 995 309 C.
1030 271 1097 310 81.
1131 271 1198 311 82.
1233 273 1299 311 83.
1797 277 1875 316 287

128 379 203 417 tias
232 382 300 416 aut
331 375 371 416 in
404 374 473 415 illo
504 380 589 420 est,
624 378 759 412 utrum
790 372 841 412 sit
872 373 1031 421 utilius;
1063 381 1132 416 aut
1163 376 1309 423 etiam,
1344 390 1435 417 cum
1466 377 1506 418 id
1540 379 1754 425 convenit,
1787 393 1875 421 cer-

127 444 262 483 tatur,
313 443 451 478 utrum
492 434 695 476 honestati
737 437 874 487 potius
911 450 961 476 au
995 437 1155 478 utilitati
1187 438 1482 479 consulendum
1513 439 1577 480 sit.
1636 442 1752 489 Quae
1782 442 1876 496 quia

128 514 313 555 pugnare
346 500 455 540 inter
475 513 518 539 se
540 510 662 552 saepe
687 496 899 545 videntur,
933 502 1000 553 qui
1025 499 1237 542 utilitatem
1256 500 1457 548 defendit,
1489 500 1746 543 enumerabit
1767 517 1877 543 com-

128 564 250 603 moda
272 563 407 616 pacis,
439 573 582 615 opum,
615 558 846 613 potentiae,
881 561 1170 612 vectigalium,
1206 563 1401 616 praesidii
1424 563 1614 611 militum,
1647 570 1876 605 ceterarum

127 638 288 670 rerum,
320 636 495 677 quarum
517 622 692 661 fructum
716 621 886 662 utilitate
909 622 1125 670 metimur,
1161 623 1339 679 itemque
1370 625 1631 667 incommoda
1652 626 1877 667 contrario·
1893 637 1906 660 5

127 700 234 726 rum.
311 685 392 735 Qui
422 683 473 724 ad
505 682 743 735 dignitatem
791 684 987 737 impellit,
1028 687 1231 726 maiorum
1278 689 1487 741 exempla,
1528 701 1634 742 quae
1663 695 1783 729 erunt
1813 688 1877 729 vel

126 762 218 790 cum
251 748 434 802 perii-ulo
467 743 647 797 gloriosa
667 774 677 791 ,
710 744 898 797 colliget,
943 747 1192 800 posteritatis
1224 749 1500 790 immortalem
1531 750 1774 792 memoriam
1807 764 1879 791 au-

127 812 266 865 gebit3
315 809 528 849 utilitatem
559 818 610 845 ex
642 806 762 846 laude
794 808 903 847 nasci
935 807 1128 848 defendet
1157 822 1404 864 semperque
1436 825 1526 852 eam
1558 826 1650 853 cum
1681 812 1878 866 dignitate

124 887 214 914 esse
245 871 520 912 coniunctam.
583 870 678 909 336.
729 871 809 909 Sed
854 869 953 924 quid
996 869 1084 910 lieri
1124 870 1255 924 possit
1299 877 1369 911 aut
1406 886 1488 913 non
1526 874 1652 927 possit
1697 876 1878 930 quidque

125 934 247 975 etiam
287 934 339 973 sit
367 944 535 972 necesse
576 938 645 971 aut
677 945 758 971 non
799 932 876 978 sit,
924 931 966 972 in
998 937 1171 986 utraque
1203 946 1246 972 re
1277 933 1455 974 maxime
1486 942 1546 976 est
1576 936 1874 991 quaerendum.
1892 948 1926 970 ¹⁰

124 996 321 1037 Inciditur
350 993 461 1034 enim
492 993 626 1034 omnis
658 993 738 1033 iam
769 992 1041 1041 deliberatio,
1089 994 1122 1034 si
1154 994 1395 1047 intelligitur
1426 1010 1506 1037 non
1538 1012 1660 1050 posse
1690 999 1779 1040 lieri
1810 1005 1879 1039 aut

124 1059 157 1098 si
190 1057 413 1098 necessitas
444 1056 641 1105 ass'e1·tur;
674 1062 714 1096 et
743 1057 812 1109 qui
835 1055 876 1096 id
898 1055 1061 1103 docuit,
1094 1070 1176 1096 non
1198 1056 1429 1098 videntibus
1451 1058 1565 1106 aliis,
1599 1063 1631 1100 is
1654 1061 1878 1113 plurimum

124 1119 240 1161 vidit.
301 1121 398 1160 337.
446 1118 508 1159 Ad
540 1118 758 1158 consilium
789 1123 925 1158 autem
957 1116 1006 1158 de
1036 1131 1082 1158 re
1111 1117 1275 1172 publica
1307 1119 1486 1162 dandum
1517 1128 1638 1174 caput
1667 1129 1727 1163 est
1757 1136 1878 1163 nosse

124 1196 213 1224 rem
250 1180 480 1237 publicam;
529 1183 578 1221 ad
619 1179 839 1221 dicendum
879 1194 980 1221 vero
1021 1180 1294 1232 probabiliter
1332 1195 1454 1223 nosse
1494 1197 1630 1224 mores
1675 1184 1877 1233 civitatis;

123 1244 194 1300 qui
223 1243 321 1298 quia
351 1242 502 1284 crebro
535 1248 768 1290 mutantur,
802 1255 932 1294 genus
963 1256 1129 1297 quoque
1160 1242 1361 1284 orationis
1392 1250 1452 1285 est
1480 1258 1601 1299 saepe
1622 1248 1926 1287 mutandum.1⁵

123 1309 174 1347 Et
203 1319 454 1360 quamquam
485 1319 565 1346 una
596 1307 682 1345 fere
714 1307 774 1345 vis
805 1311 866 1345 est
887 1304 1174 1358 eloquentiae,
1208 1310 1367 1353 tamen,
1401 1308 1498 1359 quia
1525 1320 1683 1348 summa
1704 1308 1878 1359 dignitas

123 1374 185 1409 est
213 1368 381 1423 populi,
429 1369 674 1420 gravissima
703 1380 827 1408 causa
856 1368 918 1407 rei
948 1365 1158 1420 publicae,
1202 1365 1371 1407 maximi
1411 1374 1545 1409 motus
1585 1359 1876 1418 multitudinis,

124 1443 253 1484 genus
299 1443 465 1484 quoque
506 1430 668 1471 dicendi
707 1431 902 1484 grandius
940 1427 1147 1483 quoddam
1178 1435 1217 1469 et
1247 1428 1446 1471 illustrius
1478 1444 1568 1471 esse
1599 1431 1879 1474 adhibendum

123 1492 315 1542 videtur;
360 1491 622 1547 maximaque
661 1505 757 1547 pars
788 1490 989 1532 orationis
1019 1489 1277 1531 admovenda
1308 1497 1369 1532 est
1398 1494 1448 1532 ad
1479 1494 1711 1534 animorum
1744 1500 1879 1535 motus

124 1567 418 1609 nonnunquam
457 1560 526 1595 aut
563 1553 850 1594 cohortatione
889 1558 959 1594 aut
989 1553 1389 1594 commemoratione
1419 1554 1557 1609 aliqua
1587 1562 1658 1596 aut
1688 1556 1729 1596 in
1759 1570 1878 1610 spem
1893 1570 1927 1595 ω

123 1623 192 1658 aut
236 1617 279 1657 in
315 1622 469 1656 metum
506 1621 577 1656 aut
614 1614 665 1656 ad
704 1614 971 1669 cupiditatem
1010 1619 1080 1655 aut
1117 1616 1168 1654 ad
1208 1614 1380 1667 gloriam
1412 1616 1707 1665 concitandos,
1754 1632 1879 1673 saepe

124 1679 248 1720 etiam
269 1692 291 1719 a
314 1678 568 1724 temeritate,
598 1677 837 1724 iracundia,
869 1690 967 1729 spe,
999 1676 1171 1724 iniuria,
1205 1676 1377 1725 invidia,
1409 1679 1652 1720 crudelitate
1681 1694 1880 1722 revocan-

124 1744 214 1782 dos.
275 1742 505 1781 LXXXIII.
545 1741 641 1780 338.
681 1741 742 1779 Fit
772 1745 909 1780 autem
930 1770 941 1787 ‚
982 1744 1050 1786 ut,
1091 1739 1187 1793 quia
1217 1739 1395 1780 maxima
1425 1741 1543 1795 quasi
1574 1742 1729 1783 oratori
1758 1756 1880 1783 scena

125 1803 312 1844 videatur
331 1802 548 1848 contionis,
570 1806 716 1842 natura
739 1801 826 1856 ipsa
848 1800 899 1842 ad
920 1802 1105 1842 ornatius
1127 1802 1293 1841 dicendi
1316 1815 1445 1854 genus
1467 1802 1711 1844 excitemur.
1746 1803 1881 1845 Habet

123 1867 234 1906 enim
262 1866 484 1906 multitudo
509 1864 591 1904 vim
625 1862 829 1917 quandam
855 1863 1002 1911 talem,
1035 1868 1080 1903 ut
1106 1865 1455 1916 quemadmodum
1482 1863 1634 1905 tibicen
1658 1868 1745 1907 sine
1768 1866 1878 1907 tibiis
1893 1883 1927 1907 25

123 1939 290 1974 cauere,
336 1925 395 1967 sic
427 1931 569 1966 orator
602 1926 680 1965 nisi
721 1924 981 1966 multitudine
1020 1923 1214 1966 audiente
1254 1924 1454 1979 eloquens
1494 1940 1584 1967 esse
1615 1941 1698 1969 non
1736 1929 1879 1983 possit.

123 1991 220 2031 339.
252 1991 305 2030 Et
326 2001 419 2030 cum
440 1987 520 2029 sint
549 1986 771 2042 populares
801 1987 919 2028 multi
948 1988 1133 2041 variique
1163 1986 1322 2041 lapsus,
1355 1987 1521 2029 vitanda
1550 1994 1613 2030 est
1642 1990 1879 2031 acclamatio

123 2051 298 2094 adversa
327 2048 495 2106 populi3
543 2062 649 2102 quae
679 2053 750 2089 aut
779 2048 978 2090 orationis
1007 2054 1177 2103 peceato
1209 2050 1348 2104 aliquo
1380 2049 1605 2099 excitatur,
1652 2051 1686 2093 si
1714 2065 1881 2107 aspere,

124 2113 160 2155 si
190 2117 453 2167 arroganter,
486 2112 521 2152 si
541 2109 738 2163 turpiter,
769 2109 803 2150 si
828 2109 1015 2157 sordide,
1051 2109 1086 2151 si
1116 2123 1285 2165 quoquo
1317 2111 1443 2152 animi
1471 2112 1573 2154 vitio
1605 2115 1759 2155 dictum
1792 2127 1882 2155 esse

124 2174 282 2231 aliquid
313 2173 524 2221 videatur;
555 2179 626 2213 aut
653 2172 868 2214 hominum
888 2171 1121 2213 offensione
1151 2171 1218 2213 vel
1248 2172 1424 2221 invidia,
1458 2187 1563 2227 quae
1594 2181 1665 2216 aut
1691 2175 1798 2217 iusta
1819 2181 1881 2216 est
1896 2192 1929 2216 ευ

125 2244 195 2279 aut
222 2251 274 2278 ex
302 2234 590 2277 criminatione
621 2240 744 2288 atque
776 2235 908 2284 fama;
941 2240 1012 2275 aut
1037 2248 1106 2275 res
1136 2234 1169 2275 si
1197 2233 1408 2287 displicet;
1442 2241 1512 2276 aut
1542 2236 1574 2277 si
1601 2237 1723 2277 estin
1741 2236 1880 2292 aliquo

125 2305 241 2341 motu
272 2312 371 2340 suae
396 2296 631 2352 cupiditatis
663 2302 733 2338 aut
759 2302 893 2337 metus
921 2296 1156 2338 multitudo.
1218 2296 1292 2338 His
1323 2303 1517 2352 quattuor
1548 2298 1680 2340 causis
1712 2301 1882 2340 totidem

128 2362 357 2403 medicinae
387 2365 676 2413 opponuntur:
718 2364 806 2400 tum
838 2357 1092 2412 obiurgatio,
1134 2361 1168 2400 si
1200 2365 1260 2400 est
1293 2360 1539 2410 auctoritas3
1580 2367 1666 2402 tum
1698 2360 1883 2403 admoni-

126 2424 184 2464 tio
205 2425 320 2478 quasi
343 2422 476 2463 lenior
497 2420 754 2474 obiurgati03
786 2427 872 2461 tum
898 2420 1138 2474 promissio,
1171 2421 1205 2461 si
1230 2421 1459 2470 audierint,
1492 2422 1761 2475 probaturos;
1798 2430 1881 2464 tum

127 2485 383 2540 deprecatio;
417 2485 528 2539 quod
560 2489 622 2524 est
645 2482 830 2523 infimum
860 2481 933 2524 sed
960 2496 1255 2538 nonnunquam
1286 2485 1404 2524 utile.
1466 2485 1560 2525 340.
1593 2485 1713 2525 Nullo
1741 2491 1876 2526 autem
1894 2500 1927 2524 55

126 2547 219 2589 loco
241 2549 334 2602 plus
367 2546 540 2588 facetiae
561 2550 736 2600 prosunt
767 2550 808 2585 et
833 2545 1023 2585 celeritas
1053 2550 1093 2584 et
1114 2546 1241 2584 breve
1268 2544 1437 2599 aliquod
1473 2548 1653 2594 dictum,
1687 2560 1761 2587 nec
1793 2549 1880 2587 sine

128 2609 325 2663 dignitate
356 2614 397 2650 et
423 2623 516 2649 cum
546 2608 704 2661 lepore.
762 2606 875 2647 Nihil
900 2606 1009 2647 enim
1037 2610 1119 2646 tam
1146 2604 1265 2647 facile
1293 2621 1416 2661 quam
1437 2607 1654 2649 multitudo
1675 2621 1697 2648 a
1718 2607 1879 2648 tristitia

220 2771 256 2802 1.
281 2774 330 2802 est
355 2779 424 2802 om.
451 2770 523 2802 ΑΒ.
551 2785 593 2792 -
627 2777 703 2801 cum
728 2766 778 2809 id]
804 2769 888 2809 quid
914 2768 986 2800 ΑΒ.
1017 2785 1054 2791 -
1094 2769 1278 2805 conveniat
1304 2769 1344 2800 B.
1382 2786 1423 2792 -—
1463 2769 1498 2800 2.
1525 2770 1672 2801 utilitati
1692 2770 1809 2808 potius
1833 2778 1881 2801 an

129 2817 301 2848 honestati
326 2817 367 2850 R.
395 2835 436 2840 —
460 2816 494 2848 3.
521 2818 613 2848 inter
635 2825 668 2847 se
693 2823 797 2855 saepe
820 2815 850 2846 A
875 2815 1028 2855 aliique,
1056 2815 1107 2846 R:
1135 2823 1236 2855 saepe
1260 2817 1353 2846 inter
1376 2824 1410 2847 se
1434 2814 1514 2855 (Bt)
1541 2816 1582 2846 Ε.
1613 2833 1650 2839 -
1678 2813 1878 2856 utilitatem]

131 2865 343 2903 aequitatem
367 2862 439 2894 ΑΒ.
486 2880 524 2887 -
571 2864 606 2895 lt.
629 2863 808 2901 potentiae
833 2862 916 2893 AB:
946 2862 1143 2901 potentiae,
1183 2862 1349 2900 pecuniae
1384 2863 1454 2893 RE.
1491 2877 1530 2883 —
1566 2865 1756 2893 ceterarum
1781 2861 1880 2894 Lam-

131 2909 233 2941 binus
259 2914 292 2941 et
318 2909 524 2941 Schutzlus:
551 2909 723 2941 utilitates
748 2912 940 2939 ceterarum
966 2916 1045 2938 cum
1072 2908 1168 2938 libris
1194 2908 1311 2948 (etiam
1342 2906 1414 2948 AB)
1444 2908 1517 2938 RE.
1562 2908 1601 2945 (E
1626 2912 1740 2940 tamen
1767 2909 1881 2941 seclu-

130 2957 205 2994 sit..)
232 2971 271 2977 —
305 2955 339 2986 6.
364 2956 512 2996 impellet
538 2956 581 2988 R.
622 2972 659 2978 —
699 2956 733 2986 9.
761 2955 948 2986 coniuncta
972 2954 1012 2985 B.
1050 2969 1085 2975 —
1126 2958 1189 2985 aut
1212 2963 1284 2985 non
1308 2956 1416 2993 possit
1441 2963 1509 2985 om.
1537 2953 1609 2984 AB.
1647 2971 1683 2976 —
1725 2955 1782 2986 11.
1806 2956 1880 2986 iam

131 3011 201 3035 om.
229 3002 269 3033 B.
297 3000 362 3042 (Ex
387 3002 416 3033 Α
442 3002 529 3033 nihil
553 3006 709 3034 notatum
737 3003 815 3037 est.)
842 3018 884 3023 —
911 3000 966 3032 12.
996 2997 1040 3039 et]
1069 3000 1100 3030 ei
1124 3000 1166 3031 R.
1193 3016 1236 3022 —-
1263 3000 1319 3031 13.
1345 3001 1437 3031 videt
1460 3000 1532 3030 ΑΒ.
1562 3015 1603 3021 —-
1641 3000 1696 3031 15.
1723 3002 1784 3042 qui
1808 3010 1877 3034 om.

131 3049 172 3081 B.
192 3064 236 3070 —
261 3047 316 3079 16.
337 3052 388 3080 est
411 3055 514 3087 saepe
538 3049 754 3088 eloquentiae
773 3048 814 3079 R.
837 3064 874 3070 —
904 3051 1020 3078 tamen
1045 3054 1114 3077 om.
1136 3046 1175 3076 Β.
1198 3062 1238 3069 -
1265 3047 1321 3077 20.
1348 3047 1385 3077 in
1402 3055 1459 3086 spe
1477 3048 1539 3075 aut
1562 3049 1653 3077 metu
1671 3046 1717 3084 B,
1744 3048 1781 3078 in
1799 3052 1879 3080 ante

130 3100 257 3128 metum
281 3102 349 3126 om.
370 3094 412 3125 Α.
431 3110 475 3118 -
499 3094 557 3125 21.
583 3095 787 3126 concitando
808 3094 847 3124 B.
870 3109 909 3116 —
935 3093 994 3124 22.
1026 3100 1047 3122 a
1072 3090 1278 3131 temeritate]
1306 3093 1370 3123 erit
1397 3101 1419 3122 a
1446 3095 1476 3123 te
1501 3092 1528 3122 Α
1544 3113 1554 3128 ,
1581 3093 1646 3123 erit
1671 3096 1750 3124 arte
1768 3094 1806 3126 Β.
1837 3109 1878 3117 -

131 3141 189 3174 23.
217 3141 371 3172 oratoris
392 3140 432 3171 B.
459 3140 518 3176 (Ex
544 3140 571 3171 Α
599 3141 683 3172 nihil
708 3145 864 3172 notatum
892 3137 971 3180 est.)
998 3155 1038 3160 —
1065 3138 1122 3168 24.
1150 3140 1337 3170 excitemur
1362 3138 1419 3169 ΑΒ
1444 3138 1594 3178 aliique:
1621 3140 1788 3171 excitetur
1806 3140 1877 3172 RE.

135 3204 173 3211 —
201 3187 258 3219 26.
285 3187 355 3218 nisi
380 3185 490 3218 Codd.
517 3186 589 3218 al.:
615 3187 687 3218 sine
711 3185 801 3227 (AB)
829 3186 902 3218 RE.
932 3201 972 3208 -
999 3184 1056 3215 29.
1085 3182 1237 3225 quoquo]
1265 3192 1341 3215 cum
1366 3183 1437 3215 ΑΒ.
1466 3198 1508 3205 —-
1532 3183 1589 3216 30.
1617 3185 1762 3225 aliquod
1779 3186 1821 3218 Α.
1839 3202 1874 3208 -—-

131 3233 270 3265 videtur
294 3234 365 3264 AB.
395 3249 434 3255 —
461 3235 510 3263 est
535 3241 603 3264 om.
630 3232 702 3263 ΑΒ.
733 3247 772 3254 -
799 3232 856 3264 32.
885 3233 949 3263 His
973 3231 1032 3262 ΑΒ
1057 3230 1208 3271 alilque:
1236 3231 1362 3269 Hisque
1387 3229 1457 3261 RE.
1486 3245 1527 3252 —
1553 3230 1609 3262 34.
1640 3231 1751 3263 levior
1776 3234 1814 3264 Β.
1838 3249 1874 3255 -

133 3279 191 3312 35.
215 3280 389 3321 infirmum
414 3278 485 3310 ΑΒ.
515 3295 552 3300 -
580 3285 652 3309 non
675 3278 771 3309 nullo
796 3278 839 3310 R.
870 3294 909 3301 —
935 3282 1051 3310 autem
1076 3285 1145 3309 om·
1174 3278 1214 3309 R.
1246 3292 1283 3298 -
1310 3276 1365 3307 36.
1393 3276 1471 3315 plus
1496 3285 1564 3308 om.
1593 3277 1631 3308 Β.
1661 3277 1726 3317 (Ex
1756 3279 1783 3310 A
1812 3280 1876 3311 hoc

135 3334 203 3358 non
228 3324 395 3363 notatur.)
417 3343 451 3347 —
480 3324 527 3356 ad
551 3324 649 3356 breve
674 3324 715 3355 A.
