2117 3762
733 282 777 323 C.
813 283 878 327 63.
911 282 978 323 δἰ.
1013 284 1080 324 65.
1699 285 1776 325 381

30 399 126 435 tuor
155 397 195 434 et
225 389 494 447 quadraginta
524 388 666 430 fuisse.
729 389 817 428 ltoc
849 390 900 428 de
930 395 1095 430 oratore
1126 387 1263 444 paullo
1302 392 1394 443 post
1423 388 1542 442 plura
1574 386 1778 436 dicemus;

31 459 110 498 hoc
137 462 274 496 autem
302 456 394 495 loeo
424 452 629 494 voluimus
652 457 827 491 aetatem
857 451 896 491 in
925 450 1127 506 disparem
1147 458 1356 492 oratorum
1376 449 1605 492 includere:
1641 464 1782 506 quani-

32 532 154 574 quam
186 517 226 559 id
257 515 421 573 quidem
453 512 644 556 omnibus
675 527 749 554 usu
783 514 922 553 venire
955 528 1122 554 necesse
1155 513 1250 560 l'uit,
1288 511 1436 569 quibus
1458 513 1597 567 paullo
1621 512 1784 565 longior

31 583 111 622 vita
151 581 345 633 contigit,
399 584 442 618 ut
478 582 518 617 et
559 589 652 616 cuin
693 577 822 616 multo
855 578 1080 617 maioribus
1113 582 1235 622 natu,
1289 589 1411 629 quam
1443 581 1579 615 essent
1610 575 1710 627 ipsi,
1744 580 1784 614 et

33 658 126 685 cum
156 641 368 696 aliquanto
399 636 627 680 minoribus
658 644 1010 691 compararentur.
1069 640 1116 679 L't
1147 639 1292 678 Accius
1323 638 1467 678 iisdem
1500 637 1703 678 aedilibus
1729 638 1813 677 aits

33 720 76 746 se
108 712 148 746 et
177 706 396 746 Pacuvium
427 702 617 742 docuisse
649 698 854 747 fabulam,
889 714 980 740 cum
1003 700 1071 741 ille
1094 699 1325 753 octoginta,
1360 701 1445 754 ipse
1468 700 1633 754 triginta
1654 713 1784 741 annos

31 774 151 809 natus
181 772 314 808 esset:
365 766 460 805 230.
496 764 553 804 sic
585 764 828 803 Hortensius
859 776 941 803 non
973 777 1064 803 cum
1106 763 1191 803 suis
1229 761 1471 816 aequalibus
1511 764 1666 811 solum,
1712 761 1786 804 sed

32 838 73 873 et
102 843 192 871 mea
224 842 317 870 cum
347 832 478 868 aetate
511 832 549 866 et
581 839 671 865 cum
703 831 791 872 tua,
823 826 974 872 Brute,
1001 831 1042 865 et
1070 838 1162 865 cum
1195 824 1406 879 aliquanto
1441 826 1656 879 superiore
1688 839 1786 867 con-

32 894 234 948 iungitur;
284 887 489 943 siquidem
531 893 571 928 et
610 889 756 927 Crasso
799 887 892 926 vivo
930 886 1066 928 dicere
1103 886 1260 928 solebat
1299 894 1338 927 et
1379 890 1508 939 magis
1549 890 1628 929 iam
1660 889 1781 929 etiam

31 956 196 1010 vigebat
222 950 401 995 Antonio
435 957 474 991 et
504 965 596 992 cum
628 949 814 1005 Philippo
847 948 926 990 iam
958 962 1055 990 sene
1078 962 1154 1003 pro
1179 949 1250 990 Cn.
1277 949 1462 1003 Pompeii
1485 950 1602 991 bonis
1625 949 1838 991 dicentem

31 1019 74 1058 in
104 1016 174 1058 illa
203 1028 344 1061 causa,
377 1012 616 1054 adolescens
647 1026 739 1053 cum
771 1018 901 1058 esset,
936 1013 1128 1065 princeps
1159 1009 1236 1051 suit
1266 1016 1306 1051 et
1335 1012 1375 1051 in
1407 1025 1549 1053 eorum
1568 1044 1578 1061 ,
1611 1027 1716 1068 quos
1746 1014 1787 1053 in

34 1077 204 1132 Sulpicii
234 1082 366 1118 aetate
396 1076 542 1131 posui,
581 1088 801 1116 numerum
832 1073 950 1114 facile
982 1078 1228 1127 pervenerat
1259 1079 1298 1113 et
1328 1087 1425 1113 suos
1456 1074 1565 1115 inter
1594 1076 1787 1129 aequales

31 1142 85 1181 M.
106 1141 322 1188 Pisonem,
356 1141 411 1180 M.
436 1140 649 1185 Crassum,
682 1138 755 1177 Cn.
779 1135 1021 1184 Lentulum,
1046 1138 1090 1176 P.
1115 1134 1333 1176 Lentulum
1357 1137 1501 1177 Suram
1524 1138 1647 1192 longe
1668 1151 1789 1193 prae-

32 1201 132 1244 stitit
162 1208 202 1244 et
230 1216 295 1243 me
327 1202 631 1242 adolescentem
663 1205 804 1240 nactus
835 1205 930 1239 octo
961 1200 1077 1239 annis
1107 1199 1337 1246 minorem,
1387 1212 1508 1253 quam
1547 1206 1634 1240 erat
1673 1201 1785 1255 ipse,

32 1263 184 1306 multos
226 1278 356 1306 annos
398 1265 438 1304 in
477 1262 609 1303 stadio
647 1261 832 1303 eiusdem
868 1260 999 1302 laudis
1038 1261 1224 1302 exercuit
1254 1268 1294 1301 et
1324 1267 1457 1302 tecum
1491 1261 1632 1309 simul,
1683 1264 1838 1303 sicut¹⁵

34 1339 112 1381 ego
142 1339 219 1382 pro
251 1326 413 1374 multis,
448 1325 506 1366 sic
536 1325 605 1366 ille
635 1338 710 1379 pro
740 1325 875 1377 Appio
908 1322 1078 1365 Claudio
1111 1322 1214 1364 dixit
1244 1322 1382 1376 paullo
1413 1330 1505 1364 ante
1537 1330 1729 1366 mortem.

144 1392 270 1432 va.
303 1391 396 1430 231.
447 1389 573 1430 Vides
604 1387 746 1440 igitur,
780 1393 823 1427 ut
853 1385 904 1427 ad
935 1392 972 1427 te
1004 1392 1234 1432 oratorem,
1267 1388 1413 1434 Brute,
1446 1386 1786 1439 pervenerimus,

34 1457 116 1494 tam
156 1451 294 1493 multis
338 1451 448 1492 inter
485 1457 672 1491 nostrum
712 1455 911 1504 tuumque
942 1447 1105 1490 initium
1136 1447 1300 1489 dicendi
1331 1447 1586 1503 interpositis
1617 1450 1791 1490 oratori-

33 1513 136 1556 bus?
168 1529 221 1556 ex
242 1515 416 1568 quibus,
449 1513 645 1568 quoniam
666 1513 707 1552 in
727 1511 805 1554 hoc
837 1525 1028 1553 sermone
1059 1516 1202 1551 nostro
1235 1511 1357 1551 statui
1388 1512 1597 1552 neminem
1629 1525 1788 1559 eorum,

35 1577 106 1632 qui
143 1578 355 1626 viverent,
402 1575 640 1634 nominare,
689 1589 741 1615 ne
779 1588 854 1616 vos
894 1574 1098 1615 curiosius
1138 1573 1342 1615 eliceretis
1380 1587 1433 1614 ex
1462 1587 1554 1622 me,
1609 1575 1708 1629 quid
1739 1575 1789 1615 de
1804 1587 1841 1612 πο

36 1653 204 1695 quoque
233 1638 489 1687 iudicarem,
522 1652 616 1685 eos,
648 1637 719 1692 qui
748 1638 829 1678 iam
861 1643 956 1678 sunt
985 1638 1163 1684 mortui,
1195 1635 1437 1677 nominabo.
1496 1639 1598 1678 Tum
1620 1639 1788 1685 Brutus,

36 1703 127 1742 Non
157 1707 242 1750 est,
274 1702 432 1756 inquit,
466 1701 543 1742 ista
574 1713 716 1746 causa,
750 1713 871 1755 quam
903 1699 1027 1747 dicis,
1057 1700 1330 1754 quamobrem
1361 1697 1411 1739 de
1436 1697 1511 1748 iis,
1545 1698 1616 1754 qui
1635 1699 1790 1746 vivunt,

36 1763 140 1805 nihil
178 1764 280 1806 velis
320 1764 470 1805 dicere.
531 1763 743 1812 Quaenam
775 1763 922 1815 igitur,
967 1763 1158 1816 inquam,
1206 1764 1297 1802 est?
1347 1760 1494 1802 Vereri
1524 1767 1585 1809 te,
1630 1762 1789 1816 inquit,

37 1826 241 1873 arbitror,
273 1839 324 1867 ne
354 1840 430 1880 per
458 1839 535 1867 nos
567 1828 632 1866 hic
661 1838 797 1866 sermo
830 1830 922 1865 tuus
954 1831 1117 1866 emanet
1147 1829 1187 1865 et
1215 1823 1245 1864 ii
1271 1821 1346 1864 tibi
1367 1829 1656 1872 succenseant,
1688 1837 1791 1879 quos

36 1889 317 1943 praeterieris.
379 1889 517 1937 Quid?
567 1901 662 1934 vos,
702 1887 893 1942 inquam,
937 1893 1073 1928 tacere
1105 1900 1188 1927 non
1219 1887 1434 1939 poteritis?
1484 1888 1567 1927 Nos
1597 1885 1841 1940 quidem,2⁵

37 1951 195 2005 inquit,
239 1949 454 2000 facillime;
503 1949 578 1991 sed
608 1956 745 1990 tamen
775 1955 814 1990 te
845 1948 1023 1990 arbitror
1052 1948 1173 1990 malle
1203 1947 1335 2001 ipsum
1368 1954 1505 1989 tacere
1538 1962 1660 2004 quam
1691 1949 1792 1989 taci-

38 2011 277 2056 turnitatem
309 2019 492 2054 nostram
522 2012 721 2068 experiri.
781 2014 876 2053 232.
910 2014 1014 2052 Tum
1036 2024 1136 2065 ego,
1167 2012 1274 2051 Vere
1295 2009 1390 2059 tibi,
1423 2010 1616 2066 inquam,
1649 2014 1790 2057 Brute,

39 2074 187 2116 dicam.
243 2077 336 2116 Non
365 2089 430 2116 me
461 2074 696 2116 existimavi
725 2074 766 2115 in
799 2074 877 2116 hoc
906 2086 1096 2115 sermone
1128 2087 1259 2128 usque
1290 2072 1341 2114 ad
1370 2074 1477 2114 hanc
1507 2079 1681 2114 aetatem
1704 2085 1794 2114 esse

38 2143 285 2188 venturum3
336 2137 409 2179 sed
447 2137 502 2179 ita
541 2138 667 2178 traxit
699 2139 804 2178 ordo
834 2142 1012 2178 aetatum
1045 2137 1298 2185 orationem,
1347 2142 1391 2178 ut
1420 2136 1502 2177 iam
1531 2137 1583 2176 ad
1612 2136 1795 2177 minores

39 2200 162 2241 etiam
201 2201 478 2254 pervenerim.
535 2201 756 2255 Interpone
793 2199 938 2254 igitur,
983 2199 1140 2254 inquit,
1188 2199 1223 2239 si
1263 2211 1367 2254 quos
1403 2196 1592 2248 videtur3
1645 2197 1841 2239 deinde³o

40 2264 260 2304 redeamus
290 2263 341 2302 ad
370 2268 410 2303 te
442 2267 482 2302 et
512 2261 564 2303 ad
593 2261 877 2307 Hortensium.
937 2263 1069 2303 Immo
1107 2274 1234 2310 vero,
1282 2262 1475 2316 inquam,
1527 2260 1579 2302 ad
1617 2262 1796 2303 Horten-

42 2325 171 2375 sium;
221 2323 271 2365 de
302 2337 368 2364 me
399 2323 467 2364 alii
497 2323 657 2372 dicent,
703 2323 737 2365 si
768 2325 837 2378 qui
874 2323 1027 2365 volent.
1087 2324 1258 2366 Minime
1298 2337 1426 2373 vere,
1478 2322 1630 2378 inquit:
1681 2336 1795 2371 nam,

43 2387 120 2428 etsi
150 2400 215 2428 me
245 2385 363 2427 facile
395 2387 507 2427 omni
537 2392 609 2427 tuo
638 2399 832 2427 sermone
863 2386 1053 2436 tenuisti,
1103 2393 1241 2428 tamen
1282 2387 1316 2427 is
1357 2386 1459 2427 mihi
1490 2387 1654 2440 longior
1683 2385 1798 2427 vide-

43 2455 130 2497 tur,
161 2450 273 2504 quod
301 2462 482 2504 propero
513 2450 655 2490 audire
687 2450 737 2489 de
767 2454 825 2498 te;
856 2462 934 2490 nec
963 2462 1062 2490 vero
1094 2454 1178 2490 tam
1199 2448 1250 2490 de
1270 2447 1493 2490 virtutibus
1515 2447 1678 2489 dicendi
1699 2446 1794 2495 tuis,

44 2526 150 2568 quae
171 2525 263 2554 cum
294 2510 507 2560 omnibus,
538 2517 624 2552 tum
655 2516 766 2552 certe
798 2512 898 2552 mihi
930 2512 1168 2553 notissimae
1197 2517 1315 2561 sunt,
1349 2525 1472 2566 quam
1503 2513 1614 2565 quod
1647 2511 1795 2564 gradus
1811 2518 1845 2546 ³⁵

44 2580 139 2617 tuos
169 2580 210 2616 et
239 2575 356 2629 quasi
385 2587 603 2627 processus
635 2572 796 2614 dicendi
834 2575 980 2615 studeo
1020 2587 1286 2627 cognoscere.
1348 2576 1444 2615 233.
1494 2576 1692 2622 Geoetur,
1735 2573 1796 2612 in-

47 2651 193 2692 quam,
225 2636 300 2678 tibi
330 2650 446 2686 mos,
492 2637 687 2692 quoniam
717 2649 783 2677 me
813 2650 897 2677 non
926 2636 1083 2690 ingenii
1113 2635 1443 2692 praedicatorem
1475 2649 1564 2678 esse
1594 2638 1680 2684 vis,
1723 2635 1796 2675 sed

47 2698 202 2741 laboris
232 2701 328 2742 mei.
386 2703 540 2742 Verum
569 2699 856 2753 interponam,
896 2704 941 2740 ut
969 2697 1125 2754 placet,
1171 2697 1275 2740 alios
1305 2704 1347 2740 et
1375 2712 1398 2740 a
1426 2701 1482 2740 M.
1507 2698 1678 2746 Crasso,
1726 2694 1798 2750 qui

48 2761 125 2804 suit
153 2763 335 2818 aequalis
365 2761 601 2810 Hortensii,
633 2761 841 2802 exordiar.

142 2901 177 2933 2.
204 2904 352 2934 aetatem
374 2902 412 2933 in
435 2903 609 2942 disparem
637 2906 818 2934 oratorum
842 2899 1015 2932 includere
1041 2899 1126 2933 Cod.
1154 2901 1239 2941 Reg.
1268 2901 1315 2939 Β,
1342 2901 1372 2932 R
1398 2899 1482 2941 («stc
1508 2900 1572 2932 Ed.
1598 2908 1650 2939 pr.
1673 2897 1800 2930 habere

52 2948 196 2981 fertur.»
224 2949 412 2981 Erras-nr.
461 2950 570 2981 Immo
598 2949 712 2981 habet.
742 2946 821 2988 Oa.)
869 2947 1072 2979 Manutius:
1104 2952 1253 2979 aetatem
1278 2950 1313 2979 in
1338 2949 1513 2986 disparem
1539 2950 1721 2977 oratorum
1746 2953 1802 2976 ae-

53 3000 157 3028 tatem
182 2995 356 3027 includere
383 2995 492 3028 Codd.
513 2997 596 3037 fleg.
623 2996 727 3027 ΑΕΒ.
756 2994 821 3026 Gu.
844 2995 874 3026 1.
896 2994 930 3025 2.
958 2993 1082 3025 Dresd.
1103 2995 1182 3026 Asc.
1209 2994 1333 3031 Peter,
1361 2998 1507 3025 aetatem
1531 2994 1601 3024 eius
1624 2993 1661 3023 in
1688 2992 1803 3032 dispa-

52 3051 125 3074 rem
149 3046 332 3073 oratorum
355 3046 504 3075 aetatem
528 3043 704 3074 includere
730 3049 805 3073 cum
832 3040 1000 3072 ambobus
1025 3040 1209 3079 stephanis
1237 3045 1270 3072 et
1295 3040 1415 3072 Lamb.
1435 3041 1475 3071 E.
1495 3055 1535 3063 —
1563 3039 1597 3071 5.
1624 3039 1743 3070 Ateius
1761 3038 1802 3075 E,

54 3094 93 3122 ut
119 3097 267 3128 semper.
297 3104 336 3111 —
362 3089 418 3120 10.
445 3089 579 3130 viyebat
604 3090 758 3121 Antonio
783 3087 828 3121 (id
851 3093 919 3124 est,
947 3086 1065 3119 sortior
1083 3092 1116 3119 et
1134 3089 1246 3119 acrior
1264 3087 1455 3119 habebatur
1473 3094 1576 3126 quam
1595 3085 1766 3117 Antonius
1780 3082 1804 3124 ς)

55 3137 132 3169 libri
159 3141 194 3168 et
218 3136 270 3167 R:
296 3135 435 3175 vigebat
461 3145 534 3167 cum
560 3136 712 3168 Antonio
737 3134 827 3167 Rob.
848 3134 1023 3173 Stephano
1050 3138 1192 3166 auctore
1219 3135 1258 3166 E.
1286 3148 1328 3154 —
1365 3133 1497 3164 dicente
1521 3133 1559 3163 in
1584 3132 1647 3164 illa
1673 3131 1803 3168 Aldus,

55 3183 203 3215 Lamb.:
244 3182 386 3213 dicente.
435 3181 478 3213 In
501 3182 566 3213 illa
591 3182 662 3214 RE.
693 3197 732 3206 —
772 3182 828 3213 15.
854 3180 970 3212 stadio
995 3180 1096 3213 Rivio
1121 3185 1261 3213 auctore
1287 3178 1428 3211 Lamb.:
1466 3179 1581 3210 studio
1607 3187 1684 3210 cum
1711 3178 1805 3210 libris

55 3230 137 3267 RE:
173 3234 208 3263 et
231 3229 296 3261 hoc
329 3229 569 3267 praetulerunt
601 3229 701 3261 Peter
734 3232 838 3269 atque
875 3226 1024 3258 Ellendt.
1061 3243 1106 3249 —
1143 3228 1198 3258 20.
1229 3227 1396 3266 eliyeretis
1419 3225 1554 3256 ABCD.
1581 3225 1641 3266 Lg.
1670 3229 1807 3265 praeter

56 3278 115 3309 20.
140 3276 198 3309 53.
224 3276 282 3308 68.
308 3276 366 3308 70.
393 3275 480 3308 Ven.
509 3277 543 3307 1.
571 3275 648 3306 Vat.
678 3274 744 3306 Gu.
764 3276 798 3307 1.
820 3275 853 3305 2.
881 3274 1004 3305 Dresd.
1032 3272 1261 3306 Emendatum
1289 3275 1390 3305 ettam
1414 3273 1448 3303 ln
1473 3272 1514 3304 R.
1545 3288 1581 3295 ·-
1610 3272 1666 3304 22.
1695 3272 1746 3303 his
1762 3270 1804 3301 R.

59 3340 100 3347 —
125 3323 183 3355 27.
211 3324 275 3356 tibi
298 3325 441 3363 inquam
466 3322 510 3352 D.
537 3321 598 3362 Lg.
627 3330 746 3353 omnes
773 3324 909 3360 praeter
934 3320 1040 3354 duos,
1081 3319 1148 3352 Gu.
1176 3321 1207 3351 1.
1236 3319 1285 3350 R:
1320 3320 1462 3360 inquam
1486 3318 1549 3350 tibi
1572 3318 1634 3361 Lg.
1662 3319 1720 3351 20.
1747 3317 1804 3350 53.

60 3369 127 3403 Gu.
145 3371 180 3403 2.
205 3370 329 3404 Dresd.
355 3369 396 3402 Ε.
423 3385 464 3392 -
490 3368 546 3401 32.
575 3367 696 3401 dicant
722 3367 871 3401 malebat
897 3367 1088 3400 Ernestius.
1118 3382 1158 3391 —
1185 3365 1241 3400 35.
1270 3366 1364 3406 quod
1389 3365 1530 3399 seclusit
1555 3365 1596 3398 E.
