2117 3762
268 217 349 258 mo
1035 203 1250 245 ORATOR

268 324 367 370 sim,
398 324 528 363 Ante
559 320 690 360 hunc
722 345 732 356 .
767 344 778 354 .
814 343 824 352 .
860 341 870 352 .
902 314 946 351 ut
970 308 1064 356 ille,
1096 321 1172 349 nec
1193 322 1298 363 quae
1319 312 1571 365 sequuntur,
1604 308 1707 347 Nos
1738 304 1850 346 ausi
1880 319 2016 347 rese-

269 399 382 428 rare
415 415 426 425 .
461 414 470 423 .
506 412 516 423 .
551 412 561 422 .
596 379 693 432 Legi
723 375 830 417 enim
865 371 1086 425 audivique
1117 371 1359 419 nonnullos,
1401 384 1577 426 quorum
1607 369 1912 422 propemodum
1942 366 2015 409 ab·

270 449 405 489 solute
435 444 750 485 concluderetur
781 436 929 477 oratio.
992 434 1113 482 Quod
1154 432 1223 488 qui
1264 447 1347 475 non
1377 439 1573 489 possunt,
1624 444 1707 472 non
1739 435 1801 471 est
1831 429 1889 470 eis
1919 431 2016 471 satis

270 524 353 551 non
384 504 609 550 contemni,
641 500 797 542 laudari
820 499 943 539 etiam
971 495 1126 537 volunt.
1186 496 1274 549 Ego
1306 501 1442 537 autem
1474 494 1564 536 illos
1594 493 1707 548 ipsos
1738 490 1860 533 laudo
1891 493 2017 548 idque

241 570 437 615 smerito‚
486 577 659 621 quorum
691 577 734 603 se
766 562 832 602 isti
862 560 1090 601 imitatores
1121 570 1210 598 esse
1242 556 1404 605 dicunt,
1450 557 1527 599 etsi
1564 557 1604 598 in
1637 556 1696 598 cis
1727 553 1880 610 aliquid
1910 554 2019 597 desi-

270 633 393 680 der03
426 633 499 671 hos
530 639 628 669 vero
659 624 847 670 minime,
879 621 950 676 qui
980 619 1083 662 nihil
1114 619 1278 661 illorum
1308 620 1387 660 nisi
1417 620 1561 663 vitium
1592 624 1842 674 sequuntur,
1875 631 1969 659 cum
1994 631 2020 660 a

269 695 386 737 bonis
416 692 551 732 absint
581 687 836 741 longissime.

382 756 474 795 172.
516 750 675 801 Quodsi
706 763 826 791 aures
857 753 938 788 tam
971 745 1214 787 inhumanas
1245 749 1410 800 tamque
1441 751 1623 799 agrestes
1653 748 1830 794 habent,
1862 757 1915 786 ne
1945 745 2020 785 do-

270 818 543 859 ctissimorum
576 812 743 868 quidem
774 813 961 852 virorum
993 822 1065 850 eos
1096 807 1280 849 movebit
1309 807 1562 849 auctoritas?
1606 810 1763 850 Omitto
1795 810 2020 849 Isocratem

219 894 255 920 ιο
270 880 570 934 discipulosque
591 875 701 923 eius,
734 873 948 929 Ephorum
980 877 1020 912 et
1050 873 1323 917 Naucratem,
1357 883 1607 924 quamquam
1638 870 1838 912 orationis
1867 869 2022 911 sacien-

267 942 342 983 dae
373 946 413 982 et
442 940 652 981 ornandae
688 942 877 977 auctores
914 932 1227 989 locupletissimi
1268 931 1417 973 summi
1447 931 1525 986 ipsi
1556 938 1743 974 oratores
1774 948 1865 975 esse
1896 931 2022 974 debe-

266 1003 376 1045 bant.
437 1002 518 1043 Sed
549 999 639 1055 quis
669 998 853 1039 omnium
884 996 1070 1044 doctior,
1114 996 1206 1050 quis
1237 994 1419 1042 acutior,
1461 994 1553 1048 quis
1583 995 1624 1034 in
1655 993 1778 1036 rebus
1812 995 1877 1036 vel
1907 996 2022 1036 inve-

267 1065 426 1107 niendis
469 1064 535 1104 vel
575 1061 806 1103 iudicandis
851 1059 990 1100 acrior
1031 1057 1252 1099 Aristotele
1293 1056 1395 1098 suit?
1447 1056 1538 1112 quis
1579 1069 1702 1111 porro
1748 1058 1916 1099 Isocrati
1961 1061 2024 1098 est

267 1130 506 1169 adversatus
535 1123 761 1166 infensius?
812 1124 849 1163 Is
880 1123 1004 1176 igitur
1033 1134 1198 1163 versum
1230 1121 1270 1160 in
1304 1118 1488 1160 oratione
1520 1124 1630 1160 vetat
1660 1132 1771 1166 esse,
1803 1133 2021 1161 numerum

218 1204 252 1229 1⁵
267 1189 393 1232 iubet.
450 1187 548 1229 Eius
580 1185 742 1227 auditor
772 1186 1033 1226 Theodectes
1063 1183 1282 1238 imprimis,
1316 1187 1361 1222 ut
1384 1181 1628 1222 Aristoteles
1650 1194 1774 1236 saepe
1804 1180 2020 1235 significat,

267 1252 420 1306 politus
460 1251 638 1304 scriptor
676 1253 798 1303 atque
839 1246 989 1287 artifex
1030 1246 1111 1286 hoc
1152 1243 1260 1286 idem
1300 1250 1340 1284 et
1380 1243 1503 1285 sentit
1543 1249 1584 1284 et
1612 1243 1828 1298 praecipit.
1888 1244 2025 1286 Theo-

266 1317 455 1370 phrastus
485 1325 584 1353 vcro
617 1310 763 1352 iisdem
795 1310 845 1350 de
877 1311 999 1349 rebus
1029 1308 1152 1349 etiam
1184 1309 1426 1350 accuratius,
1486 1307 1586 1356 Quis
1630 1319 1731 1359 ergo
1762 1307 1864 1347 istos
1893 1306 2023 1355 ferat,

267 1378 336 1432 qui
368 1375 442 1417 hos
472 1379 661 1415 auctores
691 1387 774 1414 non
806 1372 1012 1426 probent?
1062 1371 1140 1411 nisi
1178 1369 1346 1410 omnino
1385 1371 1484 1410 haec
1524 1382 1613 1410 esse
1644 1367 1694 1409 ab
1725 1370 1774 1409 iis
1805 1375 2025 1424 praecepta

266 1440 465 1480 nesciunt.
526 1438 616 1477 173.
649 1433 770 1485 Quod
801 1433 836 1475 si
867 1433 922 1474 ita
952 1439 1013 1474 est
1043 1456 1096 1463 —
1118 1446 1191 1473 nec
1223 1446 1322 1473 vero
1353 1431 1470 1472 aliter
1501 1430 1691 1472 existimo
1715 1454 1788 1479 —‚
1820 1431 1915 1487 quia
1945 1433 2025 1485 ipsi

217 1515 253 1540 20
268 1503 352 1545 suis
384 1498 570 1542 sensibus
601 1512 683 1539 non
715 1502 953 1543 moventur,
986 1495 1140 1536 nihilne
1173 1494 1232 1536 eis
1262 1495 1384 1535 inane
1400 1494 1586 1535 videtur?
1618 1493 1720 1535 nihil
1749 1494 2021 1543 inconditum,

267 1563 368 1606 nihil
399 1568 584 1610 curtum,
619 1559 720 1601 nihil
750 1557 1004 1606 claudicans,
1038 1558 1140 1598 nihil
1166 1556 1433 1598 redundans?
1464 1559 1510 1598 In
1533 1570 1654 1598 versu
1678 1557 1845 1612 quidem
1869 1556 2026 1599 theatra

269 1633 354 1668 tota
396 1623 640 1670 exclamant,
691 1623 726 1663 si
767 1620 845 1662 suit
882 1634 963 1662 una
992 1620 1148 1676 syllaba
1179 1626 1247 1661 aut
1276 1618 1444 1661 brevior
1475 1624 1544 1661 aut
1575 1619 1750 1673 longior.
1810 1622 1895 1660 Nec
1924 1633 2024 1660 vero

267 1688 486 1730 multitudo
517 1684 643 1739 pedes
674 1683 788 1726 novit
818 1696 892 1723 nec
922 1681 1028 1724 ullos
1058 1696 1256 1724 numeros
1288 1688 1397 1723 tenet
1426 1696 1502 1723 nec
1533 1681 1658 1730 illud,
1693 1681 1804 1736 quod
1837 1681 2023 1730 offendit,

268 1756 337 1791 aut
366 1763 439 1790 cur
469 1754 539 1789 aut
568 1747 608 1788 in
640 1760 720 1802 quo
754 1744 958 1794 offendat,
999 1745 1210 1799 intelligit;
1262 1751 1301 1786 ct
1331 1751 1467 1786 tamen
1499 1744 1684 1786 omnium
1717 1745 2022 1799 longitudinum

219 1818 308 1854 25et
338 1811 582 1853 brevitatum
614 1809 655 1851 in
686 1810 797 1851 sonis
827 1810 933 1850 sicut
962 1813 1175 1849 acutarum
1206 1807 1478 1863 graviumque
1520 1821 1668 1849 vocum
1707 1806 1908 1849 iudicium
1937 1809 2027 1863 ipsa

267 1880 412 1916 natura
444 1875 485 1915 in
515 1874 685 1914 auribus
715 1871 867 1913 nostris
898 1870 1132 1912 collocavit.

382 1938 468 1978 LII.
505 1936 597 1977 172,
650 1936 773 1977 Visne
804 1934 952 1988 igitur,
985 1936 1132 1981 Brute,
1168 1937 1298 1974 totum
1328 1933 1438 1973 hunc
1470 1932 1604 1973 locum
1634 1933 1868 1974 accuratius
1899 1933 2024 1973 etiam

269 2001 519 2056 explicemus
550 2012 672 2055 quam
704 1998 763 2039 illi
794 1996 895 2052 ipsi,
930 1995 999 2052 qui
1031 2002 1071 2037 et
1100 1997 1202 2036 haec
1234 2001 1274 2036 et
1305 1995 1373 2036 illa
1405 1997 1524 2036 nobis
1555 1995 1837 2044 tradiderunt,
1880 2010 1933 2036 an
1964 1994 2025 2036 his

270 2061 450 2104 contenti
490 2076 601 2109 esse,
648 2074 754 2115 quae
794 2062 845 2101 ab
886 2058 963 2100 illis
1004 2057 1113 2099 dicta
1153 2064 1272 2106 sunt,
1318 2061 1562 2110 possumus?
1613 2060 1693 2099 Sed
1734 2057 1832 2114 quid
1871 2071 2026 2112 quaero

222 2136 256 2162 ³0
273 2125 452 2173 velisne,
502 2138 594 2165 cum
631 2122 778 2165 litteris
819 2123 899 2163 tuis
945 2120 1221 2162 eruditissime
1258 2120 1420 2175 scriptis
1462 2125 1498 2160 te
1540 2121 1582 2160 id
1617 2120 1682 2161 vel
1713 2123 1892 2161 maxime
1923 2119 2029 2161 velle

271 2187 586 2243 perspexerim?
637 2186 820 2226 Primum
852 2197 951 2236 ergo
984 2184 1126 2236 origo,
1169 2183 1317 2223 deinde
1349 2196 1494 2229 causa,
1536 2191 1631 2235 post
1660 2188 1826 2230 natura,
1860 2188 1946 2224 tum
1977 2185 2030 2224 ad

274 2254 505 2291 extremum
536 2262 634 2289 usus
665 2249 754 2301 ipse
787 2245 1014 2301 explicetur
1044 2244 1244 2287 orationis
1275 2251 1394 2299 aptae
1426 2250 1547 2299 atque
1578 2259 1840 2287 numerosae.

384 2314 482 2352 Nam
514 2309 584 2366 qui
616 2312 838 2350 Isocratem
871 2310 1050 2349 maxime
1083 2307 1306 2353 mirantur,
1339 2309 1417 2347 hoc
1448 2306 1488 2347 in
1521 2308 1607 2348 eius
1637 2307 1808 2349 summis
1838 2307 2030 2350 laudibus

274 2373 436 2422 serunt,
489 2371 599 2427 quod
646 2370 784 2413 verbis
827 2372 972 2412 solutis
1016 2384 1211 2411 numeros
1256 2369 1412 2425 primus
1458 2369 1709 2412 adiunxerit.
1774 2370 1875 2412 Cum
1921 2371 2030 2412 enim

225 2447 259 2474 3⁵
276 2439 433 2478 videret
471 2441 658 2477 oratores
702 2448 794 2475 cum
837 2434 1056 2474 severitate
1097 2432 1252 2479 audiri.
1304 2437 1444 2487 poetas
1483 2438 1621 2474 autem
1661 2446 1754 2474 cum
1792 2432 2027 2488 voluptate,

276 2506 360 2540 tum
391 2498 542 2540 dicitur
571 2510 766 2538 numeros
797 2501 982 2543 secutus,
1031 2494 1181 2550 quibus
1213 2495 1334 2536 etiam
1366 2494 1408 2535 in
1440 2496 1627 2536 oratione
1657 2501 1891 2543 uteremur,
1937 2509 2031 2536 cum

274 2559 538 2603 iucunditatis
571 2572 719 2607 causa,
765 2564 850 2599 tum
880 2563 923 2598 ut
953 2558 1128 2598 varietas
1160 2563 1397 2598 occurreret
1427 2557 1614 2599 satietati.
1677 2559 1770 2598 175.
1822 2556 1946 2607 Quod
1978 2559 2030 2598 ab

368 2731 402 2762 4.
432 2731 525 2772 Ετῃο
555 2730 635 2761 Ern.
665 2736 802 2767 operae.
830 2743 871 2750 --
897 2728 931 2759 5.
958 2728 1010 2759 his
1037 2728 1106 2759 Vit.
1135 2727 1195 2759 Dr.
1217 2727 1259 2759 R.
1288 2744 1327 2749 -
1355 2728 1386 2757 9.
1415 2732 1529 2759 movet
1556 2728 1674 2764 Eins..
1701 2729 1847 2759 moverit
1874 2727 1923 2763 Α,
1951 2727 2028 2759 Vet.

281 2778 424 2817 Steph.,
454 2777 519 2808 Gu.
550 2778 583 2807 3.
614 2793 650 2799 -
680 2776 856 2807 Socratem
884 2774 964 2805 Ern.
994 2783 1133 2814 operae.
1165 2792 1202 2797 —-
1239 2775 1291 2805 11.
1323 2777 1514 2814 summique
1542 2774 1609 2804 Vit.
1640 2774 1698 2804 Dr.
1729 2774 1794 2806 Gu.
1825 2775 1857 2805 2.
1888 2775 1940 2811 R,
1968 2775 2032 2807 Pe-

281 2831 352 2861 ter,
381 2824 562 2855 manifesto
590 2831 719 2854 errore.
748 2838 784 2844 -
830 2821 999 2852 debebant
1025 2823 1050 2852 A
1070 2844 1078 2856 ,
1109 2822 1176 2853 Erl.
1208 2820 1274 2852 Gu.
1302 2820 1358 2852 3.:
1387 2822 1529 2852 debeant
1556 2829 1632 2852 cum
1661 2821 1755 2852 Eius.
1784 2821 1929 2861 aliisque
1956 2822 2030 2858 RE,

282 2871 399 2902 debent
424 2870 543 2910 Meyer
569 2872 660 2901 coni.
701 2886 737 2891 —
783 2868 838 2900 1Ιι.
867 2867 1033 2907 infensius
1057 2868 1126 2898 Vit.
1157 2869 1251 2899 Eius.
1288 2867 1349 2898 Dr.
1379 2868 1444 2899 (iu.
1474 2869 1506 2898 1.
1534 2867 1566 2897 2.
1595 2868 1650 2898 R:
1690 2870 1875 2906 impensius
1902 2867 1967 2899 Gu.
1996 2868 2029 2900 3.

283 2917 404 2948 l'alatt.
432 2917 524 2956 duo,
554 2917 592 2947 Ε.
620 2932 663 2938 -
688 2924 804 2947 versus
831 2914 924 2945 Eins.
953 2931 995 2935 —-
1022 2915 1077 2946 16.
1105 2918 1133 2944 et
1159 2921 1237 2948 ante
1265 2923 1294 2945 v.
1325 2916 1427 2945 sentit
1455 2923 1522 2945 om.
1553 2914 1700 2946 Rufinus
1728 2920 1760 2945 et
1779 2915 1818 2946 R.
1855 2931 1882 2934 —
1917 2914 1972 2945 17.
2002 2918 2033 2946 et

284 2964 402 2994 iisdem
431 2964 495 2995 vit.
528 2964 623 2995 Eius.
654 2963 711 2992 Dr.
742 2961 808 2993 Gu.
838 2962 870 2992 1.
898 2961 932 2991 2.
961 2961 1001 2992 11.
1045 2977 1084 2983 —
1123 2961 1178 2993 18.
1205 2964 1249 2992 iis
1278 2960 1447 2992 Rufinus.
1479 2960 1600 2991 isim:
1639 2962 1691 2991 liis
1717 2961 1791 2992 RE.
1822 2977 1861 2983 -
1890 2961 1945 2992 19.
1974 2969 2033 2992 ne-

286 3011 395 3040 sciunt
423 3010 489 3040 Vit.
521 3010 612 3041 Eine.
643 3004 700 3040 nr.
730 3009 824 3040 Mon.
854 3008 908 3038 R:
949 3009 1106 3039 nesciant
1145 3008 1184 3039 Ε.
1229 3025 1269 3031 -
1310 3010 1392 3047 quia
1426 3008 1495 3044 ipsi
1534 3007 1601 3038 Vit.
1642 3008 1736 3039 Eius.
1765 3007 1825 3038 Dr.
1852 3008 1950 3040 Mon.
1978 3008 2027 3039 R:

288 3056 395 3094 quid?
422 3057 487 3094 ipsi
514 3057 559 3094 Ε,
587 3057 670 3096 quin
694 3056 761 3095 ipsi
788 3055 856 3086 (ju.
885 3055 917 3085 1.
945 3055 979 3085 2.
1018 3072 1054 3077 —
1097 3055 1153 3085 21.
1180 3052 1329 3092 curtum]
1356 3054 1525 3084 incultum
1550 3055 1596 3092 Α,
1636 3054 1700 3085 Gu.
1730 3054 1764 3086 3.
1805 3070 1843 3076 -
1883 3055 1939 3085 22.
1967 3058 2032 3086 aut

288 3106 366 3133 ante
392 3101 523 3132 brevior
551 3111 617 3133 om.
639 3111 765 3141 operae
786 3100 1105 3134 Grutero-Gronov.
1133 3105 1166 3132 et
1185 3101 1347 3133 Ernestii.
1376 3099 1530 3139 (nabent
1555 3102 1658 3132 etiam
1680 3100 1746 3132 Gu.
1775 3105 1842 3132 tres
1863 3099 2030 3141 (31.8.)-

289 3147 346 3178 28.
375 3150 404 3177 et
430 3152 506 3178 ente
533 3148 611 3180 haec
637 3158 704 3180 om.
733 3148 802 3180 (iu.
831 3148 864 3179 3.
894 3164 934 3170 —-
974 3153 1004 3179 et
1030 3148 1094 3178 itta
1121 3147 1187 3178 Vit.
1219 3148 1312 3179 Eins.
1342 3146 1400 3177 Dr.
1428 3147 1523 3179 Mon.
1552 3147 1619 3178 Gu.
1648 3148 1704 3178 2:
1744 3151 1774 3179 et
1801 3147 1874 3177 alia
1899 3146 1965 3178 Gu.
1993 3147 2027 3178 1.

289 3194 322 3223 3.
351 3194 389 3225 Ε.
420 3209 458 3215 -
501 3193 556 3224 30.
582 3195 665 3225 illud
690 3196 837 3226 mamime
863 3195 902 3226 R.
942 3210 985 3216 -
1026 3193 1082 3225 31.
1111 3191 1207 3234 erqo]
1233 3195 1339 3234 iqttur
1367 3193 1432 3224 Vit.
1474 3209 1513 3215 —
1557 3194 1614 3226 33.
1641 3195 1865 3225 admirantur
1892 3192 1958 3223 Vit.
1989 3209 2025 3216 -

292 3241 414 3271 hocin
439 3237 524 3278 eius]
553 3241 588 3269 in
613 3241 673 3271 hoc
700 3250 774 3271 eum
801 3242 876 3274 Vct.
906 3239 1028 3280 Steph.
1059 3242 1126 3273 Erl.
1155 3240 1213 3279 (Ut
1240 3249 1300 3271 nos
1319 3263 1327 3276 ,
1370 3240 1479 3271 Codd.
1516 3239 1671 3283 sinceri.)
1712 3256 1748 3262 —
1787 3239 1844 3271 36.
1878 3242 2031 3272 uteretur

291 3287 344 3326 A,
371 3285 441 3318 Erl.
470 3284 536 3317 Gu·
563 3284 623 3325 3.,
650 3292 828 3320 uterentur
855 3288 929 3321 Vct.
960 3288 1106 3328 steph..
1133 3292 1271 3320 utemur
1298 3287 1377 3318 Ern.
1405 3295 1545 3326 operae.
