2117 3762
246 281 328 323 420
1017 277 1231 319 ORATOR

243 385 455 434 tumelias,
487 383 772 425 tantummodo
793 380 1052 423 adversarios
1073 381 1195 436 figet,
1229 395 1304 423 nec
1323 395 1394 423 eos
1418 386 1556 422 tamen
1577 392 1738 435 semper
1759 393 1835 421 nec
1855 393 1996 421 omnes

243 462 321 491 nec
350 448 462 490 omni
492 445 632 487 modo.
695 445 856 494 Quibus
887 444 1072 497 exceptis
1103 445 1160 484 sic
1191 450 1331 486 utetur
1360 445 1444 486 sale
1475 448 1516 484 et
1544 441 1723 491 facetiis,
1761 447 1808 483 ut
1836 455 1913 497 ego
1945 457 1999 484 ex

242 511 330 554 istis
359 511 478 552 novis
507 507 650 549 Atticis
681 506 804 547 talem
837 506 1102 561 cognoverim
1133 509 1360 555 neminem,
1401 520 1493 548 cum
1524 504 1565 546 id
1597 510 1707 546 certe
1739 503 1790 545 sit
1819 505 1885 546 vel
1914 518 2001 545 ma-

242 576 353 615 xime
394 570 588 613 Atticum.
651 571 717 610 90.
763 570 881 609 Hanc
919 581 995 622 ego
1036 566 1174 608 iudico
1215 567 1392 610 formam
1431 567 1639 610 summissi
1679 565 1879 619 oratoris,
1928 567 2000 607 sed

214 637 381 690 smagni
413 640 548 675 tamen
579 636 619 672 et
649 632 834 686 germani
865 632 1008 680 Atticm
1040 630 1238 684 quoniam
1270 630 1468 686 quidquid
1491 636 1552 672 est
1572 631 1725 671 salsum
1747 633 1818 687 aut
1838 627 2000 670 salubre

243 700 284 739 in
330 697 540 742 oratione,
586 695 628 735 id
666 693 884 748 proprium
926 693 1159 733 Atticorum
1201 698 1284 740 est,
1336 706 1358 734 e
1394 695 1544 749 quibus
1576 699 1712 733 tamen
1743 704 1825 732 non
1856 702 2001 731 omnes

242 759 378 801 faceti.
438 756 581 812 Lysias
612 758 710 797 satis
743 762 784 797 et
813 755 1072 812 Hyperides,
1114 753 1318 796 Demades
1348 762 1510 810 praeter
1540 761 1700 797 ceteros
1730 755 1882 802 fertur,
1922 755 2003 794 De-

243 822 480 862 mosthenes
513 820 648 861 minus
678 821 875 868 habetur3
910 832 991 873 quo
1026 816 1194 873 quidem
1226 816 1323 857 mihi
1353 816 1454 858 nihil
1484 816 1646 859 videtur
1674 815 1896 863 urbanius,
1929 815 2002 856 sed

242 898 324 924 non
356 889 438 923 tam
470 881 592 923 dicax
620 880 700 923 fuit
730 893 852 936 quam
886 880 1058 921 facetus.
1120 882 1191 921 Est
1220 885 1358 920 autem
1389 878 1490 920 illud
1520 879 1692 922 acrioris
1712 877 1892 933 ingenii,
1923 876 2002 919 hoc

192 959 228 985 10
242 947 412 988 maioris
442 944 556 986 artis.

352 1009 419 1049 91.
464 1006 641 1048 Uberius
672 1011 736 1048 est
763 1008 875 1048 aliud
906 1005 1205 1061 aliquantoque
1235 1004 1448 1046 robustius
1480 1017 1602 1059 quam
1631 1005 1712 1046 hoc
1740 1004 1920 1050 humile,
1952 1001 2003 1044 de

239 1085 323 1128 quo
364 1072 519 1112 dictum
559 1075 641 1116 est,
691 1068 950 1111 summissius
989 1074 1126 1109 autem
1162 1081 1286 1122 quam
1327 1066 1452 1115 illud,
1507 1068 1558 1107 de
1590 1068 1782 1122 quoiam
1815 1066 2000 1115 dicetur,

238 1132 551 1190 amplissimum.
610 1133 701 1173 Hoc
731 1134 773 1173 in
802 1145 956 1186 genere
985 1144 1211 1172 nervorum
1242 1128 1308 1170 vel
1339 1130 1578 1177 minimum,
1624 1130 1836 1170 suavitatis
1866 1134 2004 1170 autem

239 1204 302 1239 est
330 1196 398 1238 vel
425 1193 665 1252 plurimum.
725 1196 801 1235 Est
831 1195 938 1235 enim
970 1193 1131 1249 plenius
1154 1206 1276 1247 quam
1297 1194 1377 1233 hoc
1395 1192 1683 1241 enucleatum;
1721 1205 1843 1246 quam
1866 1196 2005 1233 autem

188 1259 341 1303 :sillud
371 1264 562 1301 ornatum
592 1256 893 1312 copiosumque
915 1255 1185 1297 summissius.
1245 1256 1415 1297 XXVII.
1448 1256 1516 1295 92.
1551 1253 1656 1295 Huic
1678 1255 1816 1295 omnia
1838 1252 2005 1295 dicendi

240 1327 483 1365 ornamenta
514 1320 767 1362 conveniunt
797 1319 1107 1374 plurimumque
1130 1323 1193 1359 est
1212 1318 1254 1358 in
1275 1316 1350 1358 hac
1377 1318 1578 1358 orationis
1608 1315 1745 1358 forma
1775 1318 2001 1359 suavitatis.

237 1388 285 1428 In
317 1398 397 1440 qua
426 1384 544 1426 multi
573 1381 807 1424 floruerunt
835 1384 946 1438 apud
971 1383 1173 1431 Graecos,
1207 1379 1279 1421 sed
1304 1381 1527 1421 Phalereus
1550 1379 1786 1421 Demetrius
1816 1393 1911 1420 meo
1942 1380 2006 1421 iu-

240 1449 349 1490 dicio
389 1445 598 1501 praestitit
636 1446 805 1495 ceteris;
854 1445 972 1487 cuius
1010 1444 1147 1486 oratio
1189 1459 1282 1485 cum
1323 1446 1464 1484 sedate
1504 1441 1748 1498 placideque
1789 1443 2001 1498 loquitur,

238 1517 325 1565 tum
356 1510 566 1552 illustrant
597 1523 688 1550 eam
718 1507 836 1563 quasi
866 1507 1008 1550 stellae
1039 1508 1243 1562 quaedam
1272 1505 1416 1547 tralata
1452 1507 1582 1547 verba
1611 1510 1734 1561 atque
1769 1505 2002 1548 immutata.

189 1589 226 1616 20
240 1574 404 1617 Tralata
434 1587 483 1615 ea
513 1572 628 1622 dico,
678 1577 724 1612 ut
765 1585 890 1627 saepe
929 1571 1035 1620 iam,
1083 1583 1189 1625 quae
1218 1583 1295 1625 per
1324 1568 1638 1610 similitudinem
1669 1571 1720 1610 ab
1753 1570 1833 1611 alia
1861 1582 1908 1610 re
1938 1572 2008 1609 aut

239 1636 452 1681 suavitatis
483 1640 554 1678 aut
581 1634 749 1690 inopiae
781 1647 904 1675 causa
935 1631 1256 1674 transferuntur.
1318 1635 1495 1680 Mutata,
1527 1633 1569 1673 in
1601 1632 1754 1686 quibus
1775 1646 1853 1686 pro
1874 1634 2006 1674 verbo

238 1701 411 1757 proprio
453 1697 674 1741 subiicitur
713 1696 848 1746 aliud,
903 1697 1015 1751 quod
1044 1694 1156 1737 idem
1189 1694 1418 1750 significet,
1467 1701 1677 1749 sumptum
1709 1709 1761 1736 ex
1791 1708 1838 1736 re
1869 1695 2006 1749 aliqua

240 1762 524 1819 consequenti.
586 1763 654 1802 93.
704 1761 828 1810 Quod
868 1772 1114 1814 quamquam
1157 1757 1445 1800 transferendo
1475 1757 1543 1807 fit,
1597 1764 1737 1799 tamen
1767 1756 1847 1798 alio
1879 1755 2006 1798 modo

238 1825 468 1872 transtulit,
512 1838 607 1865 cum
637 1822 742 1864 dixit
771 1823 953 1871 Ennius,
1001 1835 1117 1862 arce
1149 1827 1198 1862 et
1227 1824 1355 1863 urbe
1389 1824 1517 1862 orba
1548 1835 1677 1862 sum:
1730 1820 1811 1862 alio
1850 1821 2004 1868 modo,

189 1889 276 1932 2ssi
311 1902 388 1944 pro
425 1888 561 1943 patria
608 1899 783 1927 arcem
823 1884 1021 1935 dixisset3
1076 1889 1117 1925 et
1160 1883 1427 1925 horridam
1472 1882 1710 1925 Africam
1749 1875 2007 1925 ‘terribili

241 1959 471 1996 tremere
501 1949 731 1992 tumultu
761 1963 854 1990 cum
875 1949 998 1997 dicit,
1032 1961 1110 2001 pro
1130 1946 1238 1988 Afris
1259 1948 1449 1988 immutat
1469 1946 1666 1988 Africam.
1725 1948 1843 1988 Hanc
1873 1946 2008 1987 ὑπαλ-

242 2015 376 2070 λαγὴν
405 2016 617 2062 rhetores,
655 2014 751 2067 quia
781 2013 898 2068 quasi
929 2015 1233 2052 summutantur
1262 2012 1391 2052 verba
1419 2023 1495 2065 pro
1528 2009 1688 2058 verbis,
1737 2015 2007 2064 μετωνυμίαν

242 2078 498 2134 grammatici
534 2082 708 2123 vocant,
759 2073 871 2130 quod
900 2074 1070 2115 nomina
1099 2072 1417 2114 transferuntur.
1480 2073 1548 2113 94.
1595 2071 1838 2114 Aristoteles
1868 2076 2007 2112 autem

240 2141 450 2183 tralationi
491 2144 533 2180 et
571 2141 674 2180 haec
712 2137 804 2191 ipsa
845 2135 1056 2190 subiungit
1087 2141 1128 2177 et
1159 2137 1428 2185 abusionem,
1481 2149 1605 2190 quam
1637 2135 1906 2190 κατάχρησιν
1935 2147 2009 2175 vo-

193 2216 229 2243 :30
243 2209 359 2251 cant,
389 2208 436 2244 ut
455 2217 549 2243 cum
580 2202 837 2243 minutum
859 2198 1032 2240 dicimus
1053 2199 1236 2239 animum
1258 2213 1334 2252 pro
1358 2212 1517 2253 parvo
1531 2230 1542 2246 ‚
1575 2203 1615 2239 et
1635 2196 1845 2240 abutimur
1864 2196 2007 2241 verbis

241 2266 507 2323 propinquis,
559 2265 593 2306 si
632 2277 738 2317 opus
777 2268 861 2310 est,
911 2261 977 2304 vel
1017 2261 1128 2317 quod
1159 2261 1333 2303 delectat
1361 2260 1428 2303 vel
1458 2263 1569 2316 quod
1600 2259 1735 2303 decet.
1795 2263 1882 2303 Iam
1913 2274 2006 2302 cum

242 2329 456 2372 fluxerunt
486 2329 702 2369 continuae
732 2327 872 2381 plures
902 2324 1160 2373 tralationes,
1212 2325 1292 2365 alia
1321 2323 1442 2377 plane
1471 2322 1518 2364 fit
1549 2323 1702 2366 oratio.
1763 2325 1907 2378 Itaque
1938 2336 2009 2378 ge-

243 2407 321 2435 nus
351 2393 431 2435 hoc
463 2391 607 2433 Graeci
637 2389 844 2444 appellant
875 2389 1166 2443 σῗλληγορίαν,
1199 2386 1367 2428 nomine
1398 2392 1537 2436 recte,
1572 2400 1726 2441 genere
1747 2387 1896 2428 melius
1919 2385 2005 2435 ille,

246 2456 318 2511 qui
360 2455 438 2497 ista
480 2452 622 2496 omnia
660 2451 901 2493 tralationes
940 2455 1075 2492 vocat.
1138 2451 1251 2491 Haec
1290 2448 1529 2506 frequentat
1564 2449 1791 2491 Phalereus
1828 2449 2008 2491 maxime

197 2530 232 2558 ³5
248 2522 424 2574 suntque
455 2514 715 2564 dulcissima,
761 2519 802 2556 et
832 2527 1084 2568 quamquam
1114 2512 1280 2555 tralatio
1317 2519 1378 2554 est
1406 2512 1517 2569 apud
1546 2526 1640 2555 eum
1670 2514 1822 2562 multa,
1869 2517 2009 2554 tamen

340 2670 375 2702 5.
403 2671 452 2702 est
483 2675 610 2699 sanum
640 2667 678 2698 in
702 2666 862 2697 oratione
892 2674 952 2698 «ex
978 2673 1047 2697 uno
1073 2669 1142 2699 vet.
1171 2663 1258 2697 Cod.
1287 2661 1351 2705 (⁵2)»
1378 2664 1500 2697 Lamb.
1528 2665 1595 2698 Sed
1628 2664 1689 2697 cfr.
1725 2664 1872 2705 Quintil.
1907 2662 1948 2702 6,
1972 2665 2006 2704 3,

251 2717 308 2751 18.
331 2732 368 2739 ·-
398 2716 432 2748 6.
451 2715 594 2755 proprie
613 2713 729 2750 Eins.‚
751 2712 863 2745 Oxon.
886 2730 924 2736 --
954 2712 1009 2743 11.
1032 2733 1040 2742 .
1062 2734 1071 2744 .
1095 2732 1103 2740 .
1125 2716 1326 2752 quantoque
1343 2710 1533 2753 robustius]
1563 2713 1654 2744 Hinc
1672 2713 1844 2751 incipiunt
1862 2711 2008 2744 Codices

251 2765 380 2796 manci.
410 2779 446 2786 -
477 2761 535 2794 13.
561 2758 761 2800 suavitatis]
793 2760 975 2800 sauyuae‘nz's
999 2758 1137 2791 volebat
1163 2759 1367 2797 schutzius,
1393 2760 1557 2791 sanitatis
1582 2759 1697 2792 Beier.
1728 2774 1767 2782 —
1804 2760 1861 2791 15.
1889 2759 2009 2790 omnia

251 2811 321 2852 fere
362 2808 498 2842 dicendi
540 2807 702 2840 Schutzio
729 2810 871 2838 auctore
899 2805 1048 2838 Goeller.
1095 2823 1131 2829 —
1177 2806 1234 2837 17.
1263 2806 1444 2838 Plzalerius
1469 2806 1512 2838 R.
1557 2821 1596 2828 —
1642 2805 1699 2837 18.
1734 2805 1882 2847 liquitur
1919 2804 2007 2839 Cod.

250 2857 476 2890 Abrincensis
502 2853 583 2897 (A),
622 2854 752 2885 labitur
774 2852 949 2892 Purgoldo
976 2856 1117 2885 auctore
1147 2852 1229 2884 Sch.
1259 2858 1293 2884 et
1320 2853 1472 2886 Goeller.
1512 2869 1550 2875 —
1599 2851 1657 2884 19.
1696 2852 1793 2884 Libri
1832 2853 2008 2894 plerique,

250 2905 282 2937 R
309 2911 342 2938 et
369 2905 395 2936 L
422 2904 478 2935 hic
503 2906 538 2934 et
561 2904 596 2933 in
622 2909 722 2941 seqq.
750 2899 927 2931 translata
953 2903 1017 2931 cet.
1067 2899 1098 2930 A
1123 2899 1227 2932 habet
1251 2901 1401 2932 tralata.
1430 2916 1468 2923 —
1493 2902 1633 2932 mutata
1661 2898 1726 2931 Gu.
1755 2898 1788 2930 3.
1817 2917 1859 2923 —
1884 2900 1940 2931 20.
1968 2907 2009 2931 ea

253 2960 322 2983 om.
349 2952 393 2983 R.
422 2966 467 2972 —-
493 2949 540 2981 ad
564 2948 673 2979 uliam
697 2955 771 2978 rem
795 2947 857 2978 Dr.
884 2946 981 2978 Mon.
1012 2945 1078 2978 Gu.
1109 2947 1141 2978 1.
1168 2947 1202 2978 2.
1231 2946 1274 2978 R.
1304 2945 1389 2988 (non
1414 2943 1468 2987 A.)
1498 2963 1535 2969 —
1563 2947 1620 2978 21.
1648 2946 1840 2979 Immutata
1865 2945 1945 2978 Sch.
1966 2961 2005 2968 -

253 2998 310 3029 24.
339 3006 454 3030 arcem
472 3001 502 3029 et
529 2995 649 3027 urbem
667 2994 770 3025 orbas
787 2993 859 3025 alio
877 2993 947 3025 Vit.
970 2993 1066 3024 Eius.
1098 2994 1159 3025 Dr.
1191 2992 1258 3025 Gu.
1279 2994 1311 3025 1.
1332 2995 1365 3025 2.
1385 2993 1435 3031 R,
1465 2996 1586 3025 arcent
1603 2994 1719 3026 urbem
1737 2992 1860 3024 orbam
1876 2993 1947 3024 alio
1963 2991 2006 3024 A.

254 3045 488 3077 Emendatum
513 3047 564 3075 est
591 3051 630 3075 ex
656 3041 761 3072 Tusc.
789 3040 834 3078 3,
869 3040 928 3078 19,
961 3039 1019 3071 44.
1048 3056 1089 3062 -
1116 3041 1174 3072 25.
1206 3041 1238 3071 si
1263 3049 1331 3072 om.
1359 3039 1421 3071 Dr.
1450 3039 1515 3072 Gu.
1545 3041 1579 3072 1.
1606 3040 1665 3078 2.;
1693 3039 1788 3072 unde
1816 3039 2007 3080 aliquando

254 3093 484 3131 scripseram:
526 3089 599 3122 alio
624 3088 752 3123 modo,
788 3095 853 3126 pro
876 3087 1001 3127 patria
1033 3094 1148 3119 arcem
1184 3087 1288 3118 discit.
1324 3086 1391 3118 On.
1435 3086 1511 3127 (Vv.
1544 3087 1575 3118 si
1601 3095 1670 3127 pro
1694 3103 1710 3109 -
1733 3103 1748 3109 -
1773 3086 1936 3123 dixisset,-
1977 3088 2009 3117 et

256 3139 395 3170 seclusit
422 3134 590 3175 Goeller.)
629 3151 670 3158 -
712 3134 770 3165 26.
810 3133 943 3166 Graeca
970 3133 1100 3166 Graece
1127 3135 1355 3173 scripsimus:
1394 3133 1518 3165 Latine
1544 3134 1585 3165 E.
1625 3150 1663 3156 -
1705 3132 1764 3165 29.
1799 3133 1938 3165 ethaeo
1961 3131 2005 3171 A,

256 3184 326 3215 Gu.
354 3184 414 3216 3.:
441 3185 521 3215 haec
547 3192 615 3214 orn.
643 3185 675 3214 et
701 3181 824 3213 ceteris
851 3188 929 3212 cum
956 3179 1052 3213 libris
1078 3180 1150 3212 RE.
1177 3195 1222 3204 —-
1246 3180 1302 3211 31.
1330 3178 1435 3220 decet]
1462 3181 1538 3212 licet
1562 3180 1634 3212 vit.
1662 3179 1758 3212 Eins.
1786 3179 1848 3211 Dr.
1877 3178 1942 3210 Gu.
1970 3180 2004 3210 1.

254 3231 291 3263 2.
320 3231 361 3262 R.
412 3229 616 3262 Emendavit
642 3228 719 3260 Car.
745 3227 866 3267 Steph.
895 3236 935 3258 ex
961 3236 1023 3259 suo
1051 3227 1136 3259 Cod.
1174 3226 1385 3268 firmantque
1425 3229 1531 3260 ceteri
1565 3229 1702 3263 manci,
1744 3230 1784 3258 ut
1809 3225 1875 3258 Gu.
1901 3223 1935 3257 3.
1965 3241 2003 3248 —

255 3278 335 3309 Iam
360 3276 603 3318 confluxerunt
627 3274 750 3306 Palatt.
780 3274 871 3308 duo,
901 3274 968 3305 Gu.
996 3275 1029 3305 1.
1057 3274 1091 3306 3.
1110 3297 1120 3313 ‚
1147 3273 1226 3304 Iam
1250 3282 1328 3305 cum
1352 3274 1592 3317 confluxerunt
1616 3273 1745 3314 Gryph.
1771 3289 1816 3295 --
1842 3272 1898 3303 32.
1927 3280 2006 3302 con-

256 3326 377 3356 tinuae
400 3323 516 3362 plures
541 3330 618 3354 cum
645 3321 740 3353 libris
766 3321 795 3352 R
812 3344 821 3358 ,
847 3321 900 3352 L:
940 3321 1057 3361 plures
1082 3321 1267 3353 continuae
1293 3328 1370 3354 cum
1396 3321 1488 3354 Crat.
1518 3319 1618 3354 Grut.
1652 3320 1693 3353 E.
1732 3334 1774 3344 —
1814 3317 1871 3351 33.
1911 3322 2005 3352 recto

257 3371 320 3405 Ι)ι·.
349 3369 416 3403 Gu.
444 3370 478 3402 1.
506 3368 540 3401 2.
568 3368 614 3402 R.
645 3385 682 3393 -
710 3367 768 3401 34.
794 3367 974 3400 Phalerius
998 3368 1040 3400 R.
