2117 3762
271 260 353 303 364
1044 266 1242 308 BRUTUS

271 380 344 417 e0‚
377 369 489 423 quod
519 369 672 414 dicam,
705 367 935 410 existimari
965 373 1117 424 potest.
1180 373 1272 414 138.
1316 374 1450 424 Quam
1481 370 1599 413 multi
1631 373 1741 413 enim
1771 372 1853 412 iam
1885 377 2021 414 orato-

270 444 337 472 res
377 430 686 472 commemorati
725 435 820 470 sunt
860 435 900 471 et
939 445 1062 487 quam
1093 433 1162 473 diu
1191 435 1232 475 in
1264 450 1408 478 eorum
1439 435 1749 476 enumeratione
1781 448 2017 484 versamur,

270 507 363 535 cum
392 499 530 534 tamen
560 492 687 546 spisse
719 498 841 547 atque
871 494 961 541 vix,
993 499 1040 534 ut
1070 496 1225 537 dudum
1255 498 1306 540 ad
1336 499 1658 540 Demosthenem
1691 502 1732 538 et
1762 498 2017 552 Hyperiden,

270 557 328 597 sic
357 570 466 598 nunc
497 554 549 596 ad
577 554 804 596 Antonium
835 555 1110 611 Crassumque
1139 560 1424 613 pervenimus!
1476 562 1578 600 Nam
1612 573 1688 613 ego
1721 559 1779 599 sic
1811 558 2018 608 existimo,

241 621 345 660 shos
383 624 571 660 oratores
615 616 742 659 fuisse
781 619 986 660 maximos
1025 626 1066 661 et
1101 619 1143 662 in
1173 620 1235 662 his
1264 623 1441 677 primum
1471 635 1565 664 cum
1596 624 1851 663 Graecorum
1883 620 2019 675 gloria

267 682 410 724 Latine
440 678 602 721 dicendi
631 681 793 735 copiam
823 686 1055 737 aequatam.
1115 684 1324 727 XXXVII.
1356 686 1448 726 139.
1497 685 1644 725 Omnia
1682 685 1904 725 veniebant
1940 684 2024 723 An-

269 744 384 786 tonio
414 742 457 783 in
487 747 690 793 mentem3
739 757 870 798 eaque
901 758 977 785 suo
1009 759 1198 802 quaeque
1237 747 1353 795 loco,
1394 748 1464 788 ubi
1495 747 1715 803 plurimum
1746 744 1951 802 proficere
1983 749 2025 786 et

267 805 405 847 valere
435 810 628 860 possent,
673 811 719 847 ut
748 808 800 847 ab
831 808 1085 860 imperatore
1116 810 1297 864 equites,
1338 809 1518 862 pedites,
1559 811 1662 851 levis
1693 812 1925 855 armatura,
1967 806 2024 848 sic

268 869 319 908 ab
360 866 430 908 illo
472 868 514 908 in
558 869 736 910 maxime
777 872 1020 924 opportunis
1060 873 1259 913 orationis
1302 872 1492 924 partibus
1534 872 1860 913 collocabantur.
1921 871 2022 912 Erat

219 939 256 965 10
269 930 473 971 memoria
501 945 680 979 summa,
713 932 826 973 nulla
856 934 1135 976 meditationis
1166 933 1361 989 suspicio.
1422 935 1648 988 Imparatus
1671 947 1835 989 semper
1855 933 2025 988 aggredi

268 994 320 1033 ad
351 991 570 1034 dicendum
602 993 838 1037 videbatur:
889 998 963 1037 sed
993 997 1050 1037 ita
1081 1001 1170 1037 erat
1198 1003 1388 1049 paratus,
1429 1000 1474 1035 ut
1502 996 1682 1045 iudices,
1722 996 1792 1037 illo
1825 995 2018 1043 dicente,

268 1069 563 1111 nonnunquam
609 1058 851 1099 viderentur
896 1072 979 1100 non
1024 1061 1123 1100 satis
1166 1060 1296 1114 parati
1341 1056 1394 1099 ad
1439 1060 1668 1100 cavendum
1713 1058 1856 1100 fuisse.
1928 1059 2022 1098 140.

268 1120 405 1159 Verba
443 1117 535 1172 ipsa
578 1133 661 1161 non
700 1120 769 1161 illa
815 1120 981 1176 quidem
1023 1121 1329 1175 elegantissimo
1362 1133 1580 1161 sermone:
1633 1121 1769 1175 itaque
1802 1121 2025 1176 diligenter

268 1183 466 1239 loquendi
497 1182 619 1224 laude
650 1184 780 1224 caruit
810 1198 945 1239 neque
976 1189 1114 1225 tamen
1145 1191 1205 1226 est
1236 1182 1458 1224 admodum
1491 1181 1702 1238 inquinate
1732 1183 1917 1225 locutus:
1957 1181 2028 1224 sed

218 1255 255 1282 1⁵
271 1245 360 1293 illa,
393 1260 498 1301 quae
531 1246 702 1299 proprie
733 1247 822 1287 laus
845 1248 1022 1288 oratoris
1045 1252 1106 1288 est
1125 1248 1167 1287 in
1187 1244 1349 1287 verbis:
1383 1269 1437 1275 —
1457 1259 1553 1286 nam
1573 1245 1707 1299 ipsum
1729 1247 1872 1287 Latine
1894 1246 2024 1301 loqui,

270 1315 333 1350 est
364 1308 466 1350 illud
496 1307 687 1364 quidem,
730 1314 775 1349 ut
803 1309 942 1364 paullo
973 1315 1068 1350 ante
1099 1308 1208 1357 dixi,
1250 1311 1291 1350 in
1322 1322 1473 1362 magna
1501 1307 1623 1349 laude
1652 1308 1915 1361 ponendum,
1956 1309 2029 1350 sed

269 1385 355 1413 non
384 1376 466 1412 tam
496 1385 571 1412 sua
601 1377 770 1427 sponte,
815 1386 938 1427 quam
969 1371 1082 1427 quod
1114 1377 1176 1413 est
1203 1385 1227 1412 a
1258 1371 1467 1426 plerisque
1499 1370 1753 1426 neglectum3
1804 1385 1888 1412 non
1918 1372 2027 1412 enim

270 1440 353 1475 tam
383 1435 640 1490 praeclarum
671 1439 732 1475 est
762 1435 870 1475 scire
901 1435 1042 1476 Latine
1073 1448 1196 1490 quam
1227 1439 1347 1488 turpe
1378 1434 1565 1484 nescire;
1598 1447 1735 1487 neque
1763 1438 1845 1474 tam
1867 1432 1909 1474 id
1929 1431 2029 1473 mihi

273 1498 451 1539 oratoris
472 1498 572 1538 boni
595 1511 716 1551 quam
735 1497 834 1538 civis
851 1499 1024 1539 Romani
1042 1497 1259 1552 proprium
1282 1495 1444 1537 videtur
1463 1511 1540 1536 —:
1574 1497 1646 1537 sed
1667 1502 1806 1537 tamen
1827 1496 2028 1536 Antonius

219 1570 256 1596 20
270 1561 311 1601 in
342 1559 479 1602 verbis
510 1566 552 1601 et
573 1561 798 1615 eligendis,
830 1574 966 1615 neque
988 1561 1029 1600 id
1050 1561 1186 1615 ipsum
1218 1565 1300 1600 tam
1331 1559 1487 1614 leporis
1519 1572 1642 1600 causa
1662 1572 1786 1612 quam
1807 1556 2023 1613 ponderis,

271 1628 312 1664 et
343 1622 596 1664 collocandis
628 1629 668 1664 et
698 1622 1071 1677 comprehensione
1110 1622 1392 1662 devinciendis
1423 1620 1525 1662 nihil
1556 1635 1640 1661 non
1672 1622 1724 1661 ad
1755 1621 1961 1662 rationem
1993 1623 2033 1660 et

271 1694 481 1743 tamquam
513 1687 563 1727 ad
596 1692 729 1727 artem
759 1685 988 1740 dirigebat3
1036 1699 1182 1726 verum
1224 1684 1353 1726 multo
1390 1685 1520 1739 magis
1549 1685 1631 1725 hoc
1660 1683 1769 1724 idem
1799 1684 1842 1723 in
1872 1687 2034 1723 senten-

270 1751 419 1790 tiarum
451 1751 704 1790 ornamentis
736 1754 776 1789 et
805 1746 1222 1789 conformationibus,
1286 1749 1380 1788 141.
1416 1748 1510 1797 Quo
1542 1760 1696 1801 genere
1727 1745 1827 1801 quia
1853 1749 2035 1800 praestat

271 1812 463 1854 omnibus
494 1813 819 1860 Demosthenes,
851 1813 1010 1852 idcirco
1041 1825 1062 1852 a
1085 1810 1216 1852 doctis
1249 1816 1463 1851 oratorum
1495 1815 1558 1850 est
1587 1810 1781 1865 princeps
1812 1807 2032 1849 iudicatus.

219 1882 260 1909 2⁵
272 1876 487 1930 Σχήματα
518 1876 628 1916 enim
659 1889 764 1929 quae
794 1881 946 1916 vocant
969 1875 1140 1921 Graeci,
1175 1886 1224 1913 ea
1244 1871 1426 1913 maxime
1448 1878 1596 1913 ornant
1618 1872 1872 1919 orationem;
1904 1881 2035 1924 eaque

270 1952 354 1980 non
386 1946 467 1980 tam
497 1939 538 1978 in
569 1940 707 1979 verbis
738 1937 955 1993 pingendis
986 1937 1142 1978 habent
1170 1934 1359 1991 pondus,
1403 1948 1526 1988 quam
1557 1935 1598 1974 in
1629 1933 1909 1974 illuminandis
1942 1944 2036 1972 sen-

269 2001 420 2043 tentiis.
479 2002 710 2043 XXXVIII.
759 2003 840 2042 Sed
871 2015 963 2041 cum
995 2001 1099 2040 haec
1129 2012 1278 2051 magna
1307 1998 1348 2037 in
1380 1997 1584 2044 Antonio,
1628 2001 1715 2036 tum
1756 1995 1862 2036 actio
1895 1995 2036 2048 singu-

269 2063 393 2105 laris:
447 2077 551 2118 quae
583 2064 616 2104 si
646 2063 862 2118 partienda
894 2063 1027 2104 estin
1058 2067 1216 2116 gestum
1255 2064 1378 2114 atque
1420 2072 1590 2107 vocem,
1641 2063 1781 2112 gestus
1822 2061 1912 2097 erat
1950 2068 2034 2096 non

271 2129 400 2168 verba
430 2126 688 2182 exprimens,
723 2128 796 2167 sed
827 2139 918 2167 cum
950 2123 1164 2165 sententiis
1186 2136 1442 2176 congruens,
1476 2135 1639 2169 manus,
1672 2120 1858 2167 humeri,
1892 2120 2034 2166 latera,

221 2194 260 2220 ³⁰
274 2189 485 2246 supplosio
507 2189 649 2245 pedis,
683 2195 834 2236 status,
866 2190 1050 2229 incessus
1074 2188 1290 2239 omnisque
1321 2190 1459 2226 motus
1494 2183 1603 2238 [cum
1632 2183 1771 2224 verbis
1804 2180 2038 2222 sententiis-

275 2267 355 2307 que
394 2250 695 2306 consentiens];
745 2265 827 2292 vox
868 2263 1134 2306 permanens,
1181 2262 1325 2290 verum
1367 2251 1570 2289 subrauca
1610 2249 1771 2287 natura.
1832 2245 1913 2285 Sed
1955 2247 2035 2285 hoc

273 2314 420 2356 vitium
462 2315 559 2356 huic
596 2316 668 2355 uni
711 2316 754 2354 in
795 2313 950 2355 bonum
999 2310 1283 2355 convertebat.
1359 2313 1452 2352 142.
1505 2311 1694 2351 Habebat
1739 2306 1848 2348 enim
1900 2305 2038 2348 flebile

277 2379 473 2432 quiddam
513 2377 556 2419 in
598 2378 883 2433 questionibus
923 2381 1147 2432 aptumque
1184 2388 1278 2416 cum
1315 2375 1367 2415 ad
1407 2372 1530 2415 fidem
1570 2369 1822 2418 faciendam,
1869 2375 1957 2411 tum
1987 2372 2039 2410 ad

275 2439 601 2481 misericordiam
634 2442 1004 2481 commovendam:
1056 2444 1104 2479 ut
1141 2451 1288 2479 verum
1325 2438 1537 2477 videretur
1566 2435 1609 2476 in
1640 2434 1718 2476 hoc
1753 2433 1880 2481 illud,
1927 2431 2040 2488 quod

225 2507 262 2535 ³⁵
278 2505 596 2545 Demosthenem
627 2501 763 2544 ferunt
794 2504 854 2551 ei,
890 2504 959 2558 qui
991 2501 1286 2557 quaesivisset,
1322 2499 1423 2554 quid
1454 2499 1633 2554 primum
1655 2502 1763 2538 esset
1784 2498 1827 2536 in
1848 2495 2038 2542 dicendo,

276 2565 509 2615 actionem;
557 2567 656 2620 quid
699 2564 945 2612 secundum,
992 2566 1103 2605 idem
1145 2569 1185 2605 et
1224 2565 1334 2604 idem
1376 2564 1540 2604 tertium
1577 2558 1857 2614 respondisse.
1918 2558 2039 2599 Nulla

276 2643 342 2670 res
373 2630 503 2683 magis
535 2634 724 2684 penetrat
753 2630 794 2669 in
825 2630 984 2669 animos
1015 2641 1170 2681 eosque
1201 2626 1336 2681 fingit,
1369 2625 1539 2673 format,
1570 2623 1701 2665 flectit
1727 2623 1912 2675 talesque
1945 2635 2040 2662 ora-

276 2697 390 2734 tores
420 2692 553 2733 videri
582 2691 702 2741 facit,
737 2691 876 2748 quales
907 2691 988 2745 ipsi
1019 2706 1061 2732 se
1092 2689 1229 2731 videri
1259 2689 1417 2731 volunt.

392 2757 485 2796 143.
533 2755 639 2796 Huic
668 2755 736 2796 alii
765 2768 908 2810 parem
940 2769 1030 2795 esse
1062 2753 1276 2799 dicebant,
1317 2752 1386 2793 alii
1416 2751 1727 2804 anteponebant
1756 2750 1802 2789 L.
1829 2748 2036 2788 Crassum.

227 2819 382 2860 “⁰Illud
424 2819 590 2873 quidem
631 2823 741 2859 certe
782 2831 926 2858 omnes
962 2818 1020 2857 ita
1054 2816 1313 2863 iudicabant,
1363 2815 1571 2855 neminem
1608 2826 1722 2860 esse,
1775 2811 1847 2867 qui
1886 2812 2039 2851 horum

279 2881 410 2923 altero
440 2886 534 2922 utro
566 2887 745 2936 patrono
776 2881 1019 2935 cuiusquam
1061 2877 1274 2932 ingenium
1315 2877 1558 2931 requireret.
1618 2872 1845 2929 Equidem,
1901 2885 2044 2927 quam-

375 3071 406 3104 3.
434 3071 634 3113 Hyperiden
660 3079 698 3103 ex
727 3069 836 3101 Codd.
866 3070 914 3100 T:
943 3068 1154 3110 Hyperidem
1172 3068 1245 3099 RE.
1273 3083 1318 3088 —-
1355 3066 1411 3098 15.
1437 3065 1588 3105 propria
1614 3063 1737 3096 Lamb.
1759 3081 1797 3086 —
1826 3063 1883 3095 25.
1911 3062 2042 3094 oratio-

282 3129 357 3152 nem
383 3120 425 3150 D.
455 3120 520 3151 Gu.
543 3120 599 3154 1..
627 3122 664 3149 ut
689 3117 826 3149 volebat
844 3116 990 3148 Lamb.:
1020 3120 1193 3146 oratorem
1221 3122 1300 3145 cum
1329 3115 1451 3145 ceteris
1474 3112 1546 3143 RE.
1573 3128 1618 3133 —
1654 3111 1711 3142 30.
1742 3110 1802 3142 Vv.
1832 3119 1906 3140 cum
1930 3108 2043 3140 verbis

284 3167 526 3205 sententiisque
553 3166 768 3196 consentiens
795 3163 982 3195 Schuetzio
1011 3167 1044 3194 et
1071 3161 1298 3201 Bernhardyo
1326 3158 1526 3192 auctoribus
1553 3159 1773 3191 seclusimus.
1811 3154 2042 3196 (consentiens

285 3222 355 3244 om.
379 3211 472 3248 Asc.)
500 3227 540 3233 —-
567 3211 623 3242 32.
651 3211 914 3242 convertebatur
939 3210 1118 3242 Manutius
1135 3232 1143 3247 ‚
1171 3208 1330 3239 vertebat
1354 3205 1476 3238 Lamb.
1505 3206 1573 3237 Sed
1600 3205 1661 3236 ct'r.
1689 3204 1731 3236 de
1757 3204 1840 3235 Fato
1868 3199 1904 3240 ἕ.
1926 3201 1982 3232 17.
2001 3218 2039 3224 —

286 3259 341 3291 33.
371 3258 670 3297 conquestionibus
695 3258 816 3289 Lamb.
852 3257 921 3289 Csr.
961 3257 1058 3288 Orat.
1094 3253 1130 3295 ἕ.
1164 3255 1244 3286 135.
1285 3254 1326 3286 de
1361 3254 1459 3285 Orat.
1491 3253 1533 3289 2,
1572 3253 1636 3285 22,
1675 3251 1733 3283 9'4.
1771 3265 1814 3272 —-
1847 3248 1905 3278 [41.
1932 3248 2042 3279 altero

284 3309 364 3338 utro
390 3305 450 3345 Lg.
477 3304 510 3335 8.
537 3304 593 3336 35.
623 3304 679 3336 39.
707 3305 764 3337 51.
792 3304 848 3337 53-
876 3303 933 3336 56.
960 3303 1017 3336 58.
1045 3302 1102 3334 68.
1127 3302 1185 3334 70.
1224 3301 1311 3334 Ven.
1341 3301 1374 3332 1.
1415 3300 1482 3333 Gu.
1509 3300 1544 3330 2.
1571 3299 1721 3331 Dresd.:
1766 3296 1937 3327 alterutro
1964 3302 2044 3327 cum

288 3352 409 3385 ceteris
436 3351 476 3383 Ε.
