2117 3762
674 291 774 332 LlB.
807 289 881 329 111.
944 287 988 328 C.
1022 290 1090 329 31.
1123 289 1191 330 32.
1225 288 1293 329 33.
1773 287 1853 327 317

101 403 234 457 tisque
257 414 307 443 ex
324 397 522 454 angustiis
542 401 752 438 oratorem
774 395 951 435 educere
973 408 1095 436 ausus
1117 407 1160 435 es
1183 399 1223 434 et
1244 394 1284 434 in
1308 392 1511 433 maiorum
1535 403 1703 431 suorum
1725 402 1854 441 regno

102 464 334 506 collocaret
383 462 568 514 Namque
608 457 700 498 illos
740 463 904 497 veteres
946 459 1137 498 doctores
1176 463 1449 510 auctoresque
1489 452 1654 494 dicendi
1697 451 1853 493 nullum

101 540 232 581 genus
263 524 553 580 disputationis
583 534 605 562 a
636 535 678 561 se
710 521 888 560 alienum
920 528 1084 574 putasse
1122 520 1356 573 accepimus
1399 529 1645 572 semperque
1684 528 1772 556 csse
1816 517 1855 555 in

100 588 215 630 omni
244 587 443 628 orationis
474 584 632 625 ratione
670 589 869 623 versatos.
934 586 1023 624 127.
1064 585 1125 623 Ex
1165 583 1315 637 quibus
1358 581 1481 620 Eleus
1524 577 1717 633 ltippias,
1763 591 1855 617 cum

103 650 335 706 Olympiam
366 648 545 688 venisset
574 646 754 685 maxima
795 644 861 685 illa
893 644 1186 700 quinquennali
1223 642 1462 684 celebritate
1504 640 1720 689 ludorum,
1771 639 1887 694 glo-5

103 716 229 754 riatus
260 717 343 758 est,
375 714 523 750 cuncta
552 719 684 760 paene
717 706 911 748 audiente
935 707 1128 754 Graecia,
1160 705 1262 746 nihil
1293 719 1382 746 esse
1415 704 1495 745 ulla
1526 706 1568 744 in
1599 709 1684 744 arte
1717 716 1855 743 rerum

102 777 307 821 omnium,
352 773 462 826 quod
503 771 592 822 ipse
634 770 835 816 nescir‹=t;
885 785 958 811 nec
1000 769 1134 810 solum
1174 771 1246 809 has
1285 774 1419 814 artes,
1466 767 1619 821 quibus
1662 764 1857 806 liberales

102 838 314 877 doctrinae
344 841 465 888 atque
496 832 700 885 ingenuae
731 834 1064 877 continerentur,
1107 832 1403 885 geometriam,
1447 829 1668 876 musicam,
1702 828 1859 869 littera-

102 913 193 941 rum
224 898 504 952 cognitionem
537 901 578 935 et
608 900 822 950 poetarum
855 901 976 950 atque
1007 894 1099 942 illa,
1143 908 1249 949 quae
1280 895 1330 934 de
1361 895 1518 933 naturis
1550 906 1711 939 rerum,
1752 904 1857 945 quae

102 963 153 1002 de
184 960 398 1002 hominum
428 956 639 1006 moribus,
686 973 793 1012 quae
825 960 875 998 de
908 959 1034 998 rebus
1066 956 1240 1011 publicis
1271 955 1533 1003 dicerentur,
1567 956 1639 995 sed
1669 954 1907 1000 anulum,1o

102 1035 225 1078 quem
253 1021 445 1069 haberet,
480 1020 671 1074 pallium,
705 1034 789 1075 quo
820 1021 1022 1066 amictus,
1056 1033 1226 1064 soccos,
1270 1017 1418 1073 quibus
1449 1017 1615 1058 indutus
1647 1023 1780 1064 esset,
1814 1027 1857 1056 se

101 1098 177 1126 sua
217 1098 342 1124 manu
384 1084 627 1124 confecisse.
693 1085 781 1126 128.
820 1083 983 1124 Scilicet
1022 1082 1142 1122 nimis
1183 1080 1247 1121 bic
1287 1082 1454 1134 quidem
1497 1086 1558 1120 est
1595 1092 1857 1134 progressus,

101 1148 174 1188 sed
205 1161 258 1188 ex
288 1159 339 1188 eo
367 1148 458 1201 ipso
490 1152 551 1186 est
582 1145 821 1187 coniectura
852 1144 1005 1192 facilis,
1037 1148 1235 1199 quantum
1269 1142 1345 1183 sibi
1376 1142 1435 1183 illi
1459 1147 1647 1183 oratores
1668 1144 1717 1182 de
1741 1155 1861 1194 prae-

101 1209 339 1251 clarissimis
378 1210 535 1249 artibus
575 1209 845 1263 appetierint,
892 1208 962 1262 qui
1002 1220 1053 1248 ne
1095 1205 1350 1247 sordidiores
1382 1207 1551 1260 quidem
1583 1204 1856 1259 repudiarint.

102 1271 212 1321 Quid
268 1272 319 1312 de
359 1272 534 1311 Prodico
577 1272 690 1311 Ceo?
744 1273 794 1311 de
845 1271 1152 1325 Thrasymacho
1194 1269 1499 1316 Chalcedonio,
1548 1269 1597 1308 de
1638 1269 1909 1319 Protagoran·

101 1332 298 1374 Abderita
329 1332 504 1387 loquar?
536 1346 715 1387 quorum
745 1346 851 1373 unus
883 1333 1057 1387 quisque
1088 1331 1315 1385 plurimum
1348 1331 1606 1384 temporibus
1636 1328 1715 1369 illis
1737 1329 1860 1369 etiam

103 1397 154 1437 de
186 1402 332 1437 natura
361 1409 500 1436 rerum
533 1403 573 1437 et
603 1394 797 1436 disseruit
827 1400 868 1435 et
897 1396 1079 1447 scripsit.
1143 1396 1237 1435 129.
1272 1396 1365 1449 Ipse
1401 1393 1470 1433 ille
1501 1391 1729 1432 Leontinus
1761 1392 1864 1432 Gor-

104 1459 214 1512 gias,
246 1472 329 1513 quo
359 1465 532 1513 patrono
552 1488 562 1505 ,
596 1464 643 1499 ut
672 1456 786 1498 Plato
818 1458 973 1504 voluit,
1005 1456 1256 1511 philosopho
1279 1454 1495 1497 succubuit
1517 1459 1679 1502 orator,
1711 1476 1765 1483 -
1795 1454 1863 1508 qui

104 1528 176 1564 aut
217 1536 301 1563 non
341 1527 404 1562 est
442 1522 574 1562 victus
613 1533 797 1575 unquam
835 1533 858 1559 a
890 1520 1058 1559 Socrate
1090 1533 1227 1573 neque
1259 1532 1397 1560 serino
1428 1517 1496 1559 ille
1527 1516 1710 1558 Platonis
1742 1528 1864 1557 verus

105 1591 188 1636 est;
233 1590 332 1633 aut,
374 1585 407 1624 si
438 1588 501 1624 est
529 1582 690 1631 victus,
732 1581 997 1638 eloquentior
1027 1581 1219 1623 videlicet
1246 1580 1324 1622 fuit
1354 1586 1395 1622 et
1425 1579 1622 1621 disertior
1653 1580 1861 1625 Socrates,
1879 1587 1914 1612 20

106 1653 173 1696 et,
216 1654 262 1688 ut
293 1653 336 1688 tu
368 1645 572 1702 appellas,
617 1644 831 1700 copiosior
867 1651 908 1685 et
947 1644 1095 1685 melior
1125 1650 1270 1686 orator
1298 1667 1374 1692 -—-,
1407 1644 1478 1684 sed
1509 1641 1575 1683 hic
1600 1643 1642 1683 in
1671 1641 1741 1682 illo
1773 1640 1863 1695 ipso

105 1710 286 1752 Platonis
316 1709 424 1751 libro
456 1710 508 1750 de
531 1709 643 1749 omni
664 1722 732 1756 re,
766 1721 1038 1763 quaecunque
1062 1708 1104 1747 in
1126 1707 1465 1759 disceptationem
1492 1705 1865 1759 quaestionemque

106 1778 350 1820 vocaretur,
397 1785 441 1813 se
473 1772 762 1824 copiosissime
793 1771 999 1812 dicturum
1031 1783 1120 1811 esse
1149 1769 1394 1823 profitetur;
1440 1770 1558 1822 isque
1588 1768 1781 1821 princeps
1813 1779 1866 1805 ex

107 1833 299 1875 omnibus
330 1847 456 1875 ausus
487 1839 550 1874 est
579 1834 620 1873 in
651 1837 861 1873 conventu
883 1845 1077 1885 poscere,
1109 1846 1190 1888 qua
1212 1834 1263 1872 de
1283 1846 1330 1873 re
1353 1830 1530 1886 quisque
1552 1829 1676 1871 vellet
1697 1830 1863 1877 audire3

107 1898 174 1938 cui
202 1901 338 1937 tantus
369 1898 502 1937 honos
531 1893 695 1936 habitus
727 1900 789 1935 est
817 1908 840 1935 a
870 1895 1064 1942 Graecia,
1097 1894 1173 1936 soli
1204 1900 1251 1936 ut
1282 1908 1334 1935 ex
1365 1892 1558 1935 omnibus
1580 1891 1751 1947 Delphis
1782 1903 1866 1931 non
1880 1897 1915 1922 2⁵

106 1958 297 2000 inaurata
340 1963 474 1999 statua
517 1956 589 1998 sed
630 1971 759 1998 aurea
802 1962 1070 1998 statueretur.
1134 1960 1227 1999 130.
1273 1958 1353 1998 Sed
1394 1958 1445 2004 ii,
1494 1968 1598 2011 quos
1638 1953 1864 2000 nominavi,

107 2021 309 2076 multique
349 2027 568 2077 praeterea
610 2021 761 2061 summi
803 2019 966 2061 dicendi
1012 2021 1205 2061 doctores
1234 2034 1317 2060 uno
1351 2025 1541 2071 tempore
1571 2018 1768 2066 suerunt;
1816 2029 1868 2056 ex

108 2085 260 2138 quibus
289 2083 462 2138 intelligi
491 2088 628 2138 potest
656 2084 713 2124 ita
745 2095 788 2123 se
817 2096 908 2123 rem
939 2084 1119 2131 habere,
1160 2088 1206 2123 ut
1236 2087 1308 2131 tu,
1343 2083 1513 2129 Crasse,
1559 2081 1686 2129 dicis,
1731 2083 1870 2120 orato-

108 2148 249 2203 risque
291 2160 445 2189 nomen
488 2148 598 2202 apud
640 2147 831 2200 antiquos
873 2146 915 2186 in
949 2147 1120 2187 Graecia
1159 2144 1316 2186 maiore
1348 2142 1528 2200 quadam
1557 2142 1624 2184 vel
1653 2140 1774 2194 copia
1802 2138 1870 2181 vel

109 2210 244 2265 gloria
274 2211 479 2251 floruisse.
543 2211 637 2250 131.
672 2210 765 2258 Quo
798 2209 966 2264 quidem
997 2210 1127 2263 magis
1158 2209 1331 2257 dubito,
1375 2205 1502 2248 tibine
1532 2205 1625 2261 plus
1656 2204 1788 2246 laudis
1818 2216 1870 2243 an
1883 2209 1918 2235 ³0

112 2271 278 2313 Graecis
308 2272 624 2327 vituperationis
655 2276 834 2312 statuam
864 2284 954 2312 esse
986 2270 1278 2321 tribuendum;
1329 2284 1424 2311 cum
1464 2275 1510 2310 tu
1548 2270 1591 2309 in
1621 2269 1703 2309 alia
1732 2268 1872 2320 lingua

110 2347 157 2375 ac
177 2335 363 2375 moribus
383 2340 503 2375 natus
519 2366 529 2382 ,
560 2332 878 2388 occupatissima
907 2334 948 2374 in
979 2334 1144 2375 civitate
1176 2333 1241 2375 vel
1262 2334 1520 2389 privatorum
1540 2331 1718 2385 negotiis
1738 2341 1870 2385 paene

111 2398 304 2439 omnibus
346 2397 413 2439 vel
451 2395 565 2438 orbis
606 2401 741 2437 terrae
782 2395 1076 2449 procuratione
1117 2410 1164 2437 ac
1195 2396 1346 2437 summi
1374 2394 1543 2448 imperii
1573 2391 1872 2447 gubernatione

112 2461 348 2508 districtus,
393 2464 547 2500 tantam
585 2459 668 2500 vim
710 2471 852 2500 rerum
882 2459 1247 2515 cognitionemque
1287 2457 1652 2513 comprehenderis
1697 2466 1871 2508 eamque

111 2537 276 2566 omnem
306 2536 401 2564 eum
432 2523 545 2569 eius,
593 2520 665 2575 qui
695 2521 868 2562 consilio
908 2527 948 2562 et
978 2523 1166 2563 oratione
1205 2522 1249 2561 in
1287 2521 1455 2562 civitate
1494 2518 1653 2566 valeat,
1704 2513 1920 2557 scientia³⁵

112 2592 237 2642 atque
269 2584 571 2628 exercitatione
609 2584 806 2634 sociaris;
848 2582 909 2624 illi
939 2585 1023 2624 nati
1053 2585 1095 2625 in
1125 2582 1276 2624 litteris
1307 2583 1582 2635 ardentesque
1615 2581 1679 2620 his
1710 2575 1870 2623 studiis,

114 2651 202 2691 otio
231 2662 333 2692 vero
364 2647 623 2696 diffluentes,
654 2660 739 2688 non
769 2646 894 2689 modo
925 2646 1028 2688 nihil
1058 2645 1343 2702 acquisierint,
1376 2646 1448 2686 sed
1478 2657 1530 2684 ne
1561 2642 1752 2684 relictum
1784 2638 1874 2693 qui-

115 2713 211 2753 dem
241 2717 284 2752 et
313 2710 511 2753 traditum
543 2716 584 2751 et
613 2724 733 2751 suum
764 2710 1119 2752 conservaverint.
1178 2709 1376 2751 XXXIII.
1422 2709 1514 2748 132.
1552 2708 1654 2746 Tum
1686 2705 1870 2748 CraSSUS,

121 2790 1879 2810 ——ssss———dd—-q

208 2861 244 2893 4.
272 2861 426 2894 Heriln‘us
451 2862 494 2894 R.
522 2879 563 2885 —-
590 2861 623 2894 6.
648 2860 771 2902 paene]
796 2869 897 2902 saepe
922 2860 994 2892 AB.
1029 2878 1066 2886 —-
1095 2861 1317 2893 audientibus
1342 2861 1384 2892 B.
1414 2876 1451 2883 —
1487 2858 1521 2891 8.
1551 2857 1768 2889 continentur
1793 2852 1874 2885 Vet.

117 2908 238 2948 Steph-
265 2913 300 2940 et.
324 2909 460 2948 aliquot
483 2909 565 2949 Lag.
596 2926 636 2932 —
663 2909 719 2940 10.
748 2908 892 2939 anulum
916 2907 1044 2945 MLR:
1073 2908 1244 2939 annulum
1271 2909 1311 2939 E.
1342 2924 1381 2930 —
1418 2907 1472 2937 12.
1501 2914 1565 2937 sua
1591 2904 1619 2934 Α
1646 2902 1801 2940 alitque:
1841 2906 1877 2930 se

117 2965 181 2988 sua
206 2953 288 2994 (Βῖ)
316 2954 391 2987 RE.
419 2973 460 2978 —
485 2956 621 2996 quidem
646 2956 699 2986 hic
725 2955 766 2986 R.
798 2970 833 2976 -
875 2953 931 2986 13.
958 2955 1025 2994 ipsi
1050 2953 1122 2988 AB.
1151 2972 1187 2978 —
1235 2960 1282 2986 est
1309 2963 1377 2986 om.
1404 2954 1446 2984 Α.
1475 2969 1516 2975 —
1556 2951 1609 2982 illi
1633 2949 1692 2980 ΑΒ
1718 2949 1874 2987 aliique:

117 3002 172 3034 illi
198 3002 265 3042 ipsi
290 3002 365 3034 RE.
408 3017 450 3023 —
490 3003 546 3033 14.
575 3004 778 3042 appeterent
802 3000 875 3032 AB.
918 3018 955 3024 —
994 3001 1223 3040 repudiarent
1265 3001 1306 3033 B.
1346 3014 1387 3022 -
1430 2999 1486 3030 15.
1528 2996 1589 3029 Ceo
1615 2996 1726 3028 Oxon.
1755 3001 1874 3031 unus,

118 3049 264 3082 Lamb.:
292 3048 373 3080 Chio
391 3048 516 3087 B,RE,
544 3057 612 3080 om.
632 3049 674 3080 Α.
698 3065 735 3072 —-
764 3048 805 3079 de
825 3048 1080 3088 Thrasymacho
1098 3047 1156 3078 ΑΒ
1183 3048 1333 3088 aliique:
1361 3046 1444 3085 quid
1461 3046 1502 3075 de
1522 3041 1776 3082 Thrasymacho
1802 3038 1875 3071 RE.

122 3112 159 3118 —
189 3095 418 3128 Calchedonio
444 3095 486 3126 Τ.
515 3111 551 3118 -
580 3094 637 3126 19.
665 3104 736 3127 ηοη
763 3103 830 3127 om.
855 3095 894 3126 Β.
924 3110 960 3114 -
988 3094 1045 3126 ille
1068 3101 1179 3125 sermo
1198 3094 1239 3126 R.
1270 3109 1310 3116 —-
1337 3093 1394 3124 20.
1421 3092 1531 3122 victus
1556 3094 1635 3122 ante
1661 3087 1879 3128 eloquentior

120 3151 190 3175 om.
216 3142 290 3174 ΑΒ.
320 3157 359 3164 -
402 3141 460 3172 21.
488 3144 520 3172 et
544 3145 624 3174 ante
649 3145 687 3172 ut
713 3145 751 3172 tu
777 3150 844 3173 om.
871 3141 944 3173 AB.
973 3155 1014 3162 —
1054 3141 1130 3180 ipso
1156 3150 1225 3172 om.
1253 3140 1325 3172 ΑΒ.
1368 3154 1408 3160 -
1450 3136 1507 3168 23.
1532 3141 1710 3169 revocetur
1734 3134 1806 3166 ΑΒ.
1834 3147 1878 3155 —-

119 3189 178 3221 26.
206 3189 271 3221 Sed
295 3188 353 3219 ΑΒ
379 3188 530 3227 aliique,
565 3187 618 3219 R:
655 3189 763 3228 Atque
790 3188 830 3219 E.
872 3205 910 3211 —
949 3187 984 3218 1ιί
1008 3186 1080 3218 ΑΒ.
1111 3203 1148 3209 -
1188 3187 1246 3218 27.
1273 3185 1464 3225 summique
1488 3183 1530 3214 A.
1559 3199 1600 3206 —
1639 3183 1794 3214 doctores
1821 3178 1879 3211 AB

121 3236 276 3276 aliique:
306 3239 462 3266 auctores
488 3243 555 3274 mg.
583 3234 610 3264 B
638 3239 672 3265 et
697 3234 745 3272 E,
772 3237 928 3266 oratores
953 3234 994 3265 R.
1025 3249 1065 3255 —
1092 3232 1149 3264 28.
1179 3231 1246 3272 ita]
1276 3242 1298 3263 a
1323 3232 1363 3263 Α.
1394 3247 1431 3253 -
1461 3230 1518 3262 30.
1542 3230 1625 3271 plus
1651 3238 1719 3261 om.
1741 3228 1813 3259 AB.
1838 3242 1876 3248 —

121 3282 179 3314 31.
207 3286 361 3313 statuam
386 3289 455 3312 esse
484 3280 705 3312 tribuendum
739 3279 800 3312 AR
833 3281 986 3321 aliique:
1029 3287 1098 3311 esse
1136 3279 1356 3311 tribuendum
1390 3280 1548 3309 statuam
1575 3277 1613 3308 E.
1655 3276 1716 3313 (Ex
1742 3275 1768 3306 B
1794 3270 1879 3305 nihil

122 3329 206 3361 mihi
232 3333 389 3362 notatum
415 3331 467 3360 est
492 3328 556 3358 nisi
583 3325 834 3365 tribuendam.)
862 3344 899 3350 —
929 3323 1016 3366 alia]
1045 3326 1108 3356 illa
1133 3326 1175 3357 R.
1205 3341 1241 3347 —-
1270 3324 1327 3355 32.
1354 3325 1450 3356 natis
1475 3325 1514 3355 Β.
1542 3340 1583 3346 -
1609 3322 1665 3354 34.
1694 3322 1879 3353 destrictus

122 3376 196 3409 AB.
217 3392 257 3399 —
284 3384 399 3410 rerum
425 3383 495 3407 om.
522 3373 596 3407 AB.
620 3390 658 3398 —
686 3371 740 3405 36.
767 3373 926 3408 ardentes
942 3374 984 3406 R.
1005 3386 1047 3395 -
1072 3371 1128 3405 37.
1155 3370 1340 3414 defluentes
1357 3371 1401 3404 R.
1427 3385 1466 3393 —-
1498 3369 1556 3403 38.
1581 3368 1817 3404 conservarint
1833 3365 1877 3398 A.
