2117 3762
263 205 343 246 48⁵„
790 194 1091 238 ORATORIAE
1120 194 1470 236 PARTITIONES

263 322 455 364 rogamus
484 309 644 348 nosmet
672 304 782 358 ipsos
802 307 869 342 aut
888 304 1179 356 percontamur
1200 305 1270 342 aut
1289 300 1537 355 imperamus
1558 302 1628 339 aut
1649 302 1840 351 optamus
1854 330 1864 348 ,
1899 312 2004 355 quae

262 377 355 413 sunt
384 385 474 412 cum
505 369 592 410 aliis
623 362 901 417 compluribus
933 364 1228 403 sententiarum
1254 367 1510 404 ornamenta.
1571 359 1711 403 Vitare
1733 366 1870 402 autem
1892 363 2006 402 simi-

261 433 473 476 litudinem
503 429 749 485 poterimus,
781 439 864 466 non
895 438 1058 479 semper
1087 439 1111 464 a
1134 427 1347 479 proposito
1379 426 1612 473 ordientes3
1646 422 1741 464 etsi
1763 437 1845 464 non
1866 423 2007 465 omnia

263 496 505 549 disputando
536 488 866 534 confirmabimus
897 489 1161 542 breviterque
1190 487 1420 536 interdum,
1455 499 1560 541 quae
1583 490 1705 526 erunt
1726 486 1825 526 satis
1846 490 2003 540 aperta,

233 570 483 613 sponemus3
531 555 721 608 quodque
753 564 804 591 ex
835 549 896 590 his
927 547 1149 596 efficietur,
1183 549 1217 590 si
1246 548 1287 590 id
1318 555 1508 605 apertum
1539 548 1611 597 sit,
1644 562 1728 589 non
1757 547 2006 589 habebimus

261 634 426 662 necesse
457 629 618 671 semper
647 612 907 655 concludere.

372 682 478 722 XIV.
525 680 590 719 48.
623 679 664 720 C.
687 678 730 717 F.
774 673 904 723 Quid,
944 672 1033 720 illa,
1074 685 1178 727 quae
1210 673 1298 714 sine
1330 677 1415 713 arte
1446 673 1732 728 appellantur,
1765 686 1870 728 quae
1900 673 2004 714 iam-

261 748 410 787 dudum
441 744 649 794 assumpta
677 737 835 784 dixisti,
870 748 1097 789 ecquonam
1128 733 1275 782 modo,
1307 748 1535 789 ecquonam
1557 736 1648 777 loco
1674 735 1773 776 artis
1794 735 2006 789 indigent?

261 812 302 850 C.
326 809 369 847 Ρ.
403 805 474 846 Illa
505 816 604 845 vero
634 799 838 853 indigent,
885 811 961 838 nec
991 811 1040 838 eo
1073 796 1265 837 dicuntur
1295 796 1383 837 sine
1414 801 1523 846 arte,
1557 800 1668 853 quod
1698 799 1754 838 ita
1785 804 1901 846 sunt,
1935 799 2008 839 sed

210 884 245 907 πο
260 870 369 924 quod
402 881 449 908 ea
479 880 561 906 non
591 864 695 919 parit
725 861 900 902 oratoris
931 873 1016 906 ars,
1049 858 1121 900 sed
1151 858 1252 900 foris
1284 858 1335 900 ad
1365 873 1408 899 se
1430 861 1564 900 delata
1584 865 1719 902 tamen
1741 866 1827 902 arte
1850 865 2005 907 tractat,

258 938 298 973 et
328 931 504 971 maxime
535 928 577 969 in
608 924 792 966 testibus.
852 924 921 963 49.
971 924 1073 962 Nam
1104 926 1145 962 et
1174 923 1224 962 de
1256 926 1343 962 toto
1386 935 1538 975 genere
1579 924 1764 972 testium,
1813 936 1936 978 quam
1965 922 2008 964 id

257 995 308 1035 sit
337 991 568 1038 infirmum,
617 1000 739 1041 saepe
776 986 997 1026 dicendum
1036 988 1120 1033 est,
1173 990 1212 1024 et
1241 989 1486 1036 argumenta
1516 997 1659 1025 rerum
1691 999 1780 1026 esse
1811 986 2005 1041 propria,

255 1053 487 1097 testimonia
516 1050 791 1097 voluntatum3
828 1046 1112 1100 utendumque
1144 1051 1205 1087 est
1236 1046 1461 1101 exemplis,
1494 1045 1643 1101 quibus
1674 1046 1846 1090 testibus
1877 1048 2010 1089 credi-

256 1125 341 1160 tum
371 1131 452 1158 non
482 1116 552 1166 sit;
603 1118 643 1154 et
672 1111 722 1153 de
752 1109 925 1163 singulis
957 1109 1153 1157 testibus,
1198 1108 1230 1149 si
1263 1114 1409 1150 natura
1439 1109 1556 1158 vani,
1605 1111 1639 1150 si
1669 1109 1804 1158 leves,
1849 1111 1883 1151 si
1914 1123 2009 1152 cum

206 1194 240 1218 15
256 1178 503 1235 ignominia,
552 1177 585 1217 si
615 1189 709 1230 spe,
757 1174 791 1213 si
827 1178 958 1220 metu,
1005 1170 1039 1212 si
1076 1169 1313 1220 iracundia,
1361 1173 1395 1212 si
1434 1171 1721 1213 misericordia
1750 1171 1940 1226 impulsi,
1974 1173 2010 1213 si

255 1241 462 1298 praemio,
513 1240 546 1281 si
578 1239 707 1292 gratia
736 1236 928 1285 adducti;
981 1233 1334 1295 comparandique
1371 1235 1586 1289 superiore
1628 1250 1721 1276 cum
1764 1237 2009 1276 auctoritate

255 1307 440 1352 testium,
472 1301 621 1359 quibus
651 1304 787 1340 tamen
818 1299 1020 1339 creditum
1052 1311 1135 1338 non
1166 1295 1231 1338 sit.
1293 1299 1359 1341 50.
1393 1298 1525 1351 Saepe
1552 1299 1675 1339 etiam
1698 1295 2009 1352 quaestionibus

256 1365 529 1409 resistendum
560 1369 638 1411 est,
689 1364 799 1417 quod
831 1366 871 1402 et
901 1360 1090 1402 dolorem
1120 1358 1325 1413 fugientes
1357 1360 1475 1401 multi
1504 1361 1546 1402 in
1575 1361 1794 1402 tormentis
1825 1359 2010 1402 ementiti

254 1443 452 1484 persaepe
484 1432 577 1468 sunt
605 1427 792 1480 morique
822 1424 1056 1465 maluerunt
1084 1421 1232 1463 salsum
1260 1421 1430 1464 fatendo
1463 1437 1585 1477 quam
1615 1421 1828 1464 infitiando
1851 1421 2009 1464 dolere.

207 1492 369 1534 20Multi
399 1490 521 1532 etiam
551 1502 663 1531 suam
695 1488 820 1529 vitam
851 1487 1150 1542 neglexerunt,
1200 1490 1245 1526 ut
1276 1499 1368 1533 eOS,
1417 1487 1487 1540 qui
1530 1486 1592 1527 his
1635 1487 1834 1534 cariores,
1885 1498 2010 1540 quam

255 1557 334 1610 ipsi
365 1554 442 1595 sibi
473 1557 630 1601 essent,
671 1550 922 1600 liberarent3
969 1551 1039 1591 alii
1070 1554 1209 1590 autem
1239 1554 1310 1589 aut
1340 1553 1486 1589 natura
1516 1549 1705 1602 corporis
1736 1553 1807 1590 aut
1836 1561 2011 1589 consue-

256 1618 395 1660 tudine
435 1614 602 1658 dolendi
640 1619 710 1655 aut
748 1619 861 1654 metu
897 1612 1089 1668 supplicii
1128 1626 1175 1653 ac
1205 1610 1347 1652 mortis
1379 1611 1463 1653 vim
1493 1616 1798 1653 tormentorum
1829 1610 2008 1666 pertule-

255 1687 373 1732 runt;
423 1679 492 1721 alii
530 1676 716 1719 ementiti
755 1681 849 1717 sunt
887 1677 930 1716 in
969 1689 1062 1723 eos,
1109 1688 1213 1730 quos
1252 1675 1441 1715 oderant.
1499 1676 1633 1729 Atque
1676 1674 1776 1715 haec
1807 1673 2009 1727 exemplis

256 1742 451 1785 firmanda
481 1745 586 1782 sunt.
648 1742 715 1780 51.
750 1741 894 1794 Neque
926 1743 987 1779 est
1016 1740 1261 1785 obscurum,
1295 1737 1395 1790 quin
1426 1759 1480 1767 —
1504 1738 1701 1792 quoniam
1724 1738 1768 1778 in
1791 1742 2008 1791 utramque

207 1819 241 1844 2⁵
257 1811 415 1861 partem
447 1809 540 1845 sunt
570 1801 761 1857 exempla
792 1807 832 1842 et
852 1802 953 1842 item
974 1802 1026 1842 ad
1048 1801 1327 1842 coniecturam
1348 1798 1578 1841 faciendam
1598 1801 1679 1841 loci
1706 1823 1759 1829 —
1780 1801 1823 1841 in
1845 1805 2011 1840 contra-

254 1868 328 1910 riis
358 1866 564 1910 contraria
584 1865 663 1906 sint
682 1863 896 1906 sumenda.
957 1865 1091 1919 Atque
1123 1863 1247 1904 etiam
1278 1862 1452 1904 incurrit
1481 1862 1560 1904 alia
1590 1862 1792 1918 quaedam
1822 1863 1865 1904 in
1895 1863 2011 1904 testi-

256 1933 332 1972 bus
362 1936 402 1971 et
430 1930 473 1971 in
503 1929 814 1984 quaestionibus
845 1927 963 1968 ratio.
1025 1928 1159 1980 Saepe
1191 1926 1300 1966 enim
1332 1939 1398 1972 ea,
1441 1939 1548 1980 quae
1578 1927 1685 1966 dicta
1715 1931 1830 1974 sunt,
1876 1925 1910 1966 si
1939 1929 2011 1966 aut

255 1994 447 2047 ambigue
477 1997 546 2033 aut
576 1991 854 2032 inconstanter
884 1994 955 2030 aut
983 1987 1284 2029 incredibiliter
1317 1989 1424 2029 dicta
1454 1993 1547 2029 sunt
1577 1993 1646 2030 aut
1673 1987 1796 2030 etiam
1817 1987 1937 2030 aliter
1957 1989 2008 2028 ab

256 2055 335 2097 alio
367 2055 496 2104 dicta,
529 2053 737 2096 subtiliter
765 2051 1137 2108 reprehenduntur.

209 2132 244 2157 ao
365 2121 454 2162 XV.
502 2120 568 2159 52.
620 2117 663 2158 C.
692 2118 737 2157 F.
777 2118 974 2156 Extrema
1003 2114 1080 2155 tihi
1109 2118 1238 2155 restat
1266 2126 1361 2169 pars
1392 2114 1616 2163 orationis,
1666 2127 1772 2168 quae
1801 2114 1937 2169 posita
1964 2112 2008 2155 in

256 2184 487 2238 perorando
519 2185 597 2228 est,
630 2181 680 2220 de
713 2192 794 2233 qua
824 2191 921 2219 sane
951 2177 1077 2218 velim
1108 2178 1265 2218 audire.
1329 2177 1373 2217 C.
1402 2177 1447 2217 P.
1481 2177 1662 2217 Facilior
1692 2182 1754 2218 est
1784 2175 2008 2231 explicatio

257 2244 548 2298 perorationis.
610 2244 713 2282 Nam
745 2245 806 2282 est
835 2240 965 2282 divisa
994 2241 1036 2280 in
1067 2242 1167 2281 duas
1198 2244 1359 2293 partes,
1393 2238 1757 2294 amplificationem
1779 2245 1819 2281 et
1840 2252 2010 2281 enume-

256 2309 473 2348 rationem.
532 2305 720 2358 Augendi
750 2308 887 2344 autem
920 2307 961 2343 ct
989 2302 1056 2343 hic
1087 2307 1148 2343 est
1177 2301 1369 2357 proprius
1400 2303 1517 2343 locus
1547 2302 1590 2342 in
1619 2303 1875 2357 perorando,
1906 2300 2010 2342 etin

259 2384 380 2411 cursu
408 2369 497 2424 ipso
527 2366 727 2409 orationis
758 2366 1051 2407 declinationes
1083 2367 1134 2406 ad
1173 2363 1503 2418 amplificandum
1545 2366 1714 2413 dantur,
1767 2363 2010 2406 confirmata

211 2446 304 2477 351'0
337 2432 470 2487 aliqua
499 2436 569 2472 aut
598 2431 862 2485 reprehensa.
925 2431 990 2470 53.
1035 2431 1108 2470 Est
1148 2427 1274 2482 igitur
1313 2426 1576 2482 amplificatio
1609 2429 1776 2483 gravior
1807 2428 2010 2484 quaedam

260 2494 499 2542 affirmatio,
533 2507 636 2549 quac
668 2498 784 2534 motu
813 2491 1045 2533 animorum
1077 2490 1266 2532 conciliet
1293 2491 1336 2531 in
1366 2490 1541 2532 dicendo
1573 2489 1712 2533 fidem.
1771 2493 1831 2533 Ea
1859 2496 1900 2531 et
1918 2504 2012 2532 ver-

259 2560 407 2598 borum
438 2570 585 2609 genere
617 2554 830 2597 conficitur
860 2560 900 2595 et
927 2568 1084 2595 rerum.
1145 2556 1284 2596 Verba
1314 2555 1508 2608 ponenda
1538 2559 1650 2603 sunt,
1689 2566 1793 2609 quae
1823 2551 1908 2594 vim
1937 2554 2012 2594 ha·-

260 2621 382 2660 beant
411 2619 637 2660 illustrandi
681 2633 756 2659 nec
794 2617 844 2659 ab
883 2632 960 2659 usu
991 2617 1072 2658 sint
1101 2617 1388 2665 abhorrentia,
1429 2618 1593 2670 gravia,
1622 2618 1770 2670 plena,
1803 2614 2007 2663 sonantia,

260 2682 415 2730 iuncta,
462 2683 589 2729 facta,
627 2680 934 2734 cognominata,
967 2694 1050 2721 non
1079 2681 1263 2733 vulgata,
1296 2679 1523 2734 superlata,
1555 2678 1845 2734 imprimisque
1876 2683 2010 2718 trans-

214 2744 360 2793 uolata,
391 2758 466 2786 nec
497 2745 539 2786 in
569 2744 739 2797 singulis
769 2745 929 2795 verbis,
966 2742 1040 2784 sed
1066 2741 1110 2784 in
1140 2741 1466 2792 continentibus,
1499 2743 1654 2792 soluta,
1688 2755 1794 2797 quae
1815 2741 2010 2782 dicuntur

1960 2846 2008 2854 —‹

353 2916 385 2947 1.
412 2916 504 2955 ipsos
539 2913 640 2946 libri:
686 2914 753 2953 ipsi
778 2913 804 2945 E
838 2915 927 2945 coni.
969 2930 1006 2937 -
1050 2913 1277 2954 imploramus
1311 2913 1529 2954 Heusingero
1564 2917 1704 2946 auctore
1740 2912 1937 2945 Schutztus.
1965 2926 2008 2935 —-

264 2961 298 2992 2.
326 2958 542 3001 ornamenta]
583 2965 789 3001 arqumenta
822 2961 894 2991 RV.
935 2975 977 2981 —-
1017 2959 1051 2991 4..
1087 2960 1325 3001 confirmando
1358 2960 1611 3000 disputabimus
1636 2960 1696 2993 RV
1733 2964 1767 2993 et.
1799 2959 1888 2991 Edd.
1927 2963 2008 2991 ante

265 3008 384 3038 Lamb.
413 3009 468 3049 (Ut
493 3017 574 3045 nos,
604 3006 658 3048 Y.)
687 3023 727 3028 -
754 3007 788 3038 5.
815 3007 962 3048 efficitur
986 3007 1028 3038 R.
1057 3024 1100 3029 —
1138 3008 1171 3038 8.
1200 3007 1263 3039 Vv.
1290 3016 1478 3048 ecquonam
1499 3008 1599 3038 modo
1628 3016 1696 3040 om.
1725 3007 1766 3038 B.
1796 3023 1836 3030 —
1877 3006 1913 3037 9.
1939 3007 2009 3037 sint

268 3054 333 3085 tiu.
360 3054 410 3093 V,
446 3055 529 3087 Cod.
557 3054 698 3085 Barber.
728 3053 825 3093 prob.
856 3053 1041 3085 Garatonio
1068 3054 1111 3086 ad
1135 3053 1258 3086 Milon.
1287 3062 1320 3093 p.
1347 3054 1426 3085 154.
1455 3054 1593 3086 Bonon.
1634 3071 1670 3077 -—
1716 3053 1772 3086 13.
1817 3050 1952 3095 quibus]
1978 3052 2009 3084 si

266 3100 348 3141 quid
375 3100 415 3130 Y.
444 3118 477 3123 —
522 3102 577 3131 15.
603 3102 632 3131 si
656 3101 813 3133 invidia,
857 3102 886 3131 si
908 3101 1147 3132 misericordia
1172 3101 1212 3132 B.
1254 3117 1293 3123 -
1336 3100 1392 3132 19.
1428 3110 1533 3142 quam
1557 3101 1742 3142 infitiando
1776 3100 1834 3139 R,
1875 3099 2004 3131 Aldus:

267 3155 371 3187 quam
395 3154 513 3177 ¹verum
538 3148 719 3187 infitiando
747 3147 847 3177 YVE.
878 3164 914 3169 -—-
951 3147 1008 3178 20.
1036 3146 1098 3187 his]
1129 3149 1171 3178 iis
1197 3149 1239 3180 R.
1269 3163 1310 3169 -
1348 3147 1404 3178 24.
1431 3148 1672 3188 confirmanda
1698 3148 1736 3180 V.
1765 3164 1807 3170 -
1846 3147 1884 3177 in
1908 3149 2007 3177 ulra-

267 3202 328 3233 que
350 3198 450 3232 parte
475 3193 522 3229 R,
557 3194 675 3224 Lamb.
706 3210 743 3216 -
787 3192 843 3224 30.
871 3197 979 3225 restat
1002 3203 1087 3233 pars
1113 3195 1198 3226 RV:
1234 3202 1318 3234 pars
1349 3198 1459 3226 restat
1486 3195 1527 3225 E.
1567 3209 1609 3215 —-
1650 3195 1707 3226 31.
1735 3193 1866 3226 Facilis
1891 3192 2003 3224 Oxou.

266 3240 388 3271 Lamb.
418 3256 455 3261 -
495 3239 550 3269 38.
578 3240 729 3277 prandia
755 3248 772 3271 e
798 3239 924 3272 Codice
951 3241 991 3280 (i)
1017 3241 1138 3272 Lamb.
1188 3241 1241 3273 Tu
1268 3240 1329 3273 cfr.
1357 3239 1394 3281 ἕ.
1413 3241 1469 3273 54.
1501 3245 1534 3274 et.
1559 3241 1601 3273 de
1629 3241 1723 3275 Orat.
1751 3241 1797 3280 2,
1823 3240 1889 3279 45,
1917 3239 2002 3271 188:

265 3286 390 3328 {lumen
415 3286 692 3327 qraeissimorum
717 3288 989 3328 optimorumque
1014 3288 1207 3320 verborum.
