2117 3762
489 266 588 305 LIB.
624 264 694 303 ΙΙΙ.
758 261 802 302 C.
837 264 903 307 23.
935 263 1002 304 2'4.
1065 264 1162 308 LIB.
1197 264 1263 306 lv.
1327 263 1370 303 C.
1409 265 1442 304 1.
1776 267 1826 307 49

84 374 210 413 rimos
257 373 370 412 locos
415 376 457 410 ut
498 368 648 410 habeas
689 374 728 408 et
770 383 890 422 quam
937 369 1115 410 maxime
1156 372 1203 410 ad
1237 375 1453 424 praecepta
1487 372 1827 417 accommodatos,

83 448 229 475 curare
263 432 447 474 debebis,
522 433 565 471 ln
598 430 843 481 imaginihus
877 431 1125 472 collocandis
1157 431 1343 472 exerceri
1384 431 1567 484 quotidie
1598 434 1826 472 conveniet.

86 500 174 537 Non
214 497 320 537 enim
341 527 350 541 ‚
401 496 503 535 sicut
546 506 568 532 a
600 494 746 533 ceteris
777 493 920 534 studiis
951 494 1194 535 abducimur
1224 508 1516 547 nonimnqnam
1549 495 1829 548 occupatione,

85 560 180 600 item
213 561 262 599 ab
296 561 367 598 hat·
398 570 443 597 re
473 569 547 596 nos
580 561 713 609 potest
743 569 862 596 eausa
895 559 1097 597 deducere
1129 557 1276 611 aliqua.
1347 558 1561 609 Nunquam
1601 563 1661 596 est
1705 559 1828 602 enim,

85 621 182 675 quin
215 620 364 676 aliquid
395 617 620 658 memoriae
663 620 824 658 tradere
868 619 1037 659 velimus
1083 625 1122 658 et
1168 625 1251 659 tum
1300 619 1503 665 maxime,
1557 632 1648 658 cum
1694 618 1860 671 aliquos

85 683 242 723 maiore
275 680 439 734 negotio
470 679 714 720 detinemur.
793 684 929 729 Quare
960 696 1052 722 cum
1084 681 1134 720 sit
1164 680 1262 720 utile
1294 681 1410 721 facile
1443 680 1703 728 meminisse,
1750 694 1833 720 non

85 752 123 786 te
154 745 285 791 fallit,
339 746 448 797 quod
491 749 600 783 tanto
640 756 765 798 opere
807 743 904 783 utile
951 743 1025 790 sit,
1074 749 1226 796 quanto
1272 742 1413 783 labore
1455 743 1503 783 sit
1533 740 1832 797 appetendum;

85 809 195 862 quod
227 807 381 861 poteris
412 805 648 845 existimare
670 837 678 852 ‚
735 805 904 846 utilitate
935 804 1112 859 cognita.
1189 804 1380 845 Pluribus
1425 805 1561 845 verbis
1593 806 1642 844 ad
1675 818 1762 844 eam
1796 810 1834 844 te

85 868 240 910 hortari
271 882 353 907 non
384 874 443 907 est
474 867 703 915 sententia,
758 883 806 908 ne
847 875 915 908 aut
955 874 1025 908 tuo
1057 865 1193 907 studio
1228 865 1350 906 dil'lisi
1381 872 1450 906 aut
1495 867 1627 907 minus
1648 898 1657 915 ,
1712 881 1833 920 quam

85 946 149 972 res
192 932 395 983 postulat,
439 929 589 970 dixisse
632 932 859 971 videamur.
933 933 992 971 De
1034 931 1175 983 quinta
1216 935 1331 981 parte
1372 930 1600 969 rhetoricae
1641 930 1883 981 deincepsm

84 992 266 1034 dicemus
287 1007 295 1032 :
330 999 372 1032 tu
403 994 556 1045 primas
587 1006 770 1047 quasque
803 998 939 1045 partes
962 993 1003 1032 iu
1025 994 1163 1033 animo
1186 992 1403 1045 frequenta
1425 997 1489 1039 ct,
1523 993 1633 1044 quod
1657 992 1834 1032 maxime

83 1069 252 1096 necesse
284 1061 373 1104 est,
406 1057 702 1096 exercitatione
734 1054 945 1096 confirma,

712 1424 1215 1470 RHETORICORUM

927 1519 992 1555 AD

542 1605 610 1663 C.
668 1605 1381 1663 HERENNIUM

690 1723 890 1762 LIBER
930 1722 1235 1775 QUARTUS.

86 1971 117 2011 I.
151 1971 188 2010 1.
239 1954 462 2024 Quoniam
492 1970 534 2008 in
564 1969 645 2009 hoc
676 1970 805 2018 libro,
839 1969 1047 2018 Herenni,
1082 1969 1132 2010 de
1165 1967 1400 2009 elocutione
1431 1967 1750 2021 conscripsimus
1780 1974 1834 2017 et,

88 2028 238 2086 quibus
280 2033 322 2072 in
351 2033 476 2072 rebus
508 2045 612 2084 opus
643 2032 720 2072 suit
750 2035 953 2086 exemplis
984 2034 1067 2080 uti,
1119 2032 1270 2071 nostris
1302 2031 1506 2083 exemplis
1536 2032 1599 2071 usi
1630 2046 1768 2072 sumus
1799 2038 1839 2073 et

86 2097 128 2136 id
158 2095 329 2136 fecimus
359 2100 523 2147 praeter
554 2094 896 2135 consuetudinem
929 2095 1208 2142 Graecorum,
1258 2095 1327 2148 qui
1371 2096 1420 2134 de
1462 2095 1538 2134 hac
1579 2109 1622 2134 re
1663 2097 1885 2148 scripse-1⁵

86 2165 205 2206 runt,
239 2158 472 2198 necessario
504 2157 737 2198 faciendum
770 2163 852 2205 est,
887 2163 932 2198 ut
961 2158 1101 2210 paucis
1124 2158 1325 2197 rationem
1347 2158 1478 2196 nostri
1501 2157 1658 2198 consilii
1681 2161 1836 2199 demus.

86 2224 218 2274 Atque
251 2219 328 2260 hoc
358 2234 434 2260 nos
465 2221 767 2261 necessitudine
798 2220 961 2267 facere,
995 2234 1078 2259 non
1110 2220 1272 2267 studio,
1317 2220 1414 2259 satis
1445 2220 1522 2260 erit
1551 2220 1683 2273 signi,
1726 2222 1835 2274 qnod

88 2282 129 2323 in
159 2281 443 2335 superioribus
487 2283 606 2322 libris
650 2282 752 2322 nihil
791 2297 926 2336 neque
972 2287 1066 2321 ante
1106 2294 1192 2321 rem
1234 2294 1369 2334 neque
1401 2287 1564 2333 praeter
1594 2295 1680 2322 rem
1711 2281 1836 2322 locuti

88 2360 243 2386 sumus.
303 2347 444 2394 Nunc,
494 2347 526 2385 si
558 2360 712 2398 pauca,
760 2358 863 2400 quae
893 2358 960 2385 res
990 2344 1192 2396 postulat,
1235 2344 1486 2391 dixerimus,
1527 2344 1599 2383 tibi
1630 2345 1701 2391 id‚.
1726 2345 1835 2398 quod

87 2409 292 2463 reliquum
316 2413 378 2449 est
397 2407 518 2454 artis,
541 2407 621 2456 ita,
644 2415 690 2448 ut
710 2407 985 2454 instituimus,
1010 2407 1308 2459 persolvemus.
1373 2408 1452 2446 Sed
1473 2407 1633 2447 facilius
1654 2414 1835 2447 nostram
1850 2415 1884 2439 20

89 2471 290 2512 rationem
322 2471 545 2524 intelliges,
578 2472 611 2511 si
643 2471 781 2523 prius,
815 2471 913 2521 quid
944 2470 1008 2513 illi,
1032 2469 1193 2517 dicant,
1229 2470 1490 2523 cognoveris.

200 2534 492 2586 Compluribus
523 2535 573 2574 de
605 2533 737 2573 causis
768 2538 912 2585 putant
942 2537 1161 2585 oportere,
1195 2545 1286 2571 cum
1318 2530 1392 2585 ipsi
1415 2532 1719 2585 praeceperint,
1753 2545 1833 2584 quo

89 2603 209 2652 pacto
242 2602 433 2650 oporteat
462 2610 612 2638 ornare
644 2596 922 2637 elocutionem
942 2626 953 2643 ‚
1000 2595 1120 2635 unius
1161 2596 1358 2648 cuiusque
1399 2596 1560 2648 generis
1590 2597 1641 2634 ab
1673 2601 1835 2634 oratore

90 2666 159 2701 aut
188 2665 308 2714 potita
341 2662 512 2714 probato
545 2665 753 2712 sumptum
786 2672 943 2711 ponere
975 2657 1226 2710 exemplum.
1293 2660 1338 2697 Et
1380 2657 1554 2710 primum
1596 2670 1637 2698 se
1677 2655 1715 2696 id
1748 2669 1835 2695 mo-

92 2723 221 2763 destia
250 2728 481 2763 commotos
510 2722 647 2763 facere
678 2721 846 2769 dicunt,
892 2728 1111 2775 propterea
1141 2721 1252 2775 quod
1282 2719 1470 2760 videatur
1499 2734 1587 2760 esse
1618 2717 1882 2759 ostentatio2⁵

92 2786 292 2840 quaedam
323 2798 406 2826 non
436 2784 532 2826 satis
562 2787 717 2826 habere
749 2783 987 2838 praecipere
1019 2785 1069 2823 de
1099 2781 1295 2828 artificio,
1327 2784 1399 2823 sed
1421 2782 1540 2822 etiam
1572 2783 1682 2834 ipsos
1706 2779 1835 2820 videri

92 2847 196 2888 velle
227 2845 445 2888 artificiose
476 2847 642 2902 gignere
673 2846 888 2899 exempla:
930 2847 1010 2886 hoc
1041 2851 1123 2894 est,
1158 2844 1369 2899 inquiunt,
1416 2849 1619 2885 ostentare
1650 2856 1716 2890 se,
1750 2855 1834 2882 non

93 2911 311 2952 ostendere
340 2916 482 2951 artem.
540 2912 581 2950 2.
616 2911 754 2959 Quare
775 2910 910 2962 pudor
931 2907 1132 2961 imprimis
1153 2914 1214 2947 est
1234 2909 1283 2947 ad
1306 2920 1393 2947 eam
1416 2920 1499 2946 rem
1523 2905 1831 2958 impedimento,

93 2988 144 3014 ne
177 2987 252 3014 nos
282 2973 392 3013 solos
422 2974 621 3025 probare,
668 2986 744 3012 nos
774 2984 937 3019 amare,
985 2969 1087 3010 alios
1118 2975 1379 3025 contemnere
1411 2974 1451 3008 et
1480 2968 1667 3008 deridere
1698 2966 1834 3007 videa-

94 3049 201 3077 mur.
261 3035 423 3076 Etenim
453 3048 544 3075 cum
574 3034 779 3088 possimus
809 3035 859 3074 ab
891 3032 1022 3074 Ennio
1054 3038 1259 3087 sumptum
1290 3037 1359 3072 aut
1393 3045 1416 3070 a
1448 3030 1632 3070 Graccho
1676 3042 1832 3084 ponere
1848 3041 1882 3067 ιο

185 3169 219 3200 2.
249 3169 402 3200 convenit
428 3166 561 3205 PABF.
600 3169 777 3200 conveniat
802 3168 844 3199 R.
882 3183 920 3189 —
958 3167 993 3198 4.
1020 3167 1099 3198 item
1125 3166 1226 3197 PFT:
1264 3166 1316 3196 ita
1341 3163 1472 3195 ABRF..
1501 3177 1546 3186 -—
1585 3162 1619 3195 8.
1646 3162 1737 3206 quod
1761 3169 1830 3193 om.

95 3213 152 3246 AF
178 3222 212 3249 et
237 3225 287 3255 pr.
310 3216 346 3246 P.
378 3232 414 3239 —-
459 3215 515 3246 13.
544 3214 696 3246 Herenni
729 3214 923 3249 P.x131·'RT.
963 3218 1000 3244 ut
1029 3215 1101 3244 Lm.
1124 3214 1192 3243 11.:
1224 3210 1256 3241 C.
1286 3212 1435 3242 Hereum·
1472 3210 1506 3242 E.
1534 3225 1578 3231 —-
1619 3210 1673 3241 14.
1702 3210 1831 3240 nostris

97 3262 257 3302 exemplis
283 3271 359 3293 cnm
387 3262 494 3294 Codd.
516 3262 627 3293 adhuc
654 3263 742 3293 noris
768 3267 869 3294 etiam
897 3259 1088 3291 PABFR'I':
1115 3259 1241 3290 nostris
1266 3256 1291 3288 E
1318 3265 1406 3288 coni.
1437 3273 1475 3279 —
1503 3257 1559 3288 20.
1587 3257 1639 3288 uti
1665 3256 1711 3290 B.
1739 3255 1833 3286 L.—

96 3308 153 3340 22.
181 3310 362 3348 disputant
388 3309 443 3340 AF
472 3313 505 3340 et
530 3308 614 3339 Cnd.
636 3308 762 3339 Medic.
791 3307 886 3347 prob.
917 3306 1075 3337 Graevuo.
1105 3320 1143 3327 -
1170 3305 1225 3335 26.
1256 3306 1356 3334 etiam
1381 3305 1473 3343 ipsos
1492 3303 1598 3342 PBR,
1627 3306 1657 3334 ec
1680 3304 1716 3333 in
1739 3302 1833 3341 ipsos

97 3356 147 3394 A,
174 3360 205 3387 et
229 3357 320 3395 ipsos
346 3356 390 3395 F,
415 3358 508 3396 ipsos
534 3357 637 3386 etiam
662 3354 708 3392 E,
734 3356 825 3393 ipsos
852 3361 918 3384 om.
940 3354 1041 3385 etiam
1067 3351 1108 3383 Τ.
1141 3367 1174 3374 -
1205 3350 1260 3382 27.
1291 3352 1400 3392 inquit
1426 3351 1463 3382 F.

173 3427 264 3453 cicero
284 3426 314 3455 T.
334 3427 353 3453 l.
1324 3422 1351 3461 4
