2117 3762
223 298 304 342 168
882 295 951 337 DE
985 295 1310 337 INVENTIONE

222 407 522 450 consideratur.
582 406 643 446 De
673 404 847 456 utraque
876 406 971 456 post
1014 401 1196 457 apertius
1234 400 1563 458 perscribemus3
1612 413 1721 442 nunc
1759 401 1982 446 honestatis

221 471 407 513 rationes
437 468 616 524 primum
648 464 918 517 explicemus.

334 533 441 573 LIII.
477 531 570 570 159.
615 528 736 576 Quod
768 530 838 566 aut
867 531 999 567 totum
1029 531 1099 567 aut
1128 525 1268 580 aliqua
1298 542 1351 569 ex
1380 532 1497 581 parte
1528 532 1700 582 propter
1730 542 1774 569 se
1804 531 1980 582 petitur,

221 598 442 638 honestum
484 587 804 632 nominabimus.
867 589 1027 637 Quare,
1078 601 1173 629 cum
1214 589 1302 629 eius
1341 591 1445 630 duae
1485 595 1624 642 partes
1655 590 1758 637 sint,
1811 604 1982 645 quarum

194 659 349 700 ⁵altera
391 653 588 706 simplex,
634 651 765 691 altera
802 651 942 691 iuncta
979 651 1056 699 sit,
1107 649 1335 704 simplicem
1373 653 1489 706 prius
1522 651 1851 694 consideremus.
1912 655 1984 694 Est

222 721 347 774 igitur
376 717 418 758 in
449 729 499 756 eo
529 726 683 768 genere
714 725 859 753 omnes
890 726 956 753 res
985 726 1067 753 una
1097 713 1138 753 vi
1167 716 1290 765 atque
1321 728 1402 753 uno
1435 715 1603 755 nomine
1626 716 1819 769 amplexa
1838 714 1983 759 virtus.

221 785 322 823 Nam
353 780 482 820 virtus
513 780 574 816 est
603 776 730 815 animi
760 774 926 816 habitus
957 781 1126 816 naturae
1157 776 1283 815 modo
1315 780 1438 828 atque
1468 776 1621 817 rationi
1663 784 1979 819 consentaneus.

224 842 506 894 Quamobrem
537 837 729 879 omnibus
761 838 849 878 eius
880 839 1065 892 partibus
1097 837 1291 890 cognitis,
1324 842 1408 878 tota
1439 839 1500 879 vis
1532 840 1612 880 erit
1633 839 1833 892 simplicis
1853 842 1984 881 hone-

223 905 336 947 statis
355 898 671 942 consideranda.
732 898 869 941 Habet
889 899 1015 954 igitur
1035 906 1174 953 partes
1197 904 1416 953 quattuor:
1450 901 1734 952 prudentiam,
1766 903 1980 951 iustitiam,

173 980 208 1004 10
222 963 532 1011 fortitudinem,
563 964 892 1017 temperantiam.
954 964 1046 1007 160,
1078 960 1301 1018 Prudentia
1332 967 1394 1002 est
1423 975 1562 1003 rerum
1593 963 1797 1006 bonarum
1829 970 1870 1006 et
1900 979 1985 1005 ma-

222 1033 354 1073 larum
384 1032 711 1079 neutrarumque
741 1026 924 1066 scientia.
982 1027 1126 1066 Partes
1158 1024 1269 1065 eius:
1311 1026 1536 1072 memoria,
1569 1027 1855 1081 intelligentia,
1889 1041 1986 1082 pro-

223 1089 419 1133 videntia.
479 1089 682 1129 Memoria
713 1093 798 1136 est,
845 1101 922 1143 per
964 1102 1088 1142 quam
1128 1087 1290 1128 animus
1330 1086 1480 1141 repetit
1520 1087 1613 1136 illa,
1661 1104 1766 1143 quae
1798 1089 1980 1131 suerunt.

222 1153 497 1208 Intelligentia
538 1156 619 1198 est,
665 1163 742 1205 per
781 1164 904 1204 quam
947 1164 996 1191 ea
1035 1151 1256 1203 perspicit,
1302 1162 1407 1203 quae
1439 1154 1548 1190 sunt.
1609 1151 1875 1193 Providentia
1905 1157 1983 1199 est,

222 1232 297 1274 per
328 1228 449 1270 quam
481 1213 666 1255 futurum
697 1212 853 1267 aliquid
891 1213 1056 1254 videtur
1100 1218 1216 1259 ante,
1261 1225 1383 1265 quam
1422 1210 1577 1253 factum
1608 1214 1674 1254 sit.
1735 1216 1891 1255 Iustitia
1923 1220 1986 1255 est

172 1297 208 1322 15
223 1280 389 1323 habitus
420 1277 566 1326 animi,
600 1277 811 1317 communi
840 1276 1016 1317 utilitate
1042 1280 1305 1321 conservata,
1339 1287 1453 1314 suam
1477 1276 1625 1329 cuique
1648 1277 1832 1317 tribuens
1854 1276 1987 1330 digni-

223 1350 363 1386 tatem.
424 1341 524 1381 Eius
555 1339 719 1380 initium
750 1344 812 1380 est
841 1337 892 1379 ab
922 1344 1068 1380 natura
1097 1336 1354 1392 profectum;
1404 1336 1554 1378 deinde
1585 1340 1787 1392 quaedam
1818 1341 1860 1380 in
1889 1353 1987 1381 con-

223 1403 484 1448 suetudinem
517 1417 571 1443 ex
598 1401 785 1442 utilitatis
815 1402 978 1442 ratione
1007 1404 1236 1449 venerunt;
1284 1405 1428 1453 postea
1466 1413 1534 1440 res
1566 1405 1606 1440 et
1635 1402 1684 1441 ab
1716 1406 1860 1442 natura
1889 1415 1986 1457 pro-

223 1468 351 1510 fectas
382 1472 422 1507 et
451 1467 501 1506 ab
533 1463 833 1506 consuetudine
862 1462 1059 1519 probatas
1089 1462 1231 1516 legum
1262 1467 1398 1503 metus
1430 1468 1469 1503 et
1498 1462 1648 1515 religio
1681 1465 1827 1506 sanxit.
1889 1466 1982 1505 161.

223 1534 376 1573 Natura
404 1530 468 1569 ius
499 1532 584 1576 est,
618 1528 730 1581 quod
761 1539 845 1568 non
876 1525 1016 1582 opinio
1041 1527 1206 1580 genuit,
1240 1524 1312 1565 sed
1334 1527 1536 1578 quaedam
1558 1526 1699 1566 innata
1720 1528 1780 1568 vis
1799 1527 1985 1574 inseruit,

173 1609 209 1633 20
225 1600 270 1636 ut
298 1593 563 1646 religionem,
594 1591 816 1643 pietatem,
854 1591 1048 1643 gratiam,
1084 1587 1429 1635 vindicationem,
1467 1587 1799 1638 observantiam,
1836 1589 1987 1631 verita-

224 1663 323 1698 tem.
384 1652 542 1707 Religio
584 1658 668 1701 est,
719 1665 824 1706 quae
867 1651 1097 1706 superioris
1142 1650 1354 1692 cuiusdam
1398 1657 1595 1700 naturae,
1645 1666 1767 1705 quam
1806 1653 1987 1694 divinam

223 1723 391 1766 vocant,
424 1730 566 1758 curam
597 1714 977 1768 caerimoniamque
1008 1713 1148 1763 al'fert;
1201 1714 1351 1768 pietas,
1400 1726 1475 1767 per
1505 1727 1628 1767 quam
1661 1716 1859 1769 sanguine
1890 1728 1988 1755 con-

223 1780 370 1824 iunctis
400 1780 641 1833 patriaeque
671 1777 885 1818 benevolis
917 1776 1100 1818 officium
1131 1782 1172 1817 et
1203 1775 1377 1829 diligens
1414 1776 1610 1817 tribuitur
1641 1779 1796 1827 cultus;
1838 1778 1984 1832 gratia,

223 1845 265 1887 in
286 1858 368 1899 qua
388 1842 663 1884 amicitiarum
682 1845 721 1880 θῖ
738 1838 971 1881 officiorum
998 1840 1168 1881 alterius
1195 1837 1398 1879 memoria
1415 1844 1454 1879 et
1474 1840 1766 1880 remunerandi
1797 1841 1987 1881 voluntas

174 1908 480 1954 25C011iine1u13
519 1902 764 1948 vindicatio,
797 1915 872 1957 per
904 1917 1027 1956 quam
1058 1904 1119 1943 vis
1149 1909 1218 1943 aut
1246 1901 1398 1942 iniuria
1429 1907 1469 1941 et
1499 1901 1667 1942 omnino
1701 1916 1841 1948 omne,
1874 1903 1987 1955 quod

225 1969 464 2013 obfuturum
497 1972 579 2013 est,
612 1964 874 2006 defendendo
908 1971 976 2006 aut
1004 1965 1243 2006 ulciscendo
1270 1965 1562 2019 propulsatum
1594 1965 1879 2012 observantia,
1912 1977 1988 2018 per

225 2047 348 2088 quam
393 2030 586 2071 homiues
626 2027 761 2081 aliqua
807 2027 1003 2082 dignitate
1047 2029 1337 2068 antecedentes
1376 2025 1486 2066 cultu
1527 2025 1707 2079 quodam
1749 2032 1789 2068 et
1827 2028 1986 2067 honore

226 2097 466 2150 dignantur;
520 2093 609 2132 162.
641 2090 813 2137 veritas,
859 2104 935 2145 per
976 2104 1100 2145 quam
1139 2089 1353 2129 immutata
1389 2101 1456 2135 ea,
1506 2102 1616 2141 quae.
1649 2093 1744 2129 sunt
1781 2094 1850 2129 aut
1892 2094 1987 2128 ante

224 2157 392 2199 fuerunt
421 2159 491 2195 aut
518 2152 658 2194 futura
688 2159 801 2202 sunt,
837 2153 1043 2194 dicuntur.
1101 2154 1205 2194 LIV.
1241 2149 1547 2191 Consuetudine
1578 2153 1640 2191 ius
1673 2157 1752 2198 est,
1786 2149 1898 2204 quod
1920 2155 1988 2191 aut

177 2234 210 2259 ,πο
225 2219 373 2261 leviter
402 2231 423 2257 a
454 2220 599 2257 natura
629 2221 802 2256 tractum
833 2215 933 2257 aluit
964 2221 1003 2256 et
1033 2215 1164 2255 maius
1195 2212 1294 2254 fecit
1322 2228 1442 2261 usus,
1476 2218 1520 2253 ut
1552 2215 1820 2267 religionem3
1854 2218 1924 2253 aut
1953 2213 1987 2253 si

226 2280 325 2336 quid
361 2293 527 2325 eorum,
578 2292 684 2332 quae
723 2285 815 2320 ante
857 2278 1064 2326 diximus,
1113 2279 1163 2317 ab
1204 2281 1352 2316 natura
1392 2274 1625 2328 profectum
1667 2277 1799 2317 maius
1833 2275 1986 2317 factum

225 2347 397 2399 propter
438 2342 782 2381 consuetudinem
823 2340 1012 2381 videmus
1053 2346 1122 2382 aut
1158 2341 1269 2393 quod
1299 2339 1342 2378 in
1372 2352 1533 2378 morem
1563 2343 1746 2380 vetustas
1775 2339 1888 2394 vulgi
1917 2352 1988 2394 ap-

225 2405 473 2461 probatione
503 2401 718 2457 perduxit3
752 2405 863 2457 quod
895 2416 1044 2457 genus,
1076 2408 1263 2457 pactum,
1297 2414 1386 2456 par,
1420 2401 1660 2441 iudicatum.
1721 2402 1889 2442 Pactum
1911 2406 1987 2448 est,

228 2465 341 2522 quod
369 2467 478 2506 inter
508 2466 669 2519 aliquos
699 2467 912 2515 convenit;
944 2479 1039 2520 par,
1073 2466 1185 2519 quod
1215 2465 1257 2503 in
1288 2477 1432 2505 omnes
1463 2463 1679 2517 aequabile
1712 2469 1791 2512 est;
1834 2463 1987 2504 iudica-

177 2546 211 2571 35
229 2537 337 2578 tum,
386 2527 437 2569 de
484 2541 566 2583 quo
610 2527 780 2569 alicuius
822 2534 892 2569 aut
935 2530 1170 2582 aliquorum
1216 2527 1299 2566 iam
1346 2527 1558 2566 sententiis
1603 2527 1867 2567 constitutum
1908 2532 1983 2566 est.

227 2597 338 2647 Lege
368 2592 432 2631 ius
463 2596 546 2638 est,
599 2589 709 2644 quod
738 2590 780 2631 in
813 2604 862 2631 eo
895 2592 1075 2645 scripto,
1118 2588 1229 2644 quod
1259 2590 1414 2643 populo
1446 2590 1682 2643 expositum
1712 2593 1790 2636 est,
1835 2593 1882 2629 ut
1914 2590 1988 2628 ob-

227 2659 386 2702 servet,
418 2653 666 2694 continetur.
731 2655 822 2697 163.
855 2653 1071 2694 Fortitudo
1102 2658 1163 2693 est
1192 2652 1451 2692 considerata
1476 2650 1758 2706 periculorum
1779 2651 1986 2704 susceptio

229 2724 269 2760 et
296 2718 488 2759 laborum
526 2714 758 2770 perpessio.
819 2715 917 2756 Eius
954 2720 1114 2768 partes,
1160 2712 1483 2767 magnificentia,
1529 2712 1714 2760 fidentia,
1765 2712 1983 2766 patientia,

227 2779 551 2836 perseverantia.
610 2778 917 2831 Magnificentia
958 2783 1020 2817 est
1058 2791 1200 2817 rerum
1241 2790 1482 2830 magnarum
1524 2781 1564 2816 et
1603 2775 1860 2816 excelsarum
1892 2789 1986 2816 cum

179 2857 214 2881 ιω
229 2844 354 2884 animi
385 2842 520 2896 ampla
550 2839 727 2894 quadam
761 2845 800 2880 et
830 2841 1044 2894 splendida
1074 2837 1361 2891 propositione
1392 2837 1560 2891 agitatio
1587 2843 1708 2891 atque
1729 2837 1987 2878 administra-

229 2907 308 2956 tio;
358 2903 524 2946 fidentia
570 2908 649 2949 est,
695 2915 771 2957 per
810 2916 933 2956 quam
977 2902 1134 2956 magnis
1176 2906 1215 2941 et
1255 2900 1436 2941 honestis
1466 2901 1509 2940 in
1538 2898 1661 2940 rebus
1692 2901 1867 2941 multum
1896 2900 1984 2954 ipse

321 3011 354 3041 1.
382 3009 606 3041 describemus
632 3007 705 3039 AT.
735 3023 775 3029 -
811 3006 845 3038 lt.
882 3012 961 3038 sunt
986 3006 1108 3038 PART
1125 3030 1133 3044 ‚
1172 3006 1204 3037 id
1231 3006 1323 3045 quod
1353 3007 1547 3044 requireret
1572 3007 1737 3046 quoniam
1763 3014 1825 3044 pro
1850 3013 1926 3036 cum
1952 3007 1985 3035 et

230 3056 357 3089 deinde
384 3061 432 3086 est
461 3065 520 3095 pro
545 3056 602 3086 sit.
634 3071 673 3077 —
700 3054 734 3085 7.
761 3054 862 3084 modo
890 3059 990 3094 acque
1016 3053 1149 3084 rationi
1174 3052 1313 3084 PART:
1341 3053 1456 3084 modo,
1484 3053 1615 3083 rationi
1640 3052 1678 3084 E.
1709 3069 1745 3075 -
1774 3052 1806 3083 9.
1835 3051 1986 3083 conside-

228 3104 342 3134 randa
365 3103 454 3133 PAT
481 3104 674 3142 optimique
704 3100 820 3132 Oud.:
857 3101 1079 3132 considerata
1104 3100 1180 3131 RE·
1209 3116 1247 3121 —
1292 3099 1348 3129 11.
1374 3096 1659 3139 neutrarumque]
1687 3101 1848 3129 utrarum
1873 3097 1981 3134 ΡΑΤ,

228 3155 459 3188 utrarumque
484 3150 526 3180 R.
555 3149 611 3184 (Ut
636 3156 723 3184 nos,
751 3157 817 3187 mg.
846 3147 985 3186 Repett.
1012 3147 1157 3183 Lamb.;
1185 3145 1322 3177 videtur
1348 3145 1460 3181 coni.)
1478 3162 1514 3166 —-
1548 3145 1604 3176 13.
1632 3149 1682 3176 esc
1707 3145 1757 3176 bis
1783 3154 1850 3176 om.
1878 3143 1982 3175 ΡΑΤ.

231 3213 269 3219 -
311 3195 366 3226 14.
402 3196 494 3226 videt
531 3192 693 3233 (animus)
719 3194 901 3226 Schutzius
939 3195 1030 3225 coni.
1083 3193 1152 3225 Sed
1186 3200 1255 3223 non
1284 3192 1535 3223 oblitterandus
1563 3196 1613 3223 est
1638 3201 1720 3223 usus
1748 3191 1802 3222 hic
1830 3199 1919 3230 pass.
1948 3198 1982 3222 v.

227 3243 350 3273 videri.
381 3259 416 3264 —
447 3239 504 3280 sit]
533 3246 580 3271 est
604 3241 693 3271 ΡΑΤ
721 3246 755 3272 et
780 3242 951 3281 plerique.
986 3241 1045 3278 (Ut
1072 3249 1157 3278 nos,
1187 3239 1286 3270 Voss.
1316 3239 1361 3269 Π.
1390 3237 1452 3277 R.)
1480 3256 1522 3260 —-
1562 3239 1617 3270 19.
1644 3240 1801 3271 Naturae
1825 3239 1880 3269 ius
1908 3236 1981 3275 AT,

230 3297 318 3320 corr.
347 3288 372 3319 P
398 3287 539 3325 aliique·
567 3287 716 3325 (Natura
742 3288 814 3319 eius
839 3296 890 3326 pr.
920 3285 972 3324 P.)
1001 3287 1070 3319 Cl'r.
1099 3286 1138 3319 C.
1165 3285 1248 3318 542:
1279 3284 1526 3317 Consuetudine
1550 3287 1616 3316 ius.
1645 3303 1686 3308 -—
1712 3285 1835 3316 insevit
1859 3283 1981 3315 Lamb.

229 3335 349 3373 (coni.)
376 3340 409 3366 et
436 3334 628 3365 Schmzius.
665 3351 701 3356 —
729 3334 786 3365 23.
814 3334 865 3366 An
892 3334 1113 3366 benevolum?
1140 3333 1207 3365 ΟΒ.
1237 3347 1277 3354 -
1320 3332 1376 3363 25.
1404 3337 1468 3365 auc
1492 3333 1627 3364 iniuria
1650 3331 1762 3364 PAT:
1791 3335 1821 3363 et
1847 3331 1983 3363 iniuria

229 3382 304 3414 RE.
338 3396 376 3404 -
404 3380 462 3412 [40.
489 3380 654 3421 coyitatio
678 3379 704 3411 P
731 3383 765 3414 et
789 3388 842 3421 pr.
871 3381 987 3414 Schol.
