2117 3762
227 262 308 305 324-
920 258 991 297 DE
1034 258 1281 298 ORATORE

227 366 406 409 maxima
438 369 500 407 est
529 361 768 411 delectatio;
798 359 863 402 vel
893 359 1005 415 quod
1037 359 1206 414 singulis
1236 361 1372 402 verbis
1403 375 1468 402 res
1499 374 1546 401 ae
1577 365 1706 402 totum
1729 361 1859 404 simile
1882 377 1980 406 con-

226 429 387 479 ficitur3
434 428 500 470 vel
529 427 640 482 quod
671 423 804 466 omnis
834 422 1070 470 translatio,
1105 436 1208 476 quae
1240 423 1405 478 quidem
1435 428 1597 478 sumpta
1627 425 1784 465 ratione
1816 431 1895 472 est,
1927 427 1978 467 ad

226 506 370 534 sensus
399 491 511 544 ipsos
543 488 806 534 admovetur,
854 483 1035 526 maxime
1067 486 1306 534 oculorum,
1352 488 1421 541 qni
1461 494 1522 527 est
1559 500 1703 527 sensus
1740 488 1978 530 acerrimus.

229 556 323 595 161.
370 555 471 593 Nam
511 557 551 593 et
587 552 721 592 odor
758 546 1021 594 urbanitatis,
1071 552 1111 587 et
1149 547 1426 590 mollitudo
1468 548 1730 589 hinnanitatis
1767 554 1807 589 et
1846 563 1981 590 mur-

196 629 338 658 smur
368 615 492 655 maris
522 617 563 653 et
602 610 828 652 dulcedo
870 608 1070 651 orationis
1113 615 1207 650 sunt
1247 609 1368 651 ducta
1409 625 1432 652 a
1471 612 1617 651 ceteris
1658 609 1866 659 sensibus;
1910 611 1978 652 illa

225 692 325 720 vero
358 676 574 718 oculorum
605 675 733 714 multo
765 673 946 720 acriora,
992 684 1097 726 quae
1137 676 1293 725 ponunt
1330 685 1457 726 paene
1500 674 1541 713 in
1573 680 1795 728 conspectu
1825 674 1977 722 animi,

225 754 330 795 quae
361 751 528 780 eernere
560 742 601 778 et
630 736 772 778 videre
802 749 885 777 non
915 747 1151 790 possumus.
1213 732 1322 773 Nihil
1353 740 1413 775 est
1443 736 1552 776 enini
1585 735 1626 776 in
1658 749 1799 776 rerum
1821 742 1978 783 natura,

225 802 340 844 cuius
385 815 460 842 nos
499 812 582 840 non
618 798 661 840 in
701 797 789 839 aliis
827 799 953 838 rebus
993 795 1202 849 possimus
1232 794 1291 835 uti
1322 798 1524 837 vocabulo
1557 803 1596 838 et
1626 799 1807 838 nomine.
1866 797 1979 839 Unde

226 865 335 906 enim
366 862 496 904 simile
529 861 624 903 duci
663 865 800 916 potest
828 883 879 890 ——
912 863 1047 914 potest
1076 862 1214 898 autem
1246 871 1298 897 ex
1329 857 1520 900 omnihus
1554 884 1630 906 —,
1676 859 1859 901 indidem
1889 873 1982 901 ver-

174 941 209 965 10
224 926 321 968 bum
352 939 504 974 unum,
538 925 651 979 quod
681 922 992 964 similitudinem
1023 921 1227 967 eontinet,
1266 919 1505 961 translatum
1535 923 1675 963 lumen
1707 922 1855 963 afferre
1887 936 1981 964 ora-

223 989 340 1030 tioni.
404 990 495 1028 162.
542 987 636 1036 Quo
666 985 707 1026 in
738 998 890 1038 genere
921 984 1101 1039 primum
1133 988 1195 1023 est
1232 981 1425 1034 fugienda
1463 982 1778 1026 dissimilitudo:
1832 984 1982 1026 Caeli

222 1051 466 1104 ingentes
505 1048 750 1090 fornices.
811 1046 1008 1097 Quamvis
1038 1047 1255 1101 sphaeram
1286 1046 1327 1085 in
1358 1059 1547 1093 scenam,
1588 1053 1634 1088 ut
1664 1046 1831 1095 dicitur,
1877 1053 1982 1090 attu-

220 1115 318 1155 lerit
344 1114 526 1162 Ennius,
558 1117 696 1153 tamen
724 1112 768 1151 in
798 1112 974 1166 sphaera
1002 1107 1174 1150 fornicis
1205 1106 1429 1149 similitudo
1462 1122 1545 1150 non
1575 1114 1713 1162 potest
1742 1111 1891 1152 inesse.

443 1231 462 1238 -
489 1229 509 1236 -
543 1207 631 1247 Vive
663 1206 818 1253 Ulioees,
848 1205 940 1245 dum
971 1204 1080 1249 licet;

172 1284 206 1310 15
448 1271 584 1312 Oculis
606 1275 851 1322 postremum
881 1268 1010 1307 lumen
1039 1266 1240 1307 radiatam
1270 1267 1395 1319 rape!

220 1377 304 1406 non
333 1362 437 1405 dixit
479 1375 630 1416 cape,
677 1375 760 1402 non
804 1365 922 1417 pete
955 1384 1005 1392 —
1052 1362 1227 1401 haberet
1258 1361 1366 1400 enim
1398 1372 1557 1400 moram
1591 1360 1795 1414 sperantis
1827 1360 1981 1402 diutius

221 1441 310 1468 esse
348 1426 553 1468 victurum
581 1439 660 1475 -;
710 1425 783 1465 sed
822 1437 960 1479 rape.
1022 1425 1113 1465 Hoc
1147 1424 1322 1465 verbum
1361 1427 1422 1462 est
1452 1423 1502 1462 ad
1533 1420 1576 1462 id
1606 1427 1816 1475 aptatum,
1869 1425 1982 1478 quod

220 1494 316 1531 ante
346 1488 529 1537 dixerat,
576 1489 689 1528 dum
719 1486 865 1528 licet.
924 1488 1032 1527 XLI.
1069 1488 1160 1527 163.
1202 1483 1361 1525 Deinde
1392 1483 1614 1526 videndum
1646 1489 1728 1533 est,
1776 1499 1828 1526 ne
1858 1485 1982 1539 longe

221 1552 355 1593 simile
385 1552 437 1592 sit
467 1552 648 1591 ductum.
707 1548 904 1603 Syrtim
935 1547 1277 1601 patrimonii,
1330 1546 1608 1602 scopulum
1639 1546 1832 1589 libentius
1865 1549 1982 1589 dixe-

171 1613 322 1664 20rim3
366 1612 678 1667 Charybdim
710 1610 986 1659 bonorum,
1030 1612 1339 1665 voraginem
1371 1611 1522 1664 potius,
1581 1610 1760 1651 Facilius
1791 1612 1901 1652 enim
1932 1612 1984 1652 ad

222 1690 294 1725 ea,
338 1688 444 1731 quae
472 1674 582 1722 visa,
625 1687 748 1729 quam
779 1675 830 1714 ad
861 1672 952 1719 illa,
991 1687 1097 1727 quae
1129 1673 1265 1714 audita
1297 1678 1410 1720 sunt,
1454 1674 1602 1714 mentis
1636 1672 1745 1714 oculi
1776 1674 1981 1714 feruntur.

220 1741 272 1780 Et
301 1739 496 1793 quoniam
527 1739 631 1778 haec
659 1738 726 1778 vel
757 1749 916 1777 summa
946 1737 1035 1776 laus
1067 1741 1129 1776 est
1158 1737 1199 1776 in
1230 1734 1367 1777 verbis
1399 1734 1715 1784 transferendis,
1748 1740 1793 1775 ut
1819 1748 1985 1776 sensum

221 1801 344 1842 feriat
388 1800 451 1849 id,
498 1801 611 1856 quod
655 1799 900 1840 translatum
946 1800 1021 1846 sit,
1070 1798 1266 1852 fugienda
1311 1804 1372 1838 est
1412 1799 1547 1839 omnis
1589 1797 1804 1853 turpitudo
1843 1811 1987 1838 earum

221 1878 384 1913 rerum,
430 1865 481 1905 ad
522 1877 622 1918 quas
664 1877 808 1904 eorum
847 1862 1031 1910 animos,
1083 1863 1153 1918 qui
1184 1860 1376 1909 audient,
1424 1862 1560 1902 trahet
1590 1860 1832 1905 similitudo.
1893 1860 1985 1902 16-74.

173 1939 208 1965 25
223 1927 328 1969 Nolo
361 1926 440 1968 dici
470 1932 605 1967 morte
635 1924 818 1966 Africani
864 1929 1152 1966 castratam
1193 1937 1282 1965 esse
1319 1937 1408 1964 rem
1439 1923 1668 1978 publicam;
1713 1923 1810 1964 nolo
1852 1928 1986 1964 ster-

224 2004 313 2032 cus
354 1990 530 2030 curiae
572 1987 651 2029 dici
692 1987 926 2029 Glauciam:
976 1988 1163 2041 quamvis
1193 1986 1246 2026 sit
1275 1985 1432 2034 simile,
1478 1991 1612 2026 tamen
1644 1991 1706 2026 est
1734 1986 1778 2026 in
1806 1990 1985 2039 utroque

224 2054 424 2094 deformis
455 2050 650 2105 cogitatio
682 2050 973 2092 similitudinis.
1032 2048 1137 2090 Nolo
1172 2063 1262 2090 esse
1293 2055 1363 2090 aut
1393 2048 1548 2098 maius,
1590 2062 1713 2103 quam
1743 2061 1812 2089 res
1843 2053 1987 2101 postu-

224 2115 302 2164 let,
336 2117 644 2168 Tempestas
676 2112 1099 2161 comissationis3
1144 2110 1400 2160 autminus,
1436 2111 1751 2152 Comissatio
1785 2116 1988 2163 tempe-

226 2178 395 2218 statis.
456 2179 564 2219 Nolo
605 2190 695 2218 esse
737 2177 910 2217 verbum
949 2174 1162 2229 angustius
1193 2175 1259 2223 id,
1312 2176 1425 2229 quod
1462 2175 1704 2215 translatum
1741 2175 1812 2222 sit,
1863 2186 1987 2229 quam

177 2252 212 2278 ³0
227 2238 371 2281 fuisset
398 2239 500 2281 illud
530 2240 748 2295 proprium
777 2251 825 2279 ac
854 2251 1000 2278 suum:

456 2334 655 2385 Quidnam
684 2339 760 2382 est,
792 2335 975 2374 obsecro?
1004 2333 1097 2386 quid
1125 2338 1159 2373 te
1189 2332 1298 2373 adiri
1326 2331 1524 2373 abnutas?

229 2429 376 2472 Melius
407 2433 515 2471 esset
544 2433 714 2477 vetas,
745 2427 1022 2484 prohibes,
1055 2425 1344 2478 absterres3
1377 2425 1575 2481 quoniam
1604 2425 1675 2468 ille
1705 2425 1890 2475 dixerat,

324 2600 357 2631 1.
386 2597 478 2639 quod
502 2597 540 2628 in
564 2596 710 2638 sinqulis
734 2596 806 2633 ΑΒ,
826 2596 867 2628 Β.
897 2613 935 2619 -
962 2596 995 2628 5.
1023 2596 1201 2627 dulcitudo
1226 2596 1265 2628 Β.
1297 2613 1334 2620 -
1361 2597 1513 2628 rationis
1529 2596 1569 2628 Β.
1591 2611 1630 2619 -
1657 2592 1788 2635 ceteris]
1817 2595 1918 2627 certis
1941 2593 1983 2625 Β.

234 2662 272 2670 -
300 2646 333 2678 6.
357 2653 470 2684 paene
491 2648 627 2683 ponant
653 2645 694 2675 A.
722 2660 761 2665 —-
801 2643 835 2674 8.
864 2644 961 2674 cuius
985 2641 1059 2683 rios]
1089 2649 1193 2682 atque
1218 2643 1321 2674 huius
1346 2653 1411 2675 nos
1440 2645 1480 2675 A.
1522 2660 1562 2665 —
1597 2651 1782 2682 possumus
1806 2643 1848 2673 A.
1877 2659 1917 2664 —
1943 2641 1980 2673 9.

231 2694 310 2725 daci
331 2697 444 2732 potest
469 2700 510 2723 em
534 2691 640 2721 simili
666 2691 692 2721 B
709 2713 717 2727 ‚
744 2690 867 2721 induci
890 2699 961 2720 ποη
984 2694 1095 2729 potest
1122 2690 1163 2721 R.
1196 2706 1234 2712 —
1261 2692 1299 2721 in
1322 2691 1410 2722 idem
1435 2690 1482 2727 B,
1510 2689 1629 2721 itidem
1647 2690 1689 2720 Β.
1711 2706 1748 2712 -
1777 2690 1833 2720 10.
1861 2687 1987 2729 afferre

233 2741 290 2771 AB
317 2740 467 2780 aliique,
496 2739 549 2769 R:
589 2738 689 2779 affert
719 2737 758 2767 E.
799 2751 836 2757 -—
874 2737 930 2767 11.
958 2741 1008 2767 est
1033 2737 1197 2777 suylenda
1222 2736 1251 2768 A
1277 2737 1428 2776 aliique:
1465 2736 1632 2778 fugienda
1657 2740 1705 2768 est
1730 2734 1770 2775 (B
1784 2735 1814 2776 t)
1840 2735 1914 2766 ΒΕ.
1940 2750 1986 2757 —-

232 2791 270 2817 ut
296 2787 381 2818 caell
410 2786 447 2816 B.
475 2801 517 2807 --
557 2784 612 2815 14.
645 2783 756 2814 Ulixes
783 2783 857 2814 libri
875 2806 883 2820 ‚
910 2783 964 2813 R:
996 2782 1126 2823 Ulysses
1152 2784 1193 2814 E.
1224 2799 1263 2806 —-
1290 2785 1346 2816 15.
1373 2792 1458 2823 rape
1485 2788 1560 2822 post
1584 2784 1762 2814 radiatum
1785 2791 1853 2814 om.
1879 2783 1921 2813 A.
1941 2798 1985 2804 -

233 2834 289 2865 16.
306 2842 376 2865 non
395 2833 486 2864 dixit
500 2836 577 2871 pete
594 2830 651 2862 sed
669 2839 750 2870 cape
768 2829 797 2860 A
810 2853 818 2867 ,
847 2838 917 2860 non
934 2830 1022 2860 dixit
1039 2834 1114 2869 pete
1130 2830 1189 2862 sed
1207 2839 1292 2869 rape
1312 2831 1349 2862 Β.
1371 2848 1412 2854 -
1437 2830 1493 2861 17.
1514 2839 1582 2861 esse
1598 2832 1769 2861 victurum
1786 2829 1896 2861 Codd.
1916 2828 1983 2861 aL:

233 2888 301 2911 esse
325 2882 407 2919 (om.
434 2876 624 2917 victurum)
651 2877 692 2913 A,
720 2885 787 2907 esse
812 2884 846 2906 se
870 2877 1043 2907 victarum
1069 2878 1094 2906 B
1112 2899 1119 2911 ,
1148 2885 1218 2909 esse
1242 2885 1313 2908 sese
1337 2879 1507 2908 victurum
1532 2877 1606 2908 RE.
1636 2894 1673 2900 —-
1712 2879 1759 2908 est
1785 2885 1853 2908 om.
1880 2876 1986 2907 ABR.

233 2942 275 2948 -
302 2923 475 2965 aptatum]
517 2925 680 2964 adeptum
705 2924 746 2954 A.
778 2940 812 2946 —
858 2922 914 2953 20.
945 2923 1154 2964 Charybdim
1181 2926 1386 2965 voraylnem
1417 2923 1586 2954 bonoram
1615 2924 1731 2962 potius
1767 2922 1809 2954 A.
1847 2938 1883 2944 —-
1927 2924 1985 2954 21.

232 2974 356 3004 mentis
383 2972 474 3004 ocull
498 2969 672 3013 feruntur]
702 2970 749 3000 eis
775 2969 863 3000 oculi
887 2968 1042 3008 ferentur
1068 2972 1143 3006 (sic)
1170 2971 1212 3001 A.
1242 2987 1282 2992 —-
1309 2971 1365 3002 22.
1394 2971 1431 3001 in
1460 2970 1572 3001 verbis
1597 2969 1848 3009 transferendis
1874 2969 1984 3001 Codd.

234 3019 304 3049 ah:
332 3020 444 3050 verbis
471 3016 722 3056 transferendis
749 3016 828 3053 AB,
852 3016 933 3054 ΒΕ,
960 3017 1056 3047 verbi
1082 3017 1314 3058 transferendi
1340 3026 1357 3048 e
1385 3016 1496 3048 Codd.
1523 3017 1604 3057 aliq.
1634 3016 1832 3049 Schtitzius.
1860 3033 1899 3039 —
1927 3015 1984 3047 23.

235 3068 285 3094 est
310 3075 376 3096 om.
405 3069 447 3097 A.
477 3082 520 3086 —
547 3065 604 3095 2-4.
633 3072 749 3094 reram
774 3072 841 3094 om.
870 3063 906 3093 Β.
939 3078 973 3083 -
1003 3064 1146 3095 audient
1171 3065 1200 3094 A
1226 3064 1380 3102 aliique:
1408 3063 1559 3095 audiunt
1584 3062 1627 3103 (Β
1642 3064 1671 3102 Ἰ)
1699 3064 1774 3095 ΒΕ.
1801 3079 1843 3086 —-
1879 3063 1987 3094 trahit

236 3111 304 3142 BR.
336 3128 372 3133 —
401 3112 456 3141 25.
485 3113 551 3143 αἰεί
575 3114 685 3142 morte
708 3110 736 3140 A
764 3109 919 3149 aliique:
945 3113 1054 3141 morte
1079 3111 1147 3141 dici
1173 3108 1252 3148 (B‘t)
1279 3110 1347 3140 ΒΕ.
1376 3126 1420 3130 -
1445 3110 1501 3141 26.
1529 3107 1659 3150 curiae]
1689 3109 1922 3149 reipublicae
1939 3109 1983 3140 R.

237 3174 273 3179 —
304 3157 360 3188 27.
388 3157 475 3188 Nolo
500 3159 588 3189 enim
615 3165 682 3188 esse
698 3157 736 3188 Β.
767 3173 804 3179 -
833 3156 889 3186 28.
915 3159 952 3186 ut
978 3160 1158 3196 tempestas
1176 3157 1214 3187 Β.
1242 3173 1286 3178 -
1310 3158 1603 3188 commessationis
1627 3173 1667 3179 --
1691 3157 1924 3188 commessatio
1941 3155 1983 3186 B.

237 3220 275 3226 —
303 3203 360 3233 29.
387 3213 491 3243 qaam
507 3205 626 3245 fuisset
652 3213 719 3235 om.
748 3202 790 3234 Α.
829 3203 913 3240 (Alii
940 3202 1048 3234 Codd.
1077 3213 1145 3234 om.
1175 3203 1353 3234 dumtaxat
1377 3203 1524 3242 fuisset.)
1563 3220 1604 3226 —
1645 3202 1702 3234 30.
1733 3204 1913 3243 propriu-m
1938 3201 1987 3233 ad

233 3259 333 3280 suum
353 3249 401 3284 A,
426 3253 606 3288 proprium
630 3259 731 3282 suum
756 3250 796 3280 B.
825 3265 865 3271 —
893 3248 949 3280 31.
978 3250 1115 3281 obsecro
1140 3251 1230 3290 quod
1256 3250 1338 3290 Lag.
1366 3251 1448 3290 aliq.
1465 3273 1474 3289 ,
1501 3250 1573 3281 ΒΤ.
1602 3249 1659 3291 (Ut
1684 3257 1769 3288 nos,
1796 3248 1867 3280 AB.
1895 3248 1985 3281 Illud

236 3304 358 3334 prosae
387 3297 533 3327 orationi
562 3298 826 3329 convenientius
853 3296 1016 3333 videtur,
1054 3297 1120 3328 hoc
1147 3297 1317 3337 poeticae.
1345 3296 1428 3338 OR.)
1459 3313 1493 3320 —-
1534 3297 1629 3329 abire
1654 3296 1726 3328 AB.
1756 3311 1796 3318 -
1824 3295 1987 3328 obmittas

236 3343 275 3372 B.
305 3359 345 3365 —
379 3340 437 3374 32.
465 3340 558 3381 esset]
586 3348 634 3375 est
659 3343 700 3375 Β.
729 3361 768 3365 —
795 3340 904 3383 vetas]
933 3348 1030 3375 tueas
1057 3344 1099 3374 A.
