2117 3762
235 252 319 293 312
935 246 1006 290 DE
1053 249 1300 292 ORATORE

239 377 330 406 esse
359 364 529 406 modum
563 365 604 404 et
634 358 906 403 mollitudinis
937 365 979 401 et
1007 361 1201 403 levitatis.
1264 364 1373 412 Quin
1412 363 1535 404 etiam
1572 367 1755 417 gustatus
1774 395 1785 413 ,
1833 367 1903 421 qui
1934 371 1996 407 est

240 441 387 470 sensus
419 441 471 468 ex
502 426 694 468 omnibus
725 423 905 464 maxime
935 422 1192 476 voluptarius
1223 427 1376 481 quique
1408 424 1659 467 dulcitudine
1691 433 1858 480 praeter
1888 434 1997 469 eete-

237 505 310 535 ros
341 503 484 531 sensus
516 490 823 533 commovetur,
858 499 982 541 quam
1014 486 1094 526 cito
1124 484 1187 534 id,
1222 491 1332 541 quod
1365 487 1481 528 valde
1503 486 1620 528 dulce
1642 493 1721 536 est,
1753 495 1997 542 aspernatur

240 567 289 595 ac
316 552 498 605 respuitl
533 550 636 599 Quis
666 549 834 603 potione
866 547 926 589 uti
957 552 1027 588 aut
1057 548 1152 588 cibo
1184 546 1290 589 dulci
1322 549 1473 591 diutius
1504 554 1671 604 potest?
1705 565 1797 592 cum
1818 556 1996 607 utroque

210 619 282 657 sin
313 628 463 670 genere
496 626 566 660 ea,
601 625 707 666 quae
739 610 888 652 leviter
917 623 1085 651 sensum
1115 609 1327 663 voluptate
1357 618 1579 662 moveant,
1613 610 1810 654 facillime
1840 612 1998 667 fugiant

239 677 485 719 satietatem.
546 675 640 714 100.
690 674 757 714 Sic
797 671 990 714 omnihus
1028 673 1071 712 in
1100 673 1228 712 rebus
1258 672 1538 727 voluptatibus
1569 675 1758 716 maximis
1788 675 1998 717 fastidium

238 739 455 781 finitimum
478 742 560 786 cst;
592 748 676 791 quo
707 737 789 776 hoc
818 737 954 776 minus
984 734 1027 775 in
1058 735 1248 776 oratione
1279 737 1502 788 miremur3
1532 737 1572 778 in
1601 752 1680 793 qua
1700 738 1840 780 velex
1863 738 1999 792 poetis

243 800 323 855 [vel
353 813 404 840 ex
434 796 686 852 oratoribus]
719 811 941 853 possumus
973 798 1158 838 iudicare
1188 799 1450 851 concinnam,
1489 799 1744 849 distinctam,
1793 805 1996 849 ornatam,

242 863 452 909 festivam,
484 863 573 902 sine
595 861 924 907 intermissione,
957 861 1044 900 sine
1066 862 1413 914 reprehensione,
1446 863 1533 903 sine
1554 863 1778 912 varietate,
1813 864 1999 918 quamvis

189 943 227 968 ιο
242 924 362 966 claris
392 925 444 963 sit
473 923 685 964 coloribus
715 924 823 977 picta
858 921 937 977 [vel
967 922 1107 976 poesis
1129 922 1194 963 vel
1216 922 1387 977 oratio],
1419 937 1503 964 non
1521 929 1706 980 possein
1728 925 2000 966 delectatione

241 1000 331 1028 esse
363 985 570 1027 diuturna.
645 987 780 1042 Atque
822 998 872 1026 eo
912 986 1032 1025 citius
1071 986 1114 1025 in
1154 987 1331 1026 oratoris
1370 992 1440 1026 aut
1477 987 1517 1027 in
1547 994 1696 1040 poetae
1727 989 1925 1029 cincinnis
1955 1001 2002 1028 ac

239 1048 336 1090 fuco
378 1047 628 1096 offenditur,
676 1049 788 1102 quod
833 1062 979 1088 sensus
1021 1049 1063 1087 in
1106 1048 1234 1088 nimia
1273 1047 1483 1103 voluptate
1522 1055 1693 1099 natura,
1740 1065 1825 1091 non
1863 1055 2001 1091 mente

241 1113 468 1161 satiantur3
514 1113 557 1152 in
588 1110 753 1164 scriptis
785 1115 826 1152 et
855 1112 898 1151 in
929 1111 1046 1151 dictis
1077 1123 1161 1151 non
1192 1111 1354 1151 aurium
1386 1110 1542 1158 solum,
1587 1114 1660 1152 sed
1691 1113 1815 1153 animi
1846 1113 2002 1153 iudicio

243 1175 368 1215 etiam
411 1173 542 1229 magis
585 1173 771 1215 infucata
806 1173 908 1216 vitia
947 1179 1188 1217 noscuntur.
1249 1174 1399 1214 XXVI.
1449 1175 1542 1214 101.
1592 1175 1754 1224 Quare,
1799 1177 1932 1216 bene
1963 1181 2004 1216 et

190 1236 532 1293 aspraeclare,
566 1238 752 1292 quamvis
780 1236 905 1277 nobis
937 1249 1059 1291 saepe
1091 1235 1276 1286 dicatur;
1323 1235 1466 1277 helle
1500 1241 1541 1277 et
1569 1235 1783 1286 festive,
1830 1238 2003 1278 nimium

242 1313 365 1355 saepe
396 1301 510 1341 nolo.
574 1301 835 1355 Quamquam
864 1298 935 1341 illa
976 1298 1067 1352 ipsa
1106 1297 1375 1347 exclamatio,
1422 1300 1528 1339 Non
1574 1304 1752 1353 potest
1792 1300 2001 1347 melius,

242 1363 295 1404 sit
323 1362 446 1405 velim
478 1364 647 1411 crebra3
681 1366 754 1404 sed
783 1364 936 1404 habeat
966 1366 1106 1402 tamen
1136 1362 1206 1403 illa
1234 1363 1276 1403 in
1308 1360 1483 1402 dicendo
1514 1363 1733 1404 admiratio
1765 1377 1812 1403 ac
1843 1376 2003 1403 summa

241 1425 331 1466 laus
361 1427 553 1468 umbram
582 1425 761 1480 aliquam
794 1431 836 1466 et
865 1438 1103 1472 recessum,
1145 1438 1227 1481 quo
1258 1426 1389 1478 magis
1426 1423 1497 1473 id,
1548 1426 1659 1480 quod
1690 1425 1770 1466 erit
1799 1425 2005 1468 illumina-

241 1493 351 1537 tum,
383 1493 546 1530 exstare
577 1493 700 1543 atque
730 1490 914 1530 eminere
943 1487 1146 1531 videatur.
1207 1490 1300 1529 102.
1334 1489 1553 1544 Nunquam
1582 1489 1668 1542 agit
1695 1491 1804 1531 hunc
1834 1502 2002 1531 versum

193 1567 230 1593 20
243 1552 416 1594 Roscius
448 1566 498 1593 eo
529 1557 670 1607 gestu,
702 1566 784 1607 quo
814 1556 980 1607 potest:

412 1635 516 1676 Nam
544 1635 702 1687 sapiens
729 1634 871 1674 virtuti
899 1634 1086 1674 honorem
1107 1635 1361 1687 praemium,
1391 1635 1498 1675 haud
1518 1634 1713 1688 praedam
1736 1633 1864 1687 petit:

244 1717 318 1759 sed
347 1714 489 1758 abiicit
516 1729 689 1771 prorsus
706 1747 715 1764 ,
746 1720 794 1756 ut
822 1716 865 1756 in
893 1716 1138 1770 proximos,

412 1798 570 1852 Ecquid
597 1798 705 1839 video
723 1799 742 1837 ?
766 1798 878 1850 ferro
907 1803 1064 1850 saeptus
1086 1798 1261 1850 possidet
1289 1799 1393 1838 sedes
1422 1810 1562 1838 sacras
1579 1829 1589 1845 ,

246 1882 425 1928 ineidat,
457 1878 648 1935 aspiciat,
681 1878 926 1928 admiretur,
960 1883 1180 1934 stupescat.
1244 1880 1374 1929 Quid,
1407 1878 1475 1920 ille
1506 1880 1632 1920 alter:

195 1985 232 2012 25
421 1963 525 2013 Quid
547 1967 680 2015 petam
702 1961 918 2014 praesidi?

247 2059 371 2102 quam
402 2044 581 2093 leniter,
616 2057 742 2098 quam
770 2043 968 2090 remisse,
1000 2055 1125 2098 quam
1155 2055 1239 2082 non
1269 2042 1465 2083 actuose!
1500 2029 1624 2081 instat
1655 2041 1765 2081 enim

419 2128 453 2167 Ο
475 2131 612 2179 pater,
644 2139 666 2165 o
689 2125 859 2178 patria,
892 2138 914 2164 o
942 2125 1100 2165 Priami
1130 2124 1298 2163 domus!

246 2209 290 2251 in
321 2222 405 2265 quo
436 2213 548 2250 tanta
579 2205 833 2248 commoveri
864 2206 969 2246 aetio
1000 2219 1084 2246 non
1114 2209 1273 2259 posset,
1319 2204 1353 2244 si
1384 2208 1492 2244 esset
1521 2207 1761 2256 consumpta
1794 2202 2011 2256 superiore

248 2278 365 2313 motu
397 2277 437 2312 et
467 2274 682 2311 exhausta.
758 2271 903 2324 Neque
944 2268 984 2310 id
1021 2274 1182 2309 actores
1213 2268 1327 2320 prius
1359 2264 1552 2306 viderunt
1582 2279 1705 2319 quam
1734 2264 1812 2319 ipsi
1843 2270 2008 2319 poetae,

199 2357 234 2381 30
250 2348 373 2390 quam
404 2334 583 2387 denique
614 2331 675 2372 illi
707 2331 852 2380 etiam,
901 2332 971 2385 qui
1008 2330 1199 2372 fecerunt
1229 2328 1400 2376 modos,
1453 2342 1475 2368 a
1506 2329 1656 2383 quihus
1686 2327 1870 2382 utrisque
1902 2341 2012 2368 sum—

248 2397 425 2438 mittitur
454 2395 632 2450 aliquid‚
680 2395 830 2434 deinde
860 2398 1056 2448 augetur,
1104 2398 1370 2440 extenuatur,
1413 2392 1600 2436 inflatur,
1631 2390 1836 2437 variatur,
1870 2389 2012 2430 distin-

251 2460 404 2512 guitur.
468 2459 562 2498 103.
596 2458 657 2497 Ita
687 2457 739 2496 sit
768 2455 888 2497 nobis
919 2457 1044 2510 igitur
1074 2462 1244 2497 ornatus
1275 2459 1315 2495 et
1345 2454 1480 2495 suavis
1512 2458 1655 2495 orator
1689 2476 1744 2483 —-
1778 2466 1854 2492 nec
1876 2457 2011 2493 tamen

248 2525 387 2577 potest
424 2520 542 2562 aliter
581 2534 670 2561 esse
701 2543 778 2566 ——‚
826 2524 872 2560 ut
911 2519 1157 2561 suavitatem
1193 2520 1346 2559 habeat
1376 2522 1580 2558 austeram
1612 2521 1654 2557 et
1684 2514 1881 2564 solidam,
1926 2529 2012 2555 non

251 2584 415 2626 dulcem
444 2588 569 2638 atque
602 2585 830 2623 decoctam.
892 2584 995 2622 Nam
1025 2583 1115 2637 ipsa
1144 2583 1195 2622 ad
1226 2582 1460 2621 ornandum
1491 2583 1729 2634 praecepta,
1775 2590 1879 2632 quae
1912 2578 2012 2617 dan-

200 2668 236 2695 ³⁵
251 2652 342 2695 tur,
375 2646 579 2687 eiusmodi
610 2650 724 2691 sunt,
760 2649 806 2685 ut
837 2658 885 2685 ea
915 2646 1103 2698 quamvis
1134 2644 1422 2685 vitiosissimus
1454 2647 1596 2683 orator
1625 2640 1833 2695 explicare
1863 2640 2008 2695 possit.

253 2711 417 2759 Quare,
451 2713 497 2750 ut
516 2713 608 2749 ante
640 2708 744 2756 dixi,
778 2708 960 2762 primum
991 2706 1094 2748 silva
1122 2720 1265 2748 rerum
1299 2704 1359 2759 [ac
1391 2702 1700 2756 sententiarum]
1737 2704 2012 2758 comparanda

253 2776 339 2820 est,
392 2785 473 2826 qua
512 2772 563 2812 de
602 2775 718 2825 parte
759 2768 861 2810 dixit
902 2771 1119 2810 Antonius.
1178 2770 1290 2809 Haec
1321 2766 1538 2808 formanda
1566 2764 1636 2806 filo
1667 2764 1759 2820 ipso
1792 2770 1832 2806 et
1861 2776 2012 2818 genere

253 2834 477 2883 orationis,
508 2832 780 2875 illuminanda
811 2829 972 2881 verbis,
1006 2831 1205 2874 varianda
1234 2829 1460 2873 sententiis.

349 3017 383 3048 1.
413 3020 532 3057 qustus
558 3016 600 3047 B.
628 3032 669 3038 -
696 3015 730 3046 2.
757 3015 936 3047 dulcedine
963 3016 1035 3047 BR.
1065 3033 1103 3038 —
1147 3015 1180 3047 4.
1210 3012 1298 3054 cum]
1323 3022 1428 3053 quam
1454 3013 1491 3052 (i.
1521 3022 1550 3044 e.
1579 3020 1680 3053 quom
1698 3009 1724 3050 :)
1750 3012 1789 3042 B.
1820 3027 1857 3033 —
1898 3009 1932 3041 5.
1958 3010 2013 3049 su—

255 3064 355 3104 yicmt
382 3066 504 3096 ceteris
530 3072 610 3094 cum
639 3063 735 3095 libris
761 3063 862 3101 B‚R:
890 3064 1058 3105 effugiant
1084 3063 1276 3094 Ernestius.
1305 3077 1347 3081 ——-
1378 3060 1412 3090 7.
1440 3060 1492 3092 vel
1517 3068 1557 3090 ea:
1582 3058 1780 3090 oratoribus
1807 3057 1917 3089 Codd.
1947 3057 2010 3093 aL,

255 3111 308 3141 R:
336 3110 388 3140 vel
406 3111 605 3141 oratoribus
625 3109 706 3151 (13⁵2)
734 3110 774 3141 E.
804 3109 1016 3142 Seclusimus
1044 3110 1129 3141 haec
1154 3112 1294 3140 auctore
1322 3107 1497 3138 Schutzio.
1521 3121 1559 3128 —·
1590 3107 1646 3137 10.
1674 3105 1737 3136 Vv.
1753 3104 1806 3134 vel
1825 3103 1937 3144 poesis
1961 3103 2014 3133 vel

258 3157 373 3186 oratio
400 3165 477 3188 cum
504 3157 626 3189 eodem
655 3157 877 3189 seclusimus.
909 3171 944 3177 —
990 3158 1046 3189 11.
1075 3154 1259 3194 cincinnis]
1288 3155 1401 3185 cifnnis
1428 3154 1561 3186 Nonius
1588 3161 1620 3191 p.
1648 3151 1730 3183 459.
1757 3151 1828 3184 M..
1858 3151 2010 3180 anannis

259 3201 336 3242 (sic)
365 3202 403 3232 B·
433 3219 471 3225 —
513 3204 569 3234 12.
598 3203 815 3245 offenderunt
838 3204 879 3235 B.
920 3220 957 3226 —-
1001 3200 1145 3241 natura]
1173 3204 1321 3232 natatur
1346 3201 1385 3231 B.
1429 3217 1465 3223 —-
1507 3199 1562 3231 17.
1589 3196 1703 3238 velim]
1731 3197 1837 3228 nolim
1868 3195 1940 3226 BR.
1971 3212 2010 3217 —-

259 3250 316 3281 19.
344 3247 501 3287 eminere]
530 3258 680 3282 emovere
705 3252 745 3282 Β.
775 3267 815 3273 -
842 3251 899 3281 22.
929 3250 1034 3281 abicit
1058 3249 1085 3280 B
1110 3249 1254 3288 aliique.
1282 3264 1323 3269 —
1349 3246 1406 3278 23.
1436 3247 1482 3277 Et
1506 3247 1586 3287 quid
1605 3245 1676 3276 BR.
1700 3261 1737 3267 —-
1765 3243 1820 3274 25.
1845 3242 2013 3282 praesidii

260 3295 365 3326 BRE.
397 3311 434 3317 —-
478 3294 534 3326 34..
564 3295 680 3337 atque]
717 3302 778 3331 aut
803 3298 848 3330 R.
882 3311 925 3320 -
963 3297 1020 3329 35.
1052 3296 1163 3337 quivis
1188 3296 1230 3326 R.
1271 3309 1309 3316 -
1348 3293 1404 3325 36.
1433 3294 1495 3327 Vv.
1524 3302 1564 3325 ac
1589 3290 1839 3324 sententiarum
1871 3293 2012 3321 auctore

261 3342 424 3375 Schmzio
449 3342 667 3375 seclusimus.
