2117 3762
311 251 364 293 [48
977 253 1047 292 AD
1079 252 1388 295 HERENNIUM

309 356 463 411 aliquid
505 363 669 412 agentes
712 356 910 410 imagines
964 369 1189 410 ponemus3
1255 358 1289 399 si
1338 359 1544 412 egregiam
1595 355 1941 411 pulchritudinem
1992 361 2063 398 aut

308 419 470 460 unicam
513 419 806 474 turpitudinem
852 417 909 458 eis
954 417 1253 468 attribuemus;
1305 420 1340 461 si
1368 420 1522 474 aliquas
1563 420 1884 467 exornabimus,
1936 424 1981 460 ut
2025 421 2059 460 si

309 481 472 523 coronis
517 487 585 523 aut
623 487 734 522 veste
776 493 1009 534 purpurea,
1061 494 1144 535 quo
1181 481 1298 522 nobis
1333 482 1512 523 notatior
1542 482 1593 523 sit
1623 480 1873 529 similitud03
1927 485 1996 521 aut
2025 480 2060 521 si

309 556 430 598 quam
460 557 548 584 rem
580 542 926 590 deformabimus,
959 547 1004 582 ut
1033 542 1067 599 si
1097 550 1306 583 cruentam
1337 551 1405 585 aut
1434 558 1565 586 coeno
1596 542 1765 585 oblitam
1796 547 1866 583 aut
1894 541 2060 582 rubrica

278 605 531 647 sdelibutam
562 605 825 651 inducemus,
877 617 959 657 quo
999 603 1129 657 magis
1168 604 1358 657 insignita
1388 605 1440 646 sit
1467 605 1630 655 forma3
1684 612 1752 646 aut
1793 607 1826 645 si
1866 603 2059 645 ridiculas

309 682 372 708 res
403 668 560 722 aliquas
589 665 836 720 imaginibus
867 665 1160 716 attribuemus3
1196 681 1288 706 nam
1320 681 1366 708 ea
1387 682 1454 708 res
1477 682 1642 723 quoque
1664 667 1805 714 faciet,
1837 673 1882 707 ut
1901 665 2059 707 facilius

306 730 542 771 meminisse
572 732 791 783 possimus.
851 730 953 770 Nam
973 761 983 777 ,
1032 744 1132 783 quas
1163 742 1228 769 res
1261 742 1379 769 veras
1408 729 1524 770 facile
1556 730 1837 777 meminimus,
1892 730 2059 770 easdem

306 792 417 833 fictas
449 799 489 832 et
519 791 735 845 diligenter
764 798 922 833 notatas
952 791 1188 833 meminisse
1219 805 1302 832 non
1335 791 1499 833 difficile
1531 798 1605 834 est.
1682 795 1762 833 Sed
1792 790 1892 833 illud
1922 791 2059 831 facere

307 853 543 909 oportebit,
595 859 639 895 ut
669 853 893 895 identidem
922 855 1079 909 primos
1111 868 1298 910 quosque
1329 854 1442 895 locos
1472 854 1698 909 imaginum
1727 855 2059 896 renovandarum

257 931 292 956 10
307 930 425 957 causa
456 915 646 957 celeriter
676 916 813 957 animo
845 930 1134 972 pervagemur.

415 979 570 1018 XXIII.
615 979 682 1019 38.
729 978 823 1020 Scio
868 978 1092 1033 plerosque
1126 981 1330 1027 Graecos,
1374 977 1445 1033 qui
1476 980 1526 1019 de
1557 979 1757 1021 memoria
1788 979 2055 1035 scripserunt,

303 1041 476 1089 secisse,
504 1046 572 1081 'ut
615 1040 839 1082 multorum
877 1043 1102 1082 verborum
1142 1041 1339 1095 imagines
1370 1040 1702 1090 conscriberent,
1747 1042 1835 1090 uti,
1887 1044 1957 1096 qui
1989 1055 2058 1082 eas

303 1103 489 1145 ediscere
519 1103 696 1151 vellent,
748 1109 910 1159 paratas
941 1102 1166 1151 haberent,
1214 1117 1264 1144 ne
1307 1102 1406 1158 quid
1437 1102 1478 1143 in
1510 1106 1746 1156 quaerendo
1778 1118 1929 1160 operae
1961 1118 2059 1145 con-

303 1172 526 1209 sumerent.
589 1167 777 1215 Quorum
822 1166 1024 1207 rationem
1056 1166 1212 1221 aliquot
1241 1167 1291 1205 de
1323 1165 1453 1206 causis
1493 1165 1805 1218 improbamus:
1858 1167 2055 1221 primum,

252 1241 287 1266 1⁵
303 1229 414 1286 quod
443 1229 485 1271 in
515 1228 741 1270 verborum
772 1227 1134 1269 innumerabilium
1164 1227 1425 1269 multitudine
1463 1227 1684 1269 ridiculum
1723 1228 1774 1269 sit
1811 1228 1923 1269 mille
1967 1242 2060 1269 ver-

302 1296 450 1335 borum
496 1292 697 1345 imagines
743 1305 996 1346 comparare.
1070 1292 1322 1339 Quantulum
1369 1289 1477 1331 enim
1523 1296 1716 1345 poterunt
1761 1292 1861 1331 haec
1907 1290 2057 1338 valere,

301 1370 394 1398 cum
438 1369 490 1396 ex
534 1354 689 1395 infinita
726 1352 949 1395 verborum
991 1356 1108 1408 copia
1138 1353 1263 1394 modo
1294 1352 1433 1401 aliud,
1484 1355 1610 1394 modo
1641 1352 1751 1394 aliud
1781 1366 1856 1394 nos
1885 1355 2058 1395 verbum

300 1418 535 1460 meminisse
566 1415 808 1472 oportebit?
838 1416 995 1456 Deinde
1026 1429 1099 1456 cur
1130 1416 1318 1456 volumus
1348 1414 1399 1455 ab
1429 1415 1630 1456 industria
1651 1429 1901 1470 quemquam
1921 1429 2059 1460 remo-

301 1495 398 1522 vere
417 1512 427 1529 ,
476 1485 521 1521 ut
559 1493 609 1520 ne
640 1479 738 1534 quid
777 1478 865 1533 ipse
896 1483 1090 1532 quaerat,
1138 1491 1230 1518 cum
1260 1492 1335 1518 nos
1366 1477 1423 1518 illi
1456 1480 1594 1518 omnia
1624 1483 1762 1532 parata
1794 1477 2058 1533 quaesitaque

251 1553 286 1578 20
303 1542 542 1585 tradamus?
574 1543 793 1582 Praeterea
823 1539 1087 1581 similitudine
1117 1540 1195 1580 alia
1226 1540 1328 1580 alius
1359 1539 1489 1592 magis
1520 1546 1820 1584 commovetur.
1879 1542 1982 1580 Nam
2013 1545 2058 1580 ut

301 1619 451 1660 saepe,
503 1605 679 1645 formam
725 1602 759 1643 si
798 1616 920 1657 quam
951 1601 1126 1642 similem
1165 1602 1341 1656 cuipiam
1373 1602 1602 1642 dixerimus
1634 1615 1746 1649 6556,
1798 1615 1882 1643 non
1913 1615 2057 1643 omnes

300 1667 498 1710 habemus
537 1680 806 1713 assensores,
857 1663 968 1718 quod
1007 1664 1075 1704 alii
1114 1664 1278 1705 videtur
1319 1663 1458 1712 aliud,
1510 1664 1607 1705 item
1646 1663 1690 1704 fit
1720 1665 1762 1704 in
1792 1663 2054 1718 imaginihus,

300 1737 369 1779 ut,
417 1744 521 1786 quae
566 1727 686 1770 nobis
718 1727 937 1780 diligenter
966 1732 1105 1767 notata
1150 1726 1228 1774 sit,
1279 1740 1327 1767 ea
1358 1740 1505 1781 parum
1535 1726 1726 1767 videatur
1754 1725 1925 1780 insignis
1955 1725 2057 1767 aliis.

300 1796 368 1834 39.
417 1795 555 1842 Quare
599 1791 676 1832 sibi
716 1803 922 1845 quemque
966 1802 1041 1830 suo
1086 1788 1306 1830 commodo
1344 1789 1536 1830 convenit
1564 1788 1765 1843 imagines
1795 1802 2053 1843 comparare.

250 1865 284 1890 2⁵
299 1857 514 1897 Postremo
544 1852 827 1909 praeceptoris
859 1857 919 1892 est
949 1853 1100 1892 docere
1119 1883 1129 1900 ‚
1178 1853 1529 1906 quemadmodum
1569 1850 1717 1907 quaeri
1747 1849 1927 1905 quidque
1960 1864 2058 1890 con-

299 1917 466 1967 veniat,
515 1924 555 1958 et
592 1930 719 1957 unum
757 1913 925 1969 aliquod
955 1919 1025 1954 aut
1053 1914 1252 1963 alterum,
1306 1927 1389 1955 non
1420 1914 1588 1962 omnia,
1636 1926 1741 1969 quae
1773 1912 1861 1954 eius
1892 1912 2056 1966 generis

300 1986 441 2027 erunt,
473 1978 652 2034 exempli
683 1991 803 2019 causa
833 1975 1060 2024 subiicere,
1098 1990 1180 2032 quo
1210 1990 1277 2018 res
1307 1977 1439 2029 possit
1467 1990 1557 2017 esse
1588 1975 1821 2017 dilucidior.
1880 1977 1930 2016 Ut
1962 1989 2055 2016 cum

299 2044 350 2083 de
379 2041 606 2098 prooemiis
636 2039 881 2095 quaerendis
912 2040 1194 2093 disputamus,
1242 2040 1444 2080 rationem
1485 2041 1628 2079 damus
1668 2039 1922 2094 quaerendi,
1972 2051 2056 2079 non

297 2105 410 2146 mille
440 2106 749 2159 prooemiorum
780 2116 932 2157 genera
963 2100 1288 2151 conscribimus,
1335 2101 1391 2142 ita
1433 2099 1685 2142 arbitramur
1725 2102 1776 2141 de
1805 2100 2054 2155 imaginibus

250 2177 285 2203 ³0
298 2166 389 2209 fieri
419 2166 655 2208 convenire.

412 2231 563 2271 XXIV.
610 2232 748 2278 Nunc,
795 2243 846 2269 ne
890 2227 998 2269 forte
1042 2225 1269 2268 verborum
1310 2227 1554 2267 memoriam
1594 2231 1664 2268 aut
1692 2228 1815 2271 nimis
1845 2225 2054 2269 difficilem

298 2298 369 2335 aut
398 2306 543 2348 parum
572 2292 715 2333 utilem
745 2291 948 2332 arbitrere
966 2323 975 2339 ,
1018 2289 1086 2344 [et]
1119 2290 1303 2344 ipsarum
1334 2288 1533 2330 memoria
1563 2303 1704 2331 rerum
1735 2296 1949 2333 contentus
1980 2290 2051 2339 sis,

299 2358 412 2412 quod
443 2361 484 2397 et
511 2354 699 2396 utiliores
730 2356 810 2396 sint
839 2360 879 2396 et
909 2356 999 2409 plus
1030 2353 1208 2394 habeant
1237 2351 1470 2401 facilitatis,
1504 2352 1789 2396 admonendus
1821 2368 1863 2396 es
1882 2386 1892 2402 ‚
1927 2367 2053 2410 quare

296 2418 523 2461 verborum
568 2419 811 2458 memoriam
854 2431 937 2458 non
975 2416 1275 2471 improbemus.
1353 2417 1455 2455 Nam
1494 2422 1685 2470 putamus
1726 2422 1920 2472 oportere
1961 2430 2050 2464 605,

251 2482 370 2537 asqui
399 2480 528 2522 velint
557 2494 624 2521 res
653 2480 860 2520 faciliores
880 2480 967 2520 siue
988 2479 1132 2519 labore
1154 2483 1194 2519 et
1212 2478 1402 2518 molestia
1422 2477 1542 2518 facile
1563 2478 1824 2528 meminisse,
1856 2479 1899 2520 in
1928 2477 2052 2519 rebus

299 2541 603 2585 difficilioribus
634 2556 723 2584 esse
753 2548 844 2583 ante
876 2542 1141 2583 exercitatos.
1203 2543 1288 2580 Nec
1318 2555 1393 2581 nos
1425 2542 1527 2581 hanc
1556 2543 1780 2582 verborum
1807 2541 2052 2583 memoriam

298 2606 534 2648 inducimus
553 2636 564 2653 ,
597 2610 641 2645 ut
669 2619 812 2646 versus
842 2603 1077 2645 meminisse
1106 2602 1339 2657 possimus,
1380 2605 1452 2644 sed
1482 2608 1528 2644 ut
1556 2605 1631 2643 hac
1661 2602 1955 2645 exercitatione
1984 2602 2052 2644 illa

298 2682 441 2710 rerum
470 2667 692 2714 memoria,
742 2680 846 2722 quae
877 2667 1054 2722 pertinet
1082 2667 1133 2706 ad
1162 2664 1375 2706 utilitatem
1395 2696 1406 2713 ‚
1458 2664 1748 2715 confirmetur3
1794 2670 1841 2706 ut
1877 2666 1930 2705 ab
1973 2664 2049 2705 hac

300 2730 457 2772 difficili
488 2728 784 2772 consuetudine
830 2729 917 2770 sine
958 2728 1102 2770 labore
1134 2727 1185 2768 ad
1213 2727 1324 2768 illam
1354 2726 1591 2768 facilitatem
1620 2728 1795 2768 transire
1826 2728 2046 2782 possimus.

299 2796 368 2834 40.
403 2796 483 2835 Sed
514 2807 607 2834 cum
637 2794 679 2833 in
709 2792 822 2833 omni
852 2791 1066 2846 disciplina
1096 2790 1257 2831 infirma
1286 2794 1348 2830 est
1377 2791 1475 2830 artis
1503 2790 1741 2844 praeceptio
1771 2790 1861 2830 sine
1891 2803 2050 2831 summa

300 2855 533 2897 assiduitate
555 2854 861 2897 exercitationis
881 2886 890 2902 ,
924 2861 1010 2895 tum
1032 2867 1134 2895 vero
1154 2853 1195 2894 in
1215 2862 1490 2907 μνημονικοῑς
1520 2851 1735 2892 minimum
1763 2851 1873 2893 valet
1899 2851 2050 2893 doctri-

300 2932 380 2967 na,
412 2919 491 2960 nisi
519 2917 720 2960 industria
739 2948 750 2966 ‚
782 2917 943 2965 studio,
975 2916 1148 2965 labore,
1182 2915 1393 2970 diligentia
1423 2913 1733 2969 comprobetur.
1796 2915 1930 2963 Quam
1958 2915 2049 2969 plu-

393 3050 426 3080 2.
455 3050 590 3091 aliquas
623 3050 770 3081 PAFRT
808 3059 885 3081 cum
916 3050 1011 3081 aliis:
1053 3049 1209 3088 aliquam
1232 3056 1306 3078 rem
1328 3047 1376 3083 B,
1415 3047 1537 3087 aliqua
1561 3055 1599 3077 re
1624 3046 1662 3077 E.
1703 3062 1743 3069 --
1783 3047 1819 3078 [4.
1847 3056 1951 3087 quam
1975 3055 2047 3078 rem

301 3094 499 3132 PABFRT,
527 3098 603 3127 alii:
632 3107 702 3138 qua
726 3107 764 3127 ‘re
791 3098 830 3128 E.
861 3113 897 3118 —
933 3097 965 3127 8.
997 3096 1133 3137 difficile
1159 3100 1208 3127 est
1234 3093 1431 3125 PABFRT:
1458 3098 1506 3124 est
1532 3093 1670 3134 difficile
1695 3093 1732 3124 E.
1764 3109 1799 3115 —
1841 3095 1897 3125 10.
1923 3101 2045 3132 perva-

302 3143 490 3182 9cmurAF
506 3148 639 3173 etcorr.
665 3144 712 3174 T:
737 3151 965 3184 pervaycmus
985 3143 1037 3172 PB
1065 3147 1098 3173 et
1125 3151 1175 3181 pr.
1196 3141 1243 3179 T,
1270 3148 1520 3179 percurramus
1540 3140 1613 3170 RE.
1629 3157 1665 3162 —
1698 3139 1751 3170 16.
1781 3140 1842 3172 hae
1867 3141 1893 3172 B
1918 3140 2046 3171 Linde-

302 3191 419 3220 manni
447 3193 480 3220 et
503 3189 669 3220 Lambino
697 3195 836 3222 auctore
865 3190 942 3220 Sch.
972 3188 1149 3228 (Refertur
1173 3189 1214 3220 ad
1240 3186 1373 3225 verba.)
1404 3202 1438 3207 —
1473 3187 1529 3217 22.
1555 3188 1634 3218 *item
1659 3186 1803 3217 PABFT
1824 3192 1857 3218 et
1881 3194 1968 3217 corr.
1992 3186 2042 3218 R:

301 3237 352 3266 ita
377 3235 403 3266 E
430 3241 464 3268 et
490 3244 540 3274 pr.
565 3236 606 3265 R.
636 3253 671 3258 —
701 3236 757 3267 23.
784 3241 908 3267 notata
933 3237 977 3266 sit
1003 3236 1053 3267 T:
1081 3239 1165 3266 nota
1190 3236 1234 3265 sit
1260 3234 1394 3271 PAFR,
1420 3236 1499 3264 note
1523 3234 1593 3264 sint
1611 3234 1658 3271 B,
1684 3235 1826 3264 notatae
1849 3234 1918 3264 sint
1935 3233 1974 3264 E.
2004 3249 2042 3256 —-

302 3292 342 3313 ea
364 3291 493 3320 parurn
517 3282 675 3313 videatur
699 3284 842 3324 insiqnis
866 3282 1036 3313 PAFRT:
1065 3290 1123 3314 eae
1143 3289 1274 3323 parum
1299 3281 1481 3313 videantur
1505 3281 1656 3321 insiynes
1675 3279 1744 3312 BE.
1768 3293 1808 3302 --
1833 3278 1890 3311 32.
1919 3282 1951 3310 et
1973 3287 2043 3312 om.

301 3328 440 3369 PFRT,
466 3329 685 3369 ipsarumque
710 3329 750 3360 T.
799 3329 868 3362 Nos
894 3330 1110 3363 seclusimus.
