2117 3762
754 263 852 304 LIB.
882 261 913 303 1.
972 261 1013 303 C.
1047 262 1110 303 17.
1143 262 1206 304 18.
1240 263 1305 305 19.
1828 267 1905 308 187

157 367 305 425 quibus
336 369 473 424 paullo
505 375 597 412 ante
631 368 795 417 dixisti,
828 368 1015 424 quamvis
1046 368 1104 409 illi
1136 375 1280 410 ornate
1309 373 1350 411 et
1378 368 1558 424 graviter
1586 374 1656 410 aut
1683 370 1735 411 de
1759 375 1903 413 natura

154 447 294 475 rerum
340 439 410 474 aut
452 432 501 474 de
542 432 728 474 humanis
768 432 893 472 rebus
938 432 1171 485 loquantur.
1234 433 1416 473 Nitidum
1447 429 1654 487 quoddam
1685 445 1812 485 genus
1840 439 1904 483 est

155 497 378 537 verborum
421 501 460 537 et
501 495 677 542 laetum,
726 492 799 534 sed
839 492 1063 546 palaestrae
1104 494 1234 548 magis
1271 500 1311 535 et
1350 494 1433 536 olei
1470 508 1592 549 quam
1622 494 1744 535 huius
1774 494 1905 536 civilis

154 556 302 600 turbae
333 572 379 599 ae
410 557 505 599 sori.
567 559 636 597 82.
669 558 853 610 Namque
884 563 1066 609 egomet,
1105 557 1176 611 qui
1206 570 1301 598 sero
1331 570 1377 597 ae
1407 556 1557 598 leviter
1589 558 1767 598 Graecas
1798 557 1906 598 litte-

154 635 220 663 ras
250 622 492 675 attigissem,
523 625 658 660 tamen
689 632 781 659 eum
814 632 889 671 pro
920 617 1087 660 consule
1118 619 1159 660 in
1190 618 1374 661 Ciliciam
1406 617 1671 671 proficiscens
1698 618 1937 660 venissems

153 683 357 732 Athenas,
409 683 642 737 complures
685 687 769 721 tum
812 681 869 722 ibi
909 681 997 722 dies
1040 695 1130 722 sum
1172 687 1343 736 propter
1374 679 1593 735 navigandi
1623 679 1908 723 difficultatem

155 751 455 788 commoratus:
507 744 603 791 sed,
646 757 738 783 cum
769 743 954 797 quotidie
986 757 1145 785 meeum
1177 742 1374 784 haberem
1405 743 1593 784 homines
1624 742 1906 792 doctissimos,

153 822 225 850 eos
264 809 353 849 fere
389 806 522 860 ipsos,
574 805 644 860 qui
684 807 757 846 abs
789 813 826 846 te
857 806 982 848 modo
1013 812 1106 847 sunt
1145 805 1369 853 nominati,
1422 820 1598 860 cumque
1643 808 1721 847 hoc
1765 807 1908 847 nescio

154 869 363 926 quomodo
395 870 501 923 apud
534 880 605 908 eos
635 867 931 917 increbuisset,
966 882 1030 909 me
1060 871 1101 910 in
1133 868 1265 909 causis
1295 867 1519 909 maioribus
1550 868 1669 909 sicuti
1702 874 1739 909 te
1770 870 1908 915 solere

152 931 333 980 versari,
366 943 442 984 pro
473 943 517 971 se
547 931 721 984 quisque
751 944 855 985 quae
886 935 1048 986 poterat
1077 934 1128 972 de
1158 930 1297 972 officio
1329 936 1368 971 et
1388 930 1548 971 ratione
1570 932 1746 972 oratoris
1768 931 1958 986 dispu·10

151 995 274 1036 tabat.
333 994 401 1034 83.
436 993 598 1034 Horum
629 992 714 1040 alii,
747 992 863 1033 sicuti
895 992 970 1033 iste
1002 994 1089 1048 ipse
1120 995 1406 1041 Mnesarchus,
1445 995 1539 1040 hOS‚
1572 1006 1676 1047 quos
1706 1006 1781 1034 nos
1811 1006 1906 1034 ora-

151 1062 263 1098 tores
293 1067 562 1103 vocaremus,
595 1054 696 1095 nihil
728 1068 816 1096 esse
849 1056 1008 1096 dicebat
1039 1055 1117 1096 nisi
1149 1058 1351 1110 quosdam
1385 1055 1598 1110 operarios
1620 1057 1759 1109 lingua
1780 1055 1907 1098 celeri

152 1124 193 1159 et
222 1117 470 1167 exercitata3
524 1124 734 1159 oratorem
765 1124 921 1166 autem,
967 1118 1046 1159 nisi
1087 1118 1156 1174 qui
1187 1119 1350 1173 sapiens
1381 1124 1511 1166 esset,
1560 1131 1649 1159 esse
1680 1121 1906 1169 neminem;

151 1186 274 1237 atque
305 1180 438 1234 ipsam
469 1180 766 1235 eloquentiam,
799 1184 909 1236 quod
942 1195 995 1222 ex
1024 1180 1126 1222 bene
1152 1180 1313 1222 dicendi
1335 1181 1505 1222 scientia
1527 1187 1753 1230 constaret,
1783 1195 1907 1223 unam

151 1242 356 1300 quandam
388 1257 477 1284 esse
508 1244 702 1284 virtutem
734 1250 794 1291 et,
843 1243 914 1298 qui
942 1257 1065 1285 unam
1095 1244 1288 1284 virtutem
1324 1242 1518 1292 haberet,
1566 1256 1709 1285 omnes
1749 1245 1956 1285 habere1⁵

151 1319 302 1362 easque
333 1319 422 1347 esse
453 1305 560 1346 inter
590 1319 633 1346 se
664 1305 856 1360 aequales
894 1312 934 1347 et
971 1319 1117 1359 pares;
1168 1306 1248 1354 ita,
1297 1307 1367 1360 qui
1398 1312 1505 1347 esset
1545 1306 1767 1361 eloquens,
1807 1320 1901 1348 eum

149 1368 323 1411 virtutes
367 1381 511 1410 omnes
556 1369 710 1408 habere
754 1374 877 1422 atque
921 1381 1012 1409 esse
1052 1367 1294 1422 sapientem.
1357 1370 1438 1410 Sed
1477 1370 1580 1410 haee
1620 1375 1707 1410 erat
1736 1368 1922 1424 spinosa-

150 1429 353 1487 quaedam
391 1437 430 1472 et
469 1430 587 1472 exilis
628 1429 759 1472 oratio
796 1432 1004 1485 longeque
1035 1445 1057 1472 a
1088 1432 1237 1472 nostris
1278 1434 1468 1474 sensibus
1508 1430 1773 1473 abhorrebat.
1835 1431 1903 1472 84.

151 1491 400 1536 Charmadas
431 1506 531 1534 vero
561 1492 688 1533 multo
719 1493 891 1534 uberius
922 1495 1076 1534 eisdem
1118 1492 1168 1534 de
1208 1496 1335 1536 rebus
1374 1493 1646 1549 loquebatur;
1697 1507 1779 1535 non
1822 1507 1904 1549 quo

150 1555 330 1612 aperiret
359 1557 603 1597 sententiam
634 1569 767 1604 suam;
818 1557 884 1596 hic
916 1559 1025 1597 enim
1055 1569 1145 1598 mos
1176 1562 1263 1598 erat
1294 1557 1454 1610 patrius
1484 1556 1728 1598 Academiae
1759 1555 1905 1598 adver·
1920 1569 1958 1595 2⁰

150 1620 232 1661 sari
264 1632 428 1674 semper
458 1617 649 1660 omnibus
679 1618 722 1659 in
753 1617 1020 1673 disputando;
1068 1620 1140 1660 sed
1171 1632 1265 1661 cum
1295 1619 1474 1660 maxime
1503 1625 1640 1661 tamen
1670 1622 1749 1661 hoc
1781 1620 1907 1674 signi-

149 1680 320 1730 ficabat,
354 1694 447 1729 eos,
486 1681 556 1736 qui
586 1682 779 1722 rhetores
810 1681 1124 1722 nominarentur
1154 1687 1195 1722 et
1224 1682 1294 1736 qui
1325 1681 1488 1723 dicendi
1519 1688 1740 1738 praecepta
1769 1681 1906 1724 trade-

149 1750 256 1791 rent,
314 1743 413 1784 nihil
458 1743 578 1798 plane
625 1750 766 1785 tenere
812 1758 949 1798 neque
995 1757 1117 1796 posse
1163 1757 1410 1799 quemquam
1458 1743 1692 1786 facultatem
1741 1744 1906 1800 assequi

149 1805 335 1854 dicendi,
386 1805 463 1846 nisi
495 1807 564 1860 qui
595 1806 940 1861 philosophorum
972 1806 1136 1847 inventa
1167 1806 1390 1848 didicisset.
1450 1809 1570 1848 XIX.
1604 1810 1669 1848 85.
1716 1807 1906 1862 Disputa-

148 1867 247 1910 bant
275 1874 417 1909 contra
449 1867 592 1910 diserti
622 1869 812 1910 homines
842 1870 1116 1910 Athenienses
1147 1874 1186 1909 et
1216 1870 1257 1910 in
1287 1883 1333 1910 re
1364 1869 1527 1925 publiea
1565 1869 1780 1924 causisque
1813 1883 1904 1910 ver-
1919 1881 1955 1910 2⁵

149 1932 247 1978 sati,
277 1931 321 1971 in
351 1931 440 1985 quis
471 1936 560 1971 erat
591 1932 712 1972 etiam
742 1932 802 1979 is,
846 1932 915 1987 qui
946 1945 1078 1986 nuper
1107 1933 1261 1972 Romae
1291 1931 1387 1979 suit,
1430 1934 1721 1980 Menedemus,
1754 1935 1904 1987 hospes

148 2007 288 2041 meus;
336 1995 407 2048 qui
439 2006 531 2034 cum
564 1995 721 2034 diceret
751 2007 841 2034 esse
872 1996 1076 2048 quandam
1108 1993 1395 2047 prudentiam,
1447 2008 1553 2048 quae
1589 2000 1828 2035 versaretur
1863 1995 1906 2035 in

148 2055 447 2113 perspiciendis
491 2055 721 2097 rationibus
758 2057 1138 2098 constituendarum
1177 2062 1217 2097 et
1245 2056 1520 2111 regendarum
1550 2071 1692 2098 rerum
1721 2055 1903 2112 publica-

148 2133 260 2167 rum,
294 2118 551 2160 excitabatur
579 2121 704 2160 homo
734 2125 950 2175 promptus
985 2118 1048 2173 [ab
1070 2118 1252 2174 homine]
1286 2119 1508 2161 abundanti
1538 2120 1726 2161 doctrina
1748 2126 1788 2161 et
1809 2133 1908 2174 qua-

149 2181 244 2223 dam
274 2180 509 2223 incredibili
539 2181 736 2222 varietate
766 2195 907 2223 rerum
937 2188 1060 2236 atque
1091 2183 1222 2236 copia.
1282 2183 1435 2224 Omnes
1479 2182 1586 2224 enim
1630 2188 1767 2238 partes
1798 2182 1905 2224 illius
1920 2193 1956 2219 ³⁰

148 2243 277 2300 ipsius
306 2242 549 2299 prudentiae
579 2243 777 2298 petendas
816 2258 904 2285 esse
936 2259 957 2285 a
988 2243 1250 2299 philosophia
1293 2244 1466 2286 docebat
1507 2259 1641 2301 neque
1683 2259 1753 2292 ea,
1801 2259 1906 2300 quae

149 2311 428 2348 statuerentur
457 2305 501 2346 in
529 2320 576 2347 re
607 2305 771 2359 publica
801 2305 852 2348 de
883 2306 959 2348 diis
989 2306 1315 2354 immortalibus,
1348 2310 1399 2349 de
1421 2308 1638 2362 disciplina
1668 2307 1903 2356 iuventutis,

149 2370 200 2410 de
229 2367 404 2415 iustitia,
437 2370 486 2409 de
516 2369 734 2422 patientia,
767 2370 817 2410 de
847 2369 1138 2424 temperantia,
1171 2369 1221 2411 de
1251 2369 1377 2412 modo
1409 2385 1551 2413 rerum
1583 2371 1766 2412 omnium
1798 2378 1906 2412 cete-

147 2443 298 2486 raque,
331 2429 419 2471 sine
449 2429 600 2486 quibus
631 2430 816 2473 civitates
846 2437 916 2472 aut
946 2445 1036 2473 esse
1067 2438 1136 2473 aut
1166 2434 1272 2474 bene
1302 2440 1488 2475 moratae
1510 2447 1600 2475 esse
1621 2447 1703 2474 non
1723 2439 1903 2489 possent,

148 2506 323 2547 usquam
353 2494 394 2534 in
425 2506 571 2534 eorum
601 2492 776 2535 inveniri
809 2479 969 2536 libellis.
1031 2496 1096 2536 86.
1129 2495 1287 2544 Quodsi
1318 2502 1471 2545 tantam
1502 2498 1586 2538 vim
1615 2510 1754 2538 rerum
1776 2495 1955 2538 maxi-³⁵

149 2568 311 2597 marum
341 2561 429 2597 arte
460 2569 534 2597 sua
563 2555 761 2597 rhetorici
790 2556 850 2597 illi
881 2556 1073 2599 doctores
1105 2557 1502 2612 complecterentur,
1546 2558 1791 2614 quaerebat,
1832 2573 1905 2599 cur

242 2692 278 2725 3.
303 2693 376 2733 sed]
403 2698 435 2726 et
461 2693 546 2727 Cod.
573 2694 670 2727 voss.
700 2694 797 2734 prob.
825 2695 946 2727 Bakio.
978 2713 1014 2719 —
1055 2694 1136 2737 olet]
1167 2698 1232 2728 otii
1258 2705 1334 2729 cum
1363 2698 1474 2730 Havn.
1502 2699 1534 2730 1.
1562 2698 1594 2730 2.
1622 2698 1767 2737 aliisque
1795 2697 1904 2728 Schu-

149 2742 249 2773 tzlus.
276 2757 319 2763 —
344 2741 376 2772 5.
401 2741 587 2781 proconsul
614 2743 684 2774 BR.
716 2759 753 2764 —
780 2744 946 2774 venissem
970 2742 1123 2774 Athenas
1148 2744 1174 2775 B
1201 2745 1356 2784 aliique:
1396 2746 1549 2776 Athenas
1573 2746 1735 2776 venissem
1760 2745 1830 2776 RE.
1862 2759 1901 2766 -

149 2787 183 2820 8.
209 2795 286 2818 cum
309 2787 410 2819 Voss.
438 2788 489 2826 B,
518 2789 616 2828 prob.
646 2788 765 2821 Bakio.
804 2805 848 2810 ——
888 2789 969 2821 haec
997 2790 1037 2821 R.
1070 2806 1108 2813 -
1152 2791 1186 2822 9.
1213 2792 1483 2823 increbruissent
1507 2792 1546 2823 R.
1583 2805 1624 2813 —
1669 2792 1722 2822 10.
1761 2793 1904 2831 quisque

150 2842 238 2874 quae
255 2833 282 2864 B
301 2838 334 2865 et
352 2843 390 2866 ex
410 2835 454 2866 al.
477 2834 587 2866 Codd.
615 2837 766 2876 vestigiis
788 2835 1002 2867 Henrichsen
1017 2861 1026 2875 ‚
1056 2837 1152 2875 prob.
1173 2837 1332 2879 Madvig:
1367 2841 1446 2870 item
1466 2838 1515 2869 T:
1545 2838 1684 2878 quisque
1703 2842 1784 2871 (om.
1801 2835 1903 2878 quae)

149 2881 190 2917 Β,
219 2889 306 2921 quae
324 2882 465 2921 quisque
483 2881 511 2912 R
524 2905 533 2919 ,
559 2885 599 2913 ut
615 2885 754 2924 quisque
775 2882 810 2914 E.
833 2900 873 2905 —
901 2887 931 2914 et
957 2883 997 2914 de
1021 2885 1159 2915 ratione
1177 2887 1332 2916 oratoris
1350 2885 1376 2915 B
1392 2909 1400 2922 ‚
1428 2889 1458 2915 ec
1476 2884 1516 2915 de
1534 2885 1685 2915 oratoris
1702 2885 1840 2915 ratione
1859 2884 1901 2915 R.

150 2943 191 2950 —
220 2927 274 2958 11.
305 2928 409 2958 sicuti
440 2927 549 2959 Codd.
575 2929 620 2960 al.
638 2953 647 2968 ,
674 2930 727 2961 R:
755 2930 846 2961 sicut
870 2929 942 2961 BE.
982 2946 1010 2952 -
1041 2931 1095 2961 15.
1123 2932 1236 2962 omnis
1261 2932 1398 2964 haberet
1425 2931 1464 2962 Β.
1495 2947 1532 2954 -
1578 2930 1636 2961 16.
1665 2938 1786 2971 easque
1809 2932 1903 2971 ipsas

148 2982 217 3006 esse
245 2972 311 3004 Gu.
339 2973 397 3011 2.,
425 2974 545 3006 Aldus.
573 2974 654 3013 (non
691 2976 806 3011 BRE.)
849 2992 890 2998 —
931 2975 986 3008 19.
1028 2976 1243 3009 Charmadas
1283 2987 1372 3010 corr.
1415 2978 1474 3018 Lg.
1503 2977 1560 3007 2.:
1601 2976 1792 3008 Carneades
1828 2977 1900 3013 BR.

151 3019 361 3052 Char-mades
388 3019 428 3050 Ε.
458 3037 495 3044 —-
523 3023 646 3054 eisdem
673 3023 782 3055 Codd.
811 3023 882 3055 al.:
910 3023 1040 3054 hisdem
1065 3025 1117 3058 R,
1142 3025 1263 3056 iisdem
1289 3025 1357 3056 BE.
1389 3040 1427 3046 —
1464 3024 1520 3054 21.
1549 3023 1637 3061 cum]
1664 3028 1736 3054 tum
1766 3026 1804 3055 R.
1845 3025 1903 3063 (Ut.

149 3075 238 3106 nos,
265 3067 355 3104 BE.)
383 3082 423 3088 —-
465 3067 522 3099 22.
548 3070 823 3102 nominabantur
848 3070 890 3101 R.
932 3086 977 3092 —
1018 3070 1074 3103 25.
1114 3071 1335 3103 Athenienses
1368 3070 1508 3101 seclusit
1534 3069 1663 3101 Bakius
1690 3076 1724 3102 et
1748 3071 1900 3104 Ellendt.

150 3114 349 3155 (Significat
374 3113 438 3145 hoc
465 3123 539 3146 voc.
569 3123 651 3151 eos,
695 3122 816 3155 utpote
843 3117 1075 3150 Athenienses
1095 3141 1103 3153 .
1144 3118 1250 3150 tuisse
1277 3118 1433 3149 homines
1459 3121 1579 3147 acutos
1608 3121 1640 3148 et
1665 3116 1832 3158 sagaces.)
1860 3136 1901 3142 —

149 3165 180 3193 et
205 3165 284 3193 ante
310 3162 348 3192 in
373 3169 439 3192 om.
468 3161 510 3192 R.
539 3175 579 3183 —
616 3162 673 3194 26.
702 3164 824 3203 quibus
849 3164 959 3196 Codd.
989 3164 1047 3200 al.,
1075 3164 1115 3195 Τ.
1143 3164 1200 3203 (Ut
1225 3174 1310 3201 nos,
1338 3164 1364 3194 B
1391 3163 1520 3202 aliique
1548 3163 1657 3194 Codd.
1693 3165 1900 3204 complures,

148 3207 296 3244 RE.)—
322 3206 378 3238 29.
407 3207 652 3249 ezayt'tabatur
671 3208 889 3247 Gulielmius,
917 3210 1151 3249 excipiebatur
1179 3211 1408 3242 Hotomanus.
1429 3225 1466 3232 -
1496 3209 1558 3240 Vv.
1577 3210 1620 3241 ab
1638 3211 1773 3242 homine
1792 3212 1902 3244 Schu-

151 3257 217 3286 tzio
244 3257 277 3286 in
304 3254 369 3285 Ed.
399 3256 478 3286 mai.
506 3260 647 3287 auctore
674 3264 750 3287 curn
773 3257 944 3289 Ellendtio
971 3258 1187 3288 seclusimus.
1215 3256 1410 3296 (promptus
1435 3261 1466 3287 et
1491 3257 1583 3288 omni
1606 3256 1774 3290 doctrina
1796 3259 1902 3289 abun-

150 3301 240 3332 dans
264 3300 423 3341 Bakius.)
450 3317 494 3323 —
519 3301 574 3332 30.
604 3306 706 3342 atque
731 3302 757 3333 B
784 3304 913 3342 aliique
932 3327 940 3340 ,
969 3304 1018 3334 R:
1048 3309 1078 3334 et
1106 3303 1144 3334 E.
1174 3320 1211 3326 —-
1243 3300 1381 3342 Omnes]
1408 3303 1498 3334 senis
1526 3302 1563 3333 B.
1594 3320 1632 3326 —
1673 3303 1728 3337 31.
1756 3305 1900 3338 docebat

150 3347 178 3379 B
205 3347 356 3390 aliique:
386 3347 521 3380 dicebat
546 3347 619 3379 RE.
649 3365 689 3372 —
717 3348 774 3381 35.
801 3350 897 3382 libris
921 3344 1074 3382 inveniri
1099 3350 1141 3381 R.
1171 3365 1210 3372 -
1237 3349 1294 3382 36.
1323 3349 1529 3391 querebatur
1553 3349 1594 3382 B.
