2117 3762
233 240 316 282 270
945 237 1014 277 DE
1047 236 1293 277 ORATORE

234 347 304 388 bat
330 344 458 388 iudex
487 346 535 385 L.
558 340 729 385 Aurifex
756 338 926 381 brevior
955 340 1044 394 ipse
1075 353 1198 395 quam
1228 339 1366 382 testis:
1413 338 1546 379 omnis
1580 342 1642 379 est
1673 336 1781 379 risus
1811 336 1855 380 in
1884 337 1993 380 iudi-

235 423 323 451 cem
356 421 603 456 conversus;
650 405 785 446 visum
821 406 884 442 est
918 407 1052 443 totum
1082 402 1255 444 scurrile
1280 402 1517 445 ridiculum.
1577 403 1688 455 Ergo
1717 402 1845 449 haec,
1885 413 1991 456 quae

235 474 384 513 cadere
424 473 597 526 possunt
640 467 683 506 in
722 477 826 518 quos
866 463 997 513 nolis,
1047 465 1234 519 quamvis
1281 465 1360 507 sint
1400 466 1533 513 bella,
1582 468 1677 504 sunt
1720 468 1859 504 tamen
1899 464 1990 518 ipso

234 547 387 589 genere
416 530 616 574 scurrilia.
678 529 774 569 246.
816 528 866 568 Ut
894 525 998 575 iste,
1031 527 1102 581 qui
1135 541 1178 568 se
1211 527 1298 570 vult
1324 527 1522 574 dicacem,
1570 531 1610 567 et
1637 524 1876 566 mehercule
1904 530 1989 574 est,

203 596 409 651 5Appius,
441 596 512 636 scd
541 603 838 646 nonnunquam
867 589 910 631 in
941 592 1020 630 hoc
1051 588 1197 631 vitium
1230 591 1402 631 scurrile
1434 589 1655 630 delabitur.
1719 588 1993 642 Coenabo,

232 660 386 714 inquit,
417 654 551 710 apud
581 661 647 703 te,
678 653 777 695 huic
807 652 942 701 lusco,
974 652 1168 693 familiari
1196 665 1314 699 meo,
1349 654 1393 694 C.
1420 653 1588 700 Sextio,
1622 652 1713 692 uni
1745 649 1885 692 enim
1914 648 1994 690 lo-

233 735 341 763 cum
382 733 493 761 esse
530 717 708 758 video.
768 718 841 757 Est
872 718 952 757 hoc
984 715 1183 763 scurrile,
1235 718 1275 755 et
1302 717 1414 768 quod
1441 715 1529 756 sinc
1564 727 1684 755 causa
1717 712 1925 754 lacessivit
1955 716 1995 752 et

232 790 368 825 tamen
398 782 440 821 id
469 778 592 828 dixit,
639 781 749 834 quod
789 779 832 818 in
873 791 1018 819 omnes
1049 778 1188 818 luscos
1219 775 1475 819 conveniret.
1534 779 1618 826 Ea,
1669 777 1766 831 quia
1796 773 1994 816 meditata

230 848 426 902 putantur
464 855 578 890 esse,
627 844 762 883 minus
805 839 1008 881 ridentur.
1076 837 1184 881 Illud
1221 837 1433 893 egregium
1471 839 1600 880 Sextii
1634 844 1674 880 et
1709 853 1763 880 ex
1792 843 1996 893 tempore.

181 922 217 947 πο
232 911 413 951 Manus
442 904 587 954 lava,
621 904 776 961 inquit,
809 908 859 945 et
889 917 1064 947 coena.
1124 903 1219 944 247.
1280 902 1495 954 Temporis
1525 902 1653 956 igitur
1682 900 1784 943 ratio
1806 905 1846 942 et
1865 900 1995 954 ipsius

232 969 456 1012 dicacitatis
486 969 719 1009 moderatio
750 971 791 1008 et
823 966 1093 1022 temperantia
1126 969 1167 1006 et
1192 965 1340 1005 raritas
1370 964 1576 1005 dictorum
1605 964 1831 1018 distinguet
1858 967 1998 1005 orato-

231 1047 317 1075 rem
350 1045 373 1073 a
404 1044 571 1081 scurra;
620 1035 683 1079 et,
718 1031 829 1085 quod
861 1044 937 1071 nos
972 1043 1066 1070 cum
1095 1041 1216 1069 causa
1248 1026 1443 1075 dicimUS,
1476 1040 1562 1067 non
1590 1033 1634 1068 ut
1659 1026 1827 1069 ridiculi
1858 1027 1997 1069 videa-

230 1109 345 1144 mur,
394 1096 468 1136 sed
519 1097 567 1134 ut
621 1090 885 1147 proficiamus
941 1090 1122 1146 aliquid,
1175 1089 1234 1132 illi
1283 1094 1416 1130 totum
1463 1087 1572 1129 diem
1627 1093 1668 1130 et
1716 1090 1804 1130 sine
1855 1101 1994 1130 causa.

232 1156 340 1207 Quid
372 1158 483 1199 enim
514 1160 575 1197 est
605 1154 786 1209 Vargula
822 1161 1052 1203 assecutus,
1105 1168 1198 1194 cum
1240 1166 1335 1194 eum
1380 1150 1619 1192 candidatus
1654 1155 1702 1193 A.
1728 1153 1996 1207 Sempronius

180 1235 217 1261 15
232 1235 324 1261 cum
345 1223 485 1262 Marco
516 1232 590 1260 suo
622 1216 750 1258 fratre
779 1217 1024 1273 complexus
1055 1221 1190 1258 esset:
1222 1216 1356 1256 Puer
1386 1216 1545 1269 abige
1576 1219 1819 1256 muscas?
1855 1216 1998 1256 Risum

231 1281 454 1339 quaesivit,
488 1280 558 1337 qui
589 1285 652 1322 est
678 1294 772 1321 mea
797 1279 1004 1322 sententia
1035 1281 1103 1321 vel
1124 1279 1391 1320 tenuissimus
1411 1277 1566 1333 ingenii
1585 1277 1758 1319 fructus.
1819 1280 1998 1332 Tempus

230 1346 358 1399 igitur
386 1342 548 1385 dicendi
578 1344 798 1398 prudentia
827 1348 868 1384 et
902 1342 1102 1397 gravitate
1128 1341 1459 1392 mode1·abimur;
1491 1354 1665 1396 quarum
1686 1342 1844 1383 utinam
1870 1345 1998 1382 artem

232 1406 412 1462 aliquam
440 1407 715 1447 haberemusl
761 1407 835 1448 sed
866 1408 1034 1447 domina
1063 1410 1209 1446 natura
1241 1409 1318 1445 est.

344 1469 453 1509 LXI.
500 1470 596 1510 248.
648 1470 766 1510 Nunc
807 1481 1064 1523 exponamus
1101 1481 1255 1522 genera
1292 1468 1382 1520 ipsa
1419 1466 1677 1515 summatim,
1726 1480 1832 1522 quae
1870 1465 1999 1508 risum

183 1549 219 1575 20
234 1533 412 1573 maxime
444 1535 653 1573 moveant.
715 1532 828 1572 Haec
858 1532 986 1585 igitur
1015 1529 1067 1571 sit
1095 1529 1229 1585 prima
1258 1529 1452 1585 partitio,
1504 1533 1616 1584 quod
1644 1529 1776 1571 facete
1807 1528 1966 1571 dicatur
1985 1559 1997 1577 ,

231 1593 275 1636 id
304 1593 403 1635 alias
432 1592 475 1634 in
504 1609 549 1635 re
580 1592 756 1643 habere,
804 1593 905 1635 alias
935 1596 977 1635 in
1005 1594 1137 1635 verbo
1172 1592 1364 1644 facetias3
1411 1594 1594 1634 maxime
1634 1597 1773 1633 autem
1810 1591 2000 1633 homines

234 1655 448 1705 delectari,
494 1659 528 1698 si
569 1658 735 1712 quando
776 1657 884 1697 risus
921 1656 1140 1696 coniuncte
1177 1669 1225 1696 re
1260 1658 1474 1711 verboque
1517 1660 1748 1698 moveatur.
1809 1656 1890 1696 Sed
1920 1656 2002 1695 hoc

234 1725 507 1770 mementote,
541 1733 812 1774 quoscunque
842 1719 957 1760 locos
989 1718 1208 1772 attingam,
1244 1720 1356 1759 unde
1384 1718 1562 1760 ridicula
1593 1717 1817 1767 ducantur,
1852 1731 1905 1758 ex
1931 1716 2002 1758 iis-

234 1787 328 1826 dem
373 1782 474 1825 locis
511 1781 601 1823 fere
646 1783 769 1823 etiam
809 1796 957 1837 graves
995 1781 1221 1823 sententias
1262 1794 1387 1836 posse
1427 1780 1535 1822 duci.
1598 1783 1772 1822 Tantum
1801 1779 1998 1828 interest,

185 1868 220 1894 25
235 1848 347 1902 quod
378 1844 555 1901 gravitas
585 1844 770 1887 honestis
800 1845 842 1886 in
872 1846 998 1885 rebus
1029 1858 1198 1893 severe,
1247 1844 1364 1885 iocus
1393 1843 1435 1885 in
1466 1843 1681 1899 turpiculis
1712 1848 1752 1885 et
1781 1842 1898 1898 quasi
1928 1844 2004 1883 de-

233 1910 439 1952 formibus
468 1907 660 1964 ponitur,
693 1909 808 1949 velut
838 1907 986 1948 iisdem
1016 1906 1154 1948 verbis
1186 1911 1227 1947 et
1256 1906 1424 1948 laudare
1454 1908 1563 1960 frugi
1585 1920 1749 1948 servum
1770 1918 1994 1961 possumus

236 1978 297 2022 et,
345 1973 380 2013 si
420 1976 482 2012 est
520 1984 725 2025 nequam,
772 1969 916 2011 iocari.
978 1969 1210 2011 Ridiculum
1250 1974 1312 2010 est
1350 1968 1452 2011 illud
1489 1970 1772 2010 Neronianum
1808 1972 1927 2010 vetus
1956 1967 2000 2008 in

234 2034 377 2077 furace
408 2047 553 2082 servu,
599 2033 773 2074 Solum
806 2046 941 2081 esse,
987 2032 1070 2074 cui
1101 2031 1238 2073 domi
1269 2029 1403 2072 nihil
1433 2032 1503 2072 sit
1532 2045 1628 2072 nec
1658 2031 2000 2084 obsignatum

235 2112 329 2139 nec
360 2096 653 2139 occlusum:
705 2097 817 2150 quod
846 2094 957 2136 idem
987 2095 1030 2135 in
1061 2096 1173 2135 bono
1204 2107 1325 2135 servo
1357 2093 1439 2134 dici
1469 2093 1593 2144 solet;
1639 2092 1712 2135 sed
1741 2095 1820 2134 hoc
1850 2092 2001 2134 iisdem

187 2182 222 2208 ³0
238 2161 364 2203 etiam
393 2161 549 2204 verbis,
607 2160 702 2201 249.
735 2160 797 2199 Ex
827 2159 974 2198 iisdem
1006 2162 1141 2198 autem
1173 2155 1276 2197 locis
1306 2155 1447 2197 omnia
1467 2161 1704 2197 nascuntur.
1764 2158 1867 2197 Nam
1889 2152 2003 2211 quod

238 2227 307 2280 Sp.
329 2224 505 2267 Carvilio
537 2223 720 2278 graviter
751 2221 996 2261 claudicanti
1027 2233 1079 2261 ex
1108 2217 1281 2260 vulnere
1313 2219 1366 2259 ob
1398 2232 1487 2259 rem
1518 2217 1724 2273 publicam
1754 2222 1926 2273 accepto
1951 2216 1999 2258 'et

236 2289 291 2330 ob
323 2301 414 2328 eam
445 2300 608 2328 causam
644 2282 938 2327 verecundanti
975 2284 1016 2323 in
1055 2280 1267 2337 publicum
1309 2279 1482 2334 prodire
1521 2289 1654 2322 mater
1693 2280 1813 2330 dixit,
1867 2279 2003 2330 Quin

235 2349 449 2407 prodis,
497 2350 559 2391 mi
605 2348 791 2402 Spuri?
852 2347 1285 2401 quotiescunque
1333 2341 1545 2396 gradum
1591 2341 1784 2391 facies,
1834 2343 2001 2384 toties

237 2413 337 2454 tibi
374 2417 579 2453 tuarum
618 2411 871 2453 virtutum
911 2407 1095 2450 veniet
1134 2407 1185 2447 in
1216 2410 1462 2456 mentem3
1511 2405 1773 2459 praeclarum
1803 2410 1843 2447 et
1873 2419 2000 2459 grave

190 2495 225 2522 ³5
241 2481 325 2518 est:
373 2477 485 2530 quod
517 2473 685 2516 Calvino
719 2472 887 2514 Glaucia
917 2467 1185 2517 claudicanti,
1234 2468 1328 2508 Ubi
1369 2473 1450 2509 est
1488 2473 1631 2510 vetus
1672 2468 1832 2510 illud:
1881 2482 2001 2509 num

242 2537 533 2581 claudicat?
570 2539 633 2580 At
660 2535 747 2578 hic
777 2533 1034 2584 clodicat3
1067 2534 1148 2574 hoc
1175 2529 1399 2573 ridiculum
1430 2537 1493 2572 est
1523 2536 1564 2572 et
1592 2535 1815 2586 utrumque
1847 2543 1899 2571 ex
1928 2543 1998 2579 eo,

241 2642 2000 2660 -—..—-—-—-—-———-——————-—--——-——————--—--·

334 2725 367 2757 1.
394 2723 468 2764 ipse
492 2730 598 2763 quam
622 2721 717 2753 testis
740 2718 771 2751 A
796 2719 950 2759 aliique:
980 2718 1087 2749 etiam
1111 2724 1215 2758 quam
1240 2715 1335 2747 testis
1360 2715 1432 2756 ipse
1457 2712 1540 2756 (Βῖ)
1567 2714 1641 2746 RE.
1670 2731 1711 2737 —
1749 2715 1783 2745 2.
1810 2714 1999 2746 ridiculum

240 2770 271 2804 Α
295 2772 451 2812 aliique:
478 2769 645 2802 iudicium
671 2767 730 2799 RE
746 2790 755 2806 ,
783 2767 842 2800 sed
870 2766 926 2797 hic
951 2765 1107 2797 seclusit.
1136 2763 1310 2795 Utrumvis
1329 2768 1532 2802 suspectum
1552 2762 1822 2794 Henrichsenio.
1844 2778 1883 2784 —-
1904 2761 1997 2793 Hinc

244 2819 402 2852 desectus
429 2819 463 2850 in
490 2816 577 2849 Cod.
605 2815 648 2847 A.
676 2823 787 2855 usque
821 2813 864 2844 ad
893 2821 923 2844 c.
952 2811 1011 2843 71.
1039 2810 1075 2851 §.
1104 2810 1183 2842 288.
1229 2808 1341 2850 (Idem
1369 2810 1526 2842 desectus
1553 2812 1604 2841 est
1630 2810 1665 2840 in
1693 2808 1760 2841 Gu.
1788 2809 1822 2840 3.
1850 2808 1934 2849 Lag.
1960 2808 1997 2840 4.

243 2866 300 2898 13.
327 2863 401 2907 32.)
432 2881 467 2887 -
513 2863 547 2895 4.
573 2863 648 2894 vult
673 2870 707 2893 se
731 2861 772 2893 B.
812 2876 857 2882 -—
894 2859 929 2890 7.
957 2858 1101 2890 scurrile
1126 2856 1262 2898 quidem
1287 2861 1318 2888 et
1345 2857 1417 2888 BR.
1444 2871 1488 2878 —-
1525 2855 1558 2887 S.
1585 2855 1639 2887 Ea
1665 2864 1753 2897 quae
1777 2855 1817 2887 B.
1858 2871 1897 2878 —
1941 2856 1997 2887 11.

244 2916 420 2945 oratorem
445 2920 513 2943 om.
542 2910 581 2942 B.
609 2925 653 2931 —-
692 2908 747 2940 12.
776 2907 923 2938 dicimus
949 2915 1017 2938 om.
1046 2906 1085 2937 B.
1113 2921 1158 2925 --
1197 2904 1253 2935 13.
1280 2903 1317 2934 id
1340 2903 1394 2934 illi
1417 2903 1460 2934 R.
1490 2918 1530 2925 —
1573 2902 1661 2934 diem
1687 2903 1806 2934 dicunt
1830 2906 1861 2934 ec
1886 2901 1927 2932 B.
1958 2918 1996 2924 -

245 2959 301 2990 16.
328 2957 416 2999 mea]
443 2959 482 2989 in
507 2967 547 2989 ea
571 2957 613 2988 B.
642 2971 682 2978 —-
708 2955 766 2986 21.
794 2954 938 2989 habere,
966 2953 1059 2984 alias
1084 2953 1121 2983 in
1146 2951 1248 2982 verbo
1272 2950 1442 2991 facetias;
1468 2949 1619 2981 maxime
1646 2953 1762 2981 autem
1788 2948 1896 2981 Codd.
1924 2947 1995 2980 al.:

245 3005 361 3038 haberi
377 3030 385 3045 ,
427 3005 519 3036 altas
543 3005 580 3036 in
602 3002 729 3038 verbo:
769 2999 904 3040 facetiis
928 3003 1044 3031 autem
1067 2998 1218 3029 mamime
1243 2997 1317 3030 RE.
1367 2996 1434 3028 Pro
1460 2996 1582 3027 habere
1608 2996 1659 3027 B:
1698 2996 1813 3029 herere
1837 2997 1928 3034 (sic.)
1955 3010 1997 3016 --

245 3051 303 3082 25.
329 3060 439 3084 severe
464 3051 603 3084 seclusit
629 3048 781 3081 Ellendt.
812 3063 850 3070 —
877 3046 934 3078 26.
960 3047 1081 3078 iisdem
1107 3044 1219 3076 Codd.
1247 3043 1356 3081 alim:
1382 3045 1421 3074 in
1444 3043 1565 3074 iisdem
1591 3043 1693 3074 BRE.
1719 3059 1758 3065 —
1782 3043 1954 3082 possimus
1980 3049 1998 3073 e

248 3096 357 3129 Codd.
385 3099 467 3138 aliq.
495 3098 537 3129 T.
572 3097 709 3136 (Ortum
737 3099 788 3127 est
816 3103 833 3126 e
860 3095 1029 3132 scriptura
1055 3092 1108 3123 vel
1131 3089 1197 3131 ut.)
1223 3105 1266 3112 -
1291 3089 1349 3120 29.
1378 3087 1563 3130 occlusum]
1593 3091 1772 3122 obscurum
1788 3089 1829 3120 B.
1852 3105 1889 3111 —
1917 3088 1999 3119 haec

247 3144 289 3176 R.
319 3161 356 3167 —
384 3145 440 3176 30.
468 3146 571 3176 etiam
597 3153 666 3176 om.
692 3143 731 3174 B.
758 3158 801 3166 -
827 3139 954 3180 autem]
982 3148 1076 3171 nunc
1102 3138 1173 3170 BR.
1204 3152 1243 3159 —
1272 3133 1403 3176 omnia]
1430 3136 1566 3168 Immo:
1595 3137 1670 3168 alia
1696 3137 1840 3173 omnia,
1867 3135 1901 3166 id
1931 3138 1996 3172 est,

248 3199 390 3230 prorsus
417 3191 563 3223 diversa.
592 3192 659 3222 On.
689 3205 728 3212 —
770 3187 827 3220 33.
855 3191 917 3226 ut,
944 3187 1214 3227 quotiescunque
1242 3182 1308 3215 Gu.
1337 3185 1394 3222 1.‚
1423 3188 1454 3215 et
1480 3184 1748 3224 quotiescunque
1772 3183 1812 3214 Β.
1851 3198 1895 3203 -
1938 3180 1996 3213 34.

248 3239 359 3270 veniet
376 3237 462 3268 BR:
490 3238 608 3270 veniat
627 3237 694 3269 Gu.
715 3237 747 3268 1.
762 3258 771 3274 ‚
791 3235 833 3266 E.
853 3249 896 3257 —
922 3242 1051 3274 qrave:
1080 3236 1135 3264 ast
1153 3229 1246 3272 quod
1271 3230 1311 3260 B.
1335 3247 1373 3252 -
1402 3229 1458 3261 35.
1479 3230 1658 3262 claudicat
1675 3230 1746 3261 BR.
1776 3227 1995 3260 Grut.1618:

248 3285 426 3317 claudicas
453 3291 530 3315 cum
553 3284 623 3316 Iac.
651 3283 817 3316 Gronovii
845 3283 960 3321 operis
987 3281 1028 3312 E.
1050 3295 1091 3302 —
1118 3277 1174 3309 36.
1202 3275 1363 3317 οῐοᾶὶοατ]
1389 3277 1566 3318 plauticat
1585 3277 1734 3309 malebat
1749 3275 1933 3309 Mulierus.
1957 3292 1992 3300 -—

250 3331 311 3365 hoc
333 3330 517 3365 ridiculum
541 3331 572 3364 R
598 3339 677 3363 cum
702 3330 797 3363 libris
822 3328 1026 3369 plerisque:
1052 3324 1242 3359 ridiculum
1265 3323 1332 3356 BE.
1364 3341 1401 3347 —
1436 3327 1486 3359 esc
1509 3327 1588 3357 ante
1615 3327 1648 3357 et
1671 3332 1739 3356 om.
1765 3322 1807 3355 B.
