2117 3762
797 285 842 326 C.
875 285 942 326 25.
977 287 1044 326 26.
1078 287 1145 327 27.
1763 287 1844 328 357

95 408 171 437 nec
200 394 320 436 nimis
351 400 590 443 extenuata,
636 404 883 450 quamquam
915 397 1101 433 veterum
1132 395 1193 433 est
1222 390 1386 440 similis,
1430 395 1471 433 et
1505 390 1625 446 plena
1663 393 1844 444 pruden-

96 457 190 499 tiae.
251 460 398 500 XXVI.
430 461 496 499 98.
528 460 569 499 P.
590 458 778 499 Crassum
810 453 924 496 valde
956 457 1175 508 probatum
1207 460 1417 496 oratorem
1447 452 1595 495 iisdem
1627 452 1715 495 sere
1742 459 1846 495 tem-

95 519 265 573 poribus
305 522 560 573 accepimus,
607 519 677 574 qui
717 523 757 558 et
797 517 959 572 ingenio
999 517 1127 558 valuit
1167 523 1206 558 et
1236 516 1371 557 studio
1403 522 1442 557 et
1473 514 1616 557 habuit
1645 518 1843 571 quasdam

96 581 218 624 etiam
262 581 507 624 domesticas
551 580 800 635 disciplinas.
862 583 962 620 Nam
1004 586 1044 620 et
1083 593 1174 621 cum
1213 592 1375 620 summo
1414 578 1485 620 illo
1515 583 1702 626 oratore,
1752 579 1854 619 Ser.

97 643 252 694 Galba,
299 646 413 687 cuius
452 644 550 688 Caio
592 642 676 685 filio
707 643 830 684 liliam
863 657 979 684 suam
1009 643 1305 690 collocaverat,
1356 641 1552 683 affinitate
1582 654 1672 682 sese
1704 642 1874 682 devm-⁵

94 712 215 748 xerat
244 712 306 756 et,
352 721 444 749 cum
485 711 592 749 esset
629 709 672 747 P.
711 707 831 748 Mucii
872 706 977 747 filius
1018 705 1271 760 fratremque
1305 706 1478 745 haberet
1507 706 1552 745 P.
1578 704 1842 751 Scaevolam,

95 767 207 810 domi
247 768 310 810 ius
351 769 470 811 civile
510 776 774 823 cognoverat.
838 770 881 808 ln
920 783 969 808 eo
1012 767 1256 808 industriam
1297 772 1456 808 constat
1485 779 1688 808 summam
1718 764 1844 808 fuisse

94 830 394 887 maximamque
429 832 626 886 gratiam,
673 846 765 872 cum
803 837 843 872 et
880 829 1166 871 consuleretur
1200 830 1424 884 plurimum
1465 836 1503 871 et
1538 828 1711 870 diceret.
1772 830 1841 869 99.

94 895 253 935 Horum
292 892 491 935 aetatibus
531 892 708 935 adiuncti
741 893 822 934 duo
854 893 896 933 C.
928 891 1096 939 Fannii,
1138 891 1182 931 C.
1214 897 1255 931 ct
1284 893 1337 932 M.
1368 890 1460 938 filii,
1503 890 1690 933 suerunt:
1741 904 1844 946 quo-

94 970 182 997 rum
215 955 298 997 Caii
327 954 454 1003 filius,
486 957 554 1012 qui
587 956 728 997 consul
761 969 853 996 cum
884 953 1064 995 Domitio
1095 951 1190 1001 suit,
1222 966 1344 994 unam
1376 955 1606 995 orationem
1637 953 1688 995 de
1718 953 1893 995 sociis1o

93 1023 133 1058 et
161 1018 326 1059 nomine
366 1018 513 1059 Latino
557 1024 696 1059 contra
734 1018 961 1059 Gracchum
999 1015 1165 1070 reliquit
1194 1028 1293 1057 sane
1325 1021 1366 1057 et
1394 1015 1543 1057 bonam
1576 1021 1615 1057 et
1644 1015 1842 1057 nobilem.

92 1082 194 1121 Tum
223 1079 404 1121 Atticus:
457 1080 566 1130 Quid
598 1083 723 1133 ergo?
775 1085 888 1120 estne
923 1078 1000 1119 ista
1040 1077 1215 1119 Fannii?
1263 1091 1357 1119 nam
1386 1078 1501 1119 varia
1532 1079 1673 1134 opinio
1704 1079 1844 1134 pueris

91 1140 209 1183 nobis
241 1148 340 1184 erat.
398 1142 474 1184 Alii
505 1157 527 1184 a
559 1144 600 1183 C.
624 1144 788 1190 Persio,
835 1141 1014 1183 litterato
1051 1139 1243 1189 homine,
1293 1142 1488 1194 scriptam
1527 1155 1616 1182 esse
1655 1141 1842 1190 aiebant,

88 1203 180 1252 illo,
224 1218 346 1260 quem
390 1204 591 1259 significat
633 1205 750 1247 valde
792 1206 958 1245 doctum
999 1216 1088 1244 esse
1119 1202 1323 1245 Lucilius:
1374 1202 1442 1244 alii
1474 1204 1625 1246 multos
1657 1204 1842 1253 nobiles,

90 1267 202 1321 quod
232 1266 406 1322 quisque
437 1269 655 1320 potuisset,
702 1269 744 1308 in
776 1266 886 1307 illam
919 1265 1148 1306 orationem
1181 1265 1419 1307 contulisse.
1483 1268 1576 1307 100.
1606 1269 1709 1308 Tum
1740 1276 1892 1321 ego,1⁵

88 1327 238 1370 Audivi
269 1329 460 1384 equidem
492 1332 589 1378 ista,
638 1331 831 1386 inquam,
879 1331 929 1369 de
960 1327 1187 1369 maioribus
1223 1333 1342 1376 natu,
1392 1330 1464 1370 sed
1502 1343 1713 1385 nunquam
1753 1343 1843 1370 sum

89 1392 312 1440 adductus,
346 1398 390 1433 ut
420 1394 654 1442 crederem3
689 1405 862 1446 eamque
893 1389 1169 1445 suspicionem
1199 1395 1372 1445 propter
1400 1393 1505 1432 hanc
1526 1405 1690 1433 causam
1712 1393 1838 1432 credo

89 1452 235 1502 fuisse,
280 1454 392 1509 quod
431 1454 608 1496 Fannius
646 1455 688 1496 in
728 1452 1007 1495 mediocribus
1047 1453 1282 1494 oratoribus
1321 1452 1486 1495 habitus
1525 1459 1657 1502 esset,
1708 1454 1842 1495 oratio

89 1522 227 1558 autem
258 1516 322 1558 vel
353 1517 509 1570 optima
554 1523 663 1559 esset
699 1517 771 1558 illo
810 1516 976 1571 quidem
1016 1520 1205 1568 tempore
1235 1517 1469 1557 orationum
1500 1515 1701 1558 omnium.
1763 1514 1844 1558 Sed

89 1590 166 1619 nec
196 1577 399 1620 eiusmodi
432 1585 516 1629 est,
549 1589 594 1621 ut
623 1593 645 1621 a
674 1578 863 1635 pluribus
893 1577 1063 1620 confusa
1093 1579 1306 1628 videatur;
1349 1592 1455 1620 unus
1485 1578 1594 1620 enim
1626 1591 1752 1620 sonus
1783 1583 1893 1620 est2o

90 1639 215 1681 totius
246 1641 444 1683 orationis
475 1648 516 1684 et
544 1644 653 1683 idem
684 1642 824 1690 stilus,
870 1654 945 1682 nec
976 1643 1026 1682 de
1057 1640 1201 1681 Persio
1231 1639 1462 1682 reticuisset
1493 1642 1720 1688 Gracchus,
1751 1653 1845 1681 cum

91 1704 128 1744 ei
158 1703 336 1744 Fannius
366 1706 416 1746 de
447 1705 635 1746 Menelao
674 1707 912 1746 Maratheno
953 1709 993 1745 et
1030 1702 1080 1744 de
1118 1705 1265 1744 ceteris
1307 1702 1549 1744 obiecisset:
1602 1703 1845 1756 praesertim

89 1779 182 1807 cum
213 1766 391 1808 Fannius
429 1781 637 1823 nunquam
679 1770 731 1808 sit
770 1767 932 1807 habitus
964 1764 1151 1819 elinguis.
1210 1767 1312 1806 Nam
1344 1771 1385 1806 et
1414 1779 1556 1807 causas
1586 1764 1846 1806 defensitavit

90 1834 130 1869 et
158 1827 388 1870 tribunatus
421 1831 509 1871 eius
540 1829 711 1871 arbitrio
743 1835 782 1870 et
812 1829 1055 1870 auctoritate
1086 1830 1129 1871 P.
1150 1826 1333 1869 Africani
1363 1833 1501 1882 gestus
1531 1840 1614 1868 non
1643 1829 1844 1868 obscurus

87 1889 179 1931 fuit.
240 1893 355 1932 Alter
383 1898 521 1933 autem
553 1894 596 1934 C.
621 1893 821 1938 Fannius,
853 1894 907 1932 M.
930 1889 1060 1939 filius,
1097 1891 1140 1932 C.
1164 1890 1294 1931 Laelii
1327 1905 1475 1943 gener,
1518 1895 1559 1931 et
1588 1891 1774 1931 moribus
1805 1894 1894 1931 et2⁵

88 1954 179 2007 ipso
209 1967 362 2007 genere
392 1955 554 1995 dicendi
586 1953 745 1995 durior.
810 1955 900 1994 101.
945 1954 983 1993 Is
1014 1951 1149 1993 soceri
1177 1953 1384 2000 instituto,
1427 1965 1575 2007 quem,
1621 1952 1716 2008 quia
1747 1966 1846 1993 coo-

87 2020 222 2071 ptatus
251 2018 293 2057 in
322 2029 524 2070 augurum
557 2016 777 2069 collegium
808 2030 890 2056 non
921 2021 1033 2063 erat,
1081 2027 1165 2055 non
1202 2014 1426 2056 admodum
1466 2015 1683 2070 diligebat,
1728 2027 1848 2069 prae-

89 2079 231 2120 sertim
272 2092 366 2120 cum
406 2079 475 2120 ille
516 2080 565 2129 Q.
593 2077 832 2120 Scaevolam
863 2077 941 2119 sibi
971 2078 1176 2119 minorem
1206 2083 1304 2119 natu
1334 2090 1532 2131 generum
1562 2077 1844 2132 praetulisset:

90 2142 155 2181 cui
194 2146 331 2182 tamen
369 2141 532 2183 Laelius
573 2155 616 2182 se
655 2154 855 2182 excusans
891 2153 974 2181 non
1013 2153 1167 2193 genero
1205 2141 1356 2181 minori
1398 2140 1502 2182 dixit
1542 2153 1585 2182 se
1623 2139 1726 2181 illud
1775 2138 1847 2181 sed

90 2203 239 2244 maiori
279 2202 386 2244 filiae
426 2203 648 2245 detulisse:
700 2205 735 2244 is
776 2208 913 2243 tamen
956 2202 1142 2243 instituto
1180 2202 1309 2243 Laelii
1348 2203 1589 2244 Panaetium
1619 2201 1895 2243 audiverat.³0

89 2264 189 2306 Eius
233 2266 366 2306 omnis
407 2266 449 2306 in
488 2264 662 2307 dicendo
704 2264 875 2306 facultas
913 2263 1082 2306 historia
1121 2264 1252 2317 ipsius
1290 2278 1374 2306 non
1412 2265 1667 2319 ineleganter
1696 2266 1847 2319 scripta

90 2327 267 2383 perspici
305 2332 463 2383 potest,
515 2341 621 2381 quae
660 2342 796 2382 neque
831 2328 953 2368 nimis
995 2332 1056 2368 est
1095 2326 1230 2368 infans
1269 2340 1405 2383 neque
1446 2326 1629 2383 perfecte
1675 2328 1842 2368 diserta.

94 2392 184 2433 102.
214 2391 372 2432 Mucius
402 2395 542 2431 autem
573 2403 729 2443 augur,
776 2391 889 2443 quod
919 2402 995 2444 pro
1028 2402 1071 2430 se
1102 2403 1206 2445 opus
1239 2394 1350 2438 erat,
1383 2391 1471 2445 ipse
1502 2391 1689 2439 dicebat,
1722 2395 1766 2431 ut
1795 2390 1846 2429 de

91 2452 280 2508 pecuniis
322 2454 559 2508 repetundis
598 2458 742 2493 contra
781 2454 828 2492 T.
860 2453 1096 2493 Albucium.
1158 2454 1197 2493 Is
1239 2457 1453 2495 oratorum
1487 2454 1529 2494 in
1558 2465 1731 2494 numero
1762 2464 1846 2491 non

90 2514 190 2565 fuit3
238 2514 340 2556 iuris
379 2514 510 2556 civilis
545 2514 819 2568 intelligentia
854 2519 979 2568 atque
1020 2513 1133 2555 omni
1168 2514 1413 2567 prudentiae
1445 2528 1596 2569 genere
1626 2515 1840 2569 praestitit.
1857 2528 1894 2556 ³5

91 2580 138 2620 L.
163 2577 326 2619 Caelius
357 2577 592 2632 Antipater,
635 2576 833 2631 scriptor,
877 2574 1226 2631 quemadmodum
1257 2578 1427 2625 videtis,
1470 2578 1548 2619 fuit
1576 2583 1621 2618 ut
1650 2577 1846 2629 tempori-

91 2643 168 2682 bus
206 2640 286 2681 illis
323 2639 578 2686 luculentus,
624 2640 725 2680 iuris
761 2640 881 2680 valde
919 2639 1101 2693 peritus,
1148 2640 1375 2681 multorum
1406 2641 1529 2681 etiam
1560 2645 1606 2680 ut
1634 2641 1678 2681 L.
1711 2638 1844 2680 Crassi

93 2701 303 2757 magister.

203 2766 373 2806 XXVII.
408 2766 502 2805 103.
538 2764 694 2805 Utinam
726 2763 766 2804 in
797 2764 859 2804 Ti.
886 2765 1074 2806 Graccho.
1102 2765 1284 2818 Gaioque
1316 2763 1507 2806 Carbone
1538 2764 1628 2805 talis
1658 2776 1772 2804 mens
1793 2763 1844 2803 ad

94 2840 181 2868 rem
212 2826 416 2881 publicam
447 2825 553 2867 bene
584 2827 806 2880 gerendam
837 2825 1000 2873 suisset,
1033 2827 1153 2881 quale
1183 2827 1396 2881 ingenium
1428 2826 1478 2868 ad
1499 2829 1604 2867 bene
1626 2824 1842 2866 dicendum
1856 2840 1894 2866 40

95 2887 193 2929 fuitl
226 2887 413 2942 profecto
445 2902 566 2929 nemo
599 2888 660 2929 his
690 2888 789 2928 viris
820 2887 950 2942 gloria
980 2890 1266 2942 praestitisset.
1329 2888 1408 2930 Sed
1441 2901 1583 2930 eorum
1615 2887 1719 2928 alter
1746 2900 1844 2942 pro-

94 2956 188 3006 pter
217 2949 616 2992 turbulentissimum
646 2951 922 2998 tribunatum,
955 2949 1005 2990 ad
1035 2964 1162 3004 quem
1192 2964 1243 2992 ex
1271 2949 1424 2992 invidia
1455 2949 1634 2990 foederis
1665 2952 1843 2990 Numan-

95 3013 169 3055 tini
211 3013 331 3053 bonis
372 3014 500 3054 iratus
545 3018 794 3060 accesserat,
840 3010 892 3052 ab
922 3011 1008 3065 ipsa
1042 3025 1086 3052 re
1126 3011 1289 3067 publica
1330 3017 1391 3053 est
1429 3011 1696 3061 intersectus;
1742 3013 1846 3053 alter

96 3081 270 3132 propter
307 3080 551 3129 perpetuam
590 3077 632 3116 in
674 3074 864 3131 populari
894 3073 1054 3115 ratione
1084 3073 1293 3116 levitatem
1323 3080 1455 3115 morte
1485 3074 1717 3116 voluntaria
1745 3087 1791 3115 se
1822 3087 1845 3115 a

189 3220 245 3251 21.
273 3217 385 3260 stilus]
412 3219 507 3260 filum
533 3219 669 3252 volebat
694 3219 886 3252 Ernestius.
914 3236 954 3241 --
983 3218 1038 3248 22.
1067 3219 1097 3250 ei
1121 3218 1278 3250 Fannius
1307 3216 1498 3249 Gruterus:
1526 3220 1556 3249 et
1583 3218 1739 3249 Fannius
1765 3227 1843 3250 cum

99 3267 194 3299 libris
220 3267 300 3304 RE,
327 3269 358 3297 et
383 3271 522 3297 auctore
541 3266 763 3305 Bernhardy-0
782 3267 946 3305 expunxit
965 3265 1003 3295 T.
1025 3280 1065 3287 —
1091 3265 1148 3297 26.
1178 3265 1238 3296 Vv.
1258 3264 1292 3295 Is
1317 3265 1429 3295 socen·
1451 3280 1465 3285 -
1488 3280 1503 3286 -
1523 3264 1745 3304 praetulisset
1769 3268 1842 3296 sine

99 3315 265 3346 varietate
296 3314 395 3345 affert
413 3312 581 3351 Quinctil.
601 3313 621 3343 7
637 3335 645 3348 ,
665 3311 707 3347 9,
729 3312 785 3343 12.
817 3328 853 3334 -
882 3312 938 3343 31.
968 3312 1115 3342 historia
1131 3311 1192 3352 Lg.
1214 3318 1357 3350 omnes,
1386 3309 1454 3342 Gu.
1476 3310 1509 3342 1.
1537 3311 1626 3345 Ven.
1645 3312 1678 3343 1.
1708 3311 1840 3343 Ottob.:

99 3361 137 3392 in
160 3360 311 3392 historia
335 3360 366 3391 R
381 3382 389 3398 ,
421 3368 463 3392 ex
486 3359 635 3390 historia
659 3366 737 3390 cum
764 3360 887 3391 ceteris
915 3358 1001 3390 Edd.
1022 3357 1062 3389 E.
