2117 3762
740 289 840 329 LlB.
874 289 944 328 111.
1003 290 1046 332 C.
1081 289 1148 330 3'4.
1182 291 1248 333 35.
1790 294 1869 333 319

117 396 317 437 virtutum
349 395 528 451 ipsarum
559 394 800 435 societatem
822 395 1196 450 cognationemque
1218 407 1300 436 non
1323 398 1490 435 norunt.
1550 395 1742 437 XXXIV.
1779 398 1869 439 137.

118 458 223 505 Sed,
269 465 314 500 ut
344 460 395 499 ad
428 461 607 500 Graecos
638 455 814 497 reseram
847 459 1080 498 orationem
1121 480 1175 487 -
1225 458 1376 510 quihus
1406 470 1546 498 carere
1586 459 1666 498 hoc
1704 457 1872 512 quidem

117 524 322 562 sermonis
353 533 507 574 genere
538 533 621 560 non
651 531 898 572 possunius;
931 534 1023 560 nani
1056 526 1100 560 ut
1131 519 1291 561 virtutis
1323 533 1345 561 a
1376 521 1548 568 nostris,
1579 521 1639 561 sic
1660 520 1871 562 doctrinae

117 590 212 624 sunt
243 585 293 624 ab
325 583 404 625 illis
435 581 622 636 exempla
654 583 972 635 repetenda—3
1007 589 1165 637 septem
1196 581 1323 623 suisse
1345 582 1539 624 dicuntur
1559 597 1642 624 uno
1667 589 1869 639 tempore,

117 645 188 700 qui
219 647 424 700 sapientes
456 650 496 685 et
525 643 778 684 haberentur
809 650 848 683 et
879 652 1138 686 vocarentur.
1210 645 1262 686 ni
1293 659 1437 686 omnes
1469 651 1638 700 praeter
1668 646 1902 689 Milesium⁵

118 707 274 749 Thalen
296 705 528 748 civitatibus
550 707 633 746 suis
654 707 937 760 praefuerunt.
1001 707 1102 756 Quis
1133 708 1296 749 doctior
1327 708 1481 749 eisdem
1514 708 1592 749 illis
1617 709 1873 764 temporibus

117 775 188 810 aut
227 771 343 811 cuius
380 770 618 824 eloquentia
659 768 805 809 litteris
848 770 1085 811 instructior
1123 772 1249 811 fuisse
1281 770 1456 811 traditur
1486 785 1609 826 quam
1641 771 1873 813 Pisistrati?

117 831 187 887 qui
217 833 372 887 primus
403 832 576 872 Homeri
610 829 737 872 libros
769 832 963 873 confusos
994 839 1113 873 antea
1144 833 1201 874 sic
1224 833 1475 886 disposuisse
1498 834 1669 882 dicitur,
1702 841 1746 876 ut
1767 850 1873 877 nunc

117 895 333 935 habemus.
397 896 487 934 Non
534 893 610 934 l'uit
650 894 715 934 ille
756 893 921 948 quidem
962 893 1119 936 civibus
1158 895 1241 937 suis
1272 896 1414 943 utilis,
1448 896 1517 937 sed
1549 897 1605 937 ita
1636 897 1872 952 eloquentia

117 956 284 1005 floruit,
317 961 361 997 ut
390 955 538 997 litteris
570 958 838 1012 doctrinaque
869 964 1114 1012 praestaret.
1176 958 1268 998 138.
1304 957 1413 1006 Quid
1437 959 1642 1000 Pericles?
1675 959 1724 1001 de
1755 961 1924 1006 cuius10

117 1017 279 1060 dicendi
308 1019 348 1059 vi
380 1019 438 1059 sic
469 1020 727 1073 accepimus,
768 1026 836 1067 ut,
879 1034 970 1060 cum
1002 1027 1145 1061 contra
1175 1022 1428 1061 voluntatem
1459 1021 1769 1063 Atheniensium
1811 1021 1873 1063 lo-

115 1086 313 1136 queretur
342 1094 417 1136 pro
450 1081 580 1122 salute
611 1082 766 1136 patriae
798 1083 1007 1129 severius,
1050 1088 1185 1123 tamen
1217 1081 1257 1122 id
1290 1083 1450 1136 ipsum,
1492 1084 1602 1138 quod
1633 1083 1700 1124 ille
1731 1092 1873 1127 contra

114 1143 338 1199 populares
367 1143 556 1185 homines
587 1144 768 1193 diceret,
816 1145 1017 1199 populare
1057 1144 1250 1185 omnihus
1291 1151 1331 1185 et
1373 1146 1597 1186 iucundum
1627 1145 1870 1198 videretur3

114 1207 231 1248 cuius
261 1209 302 1248 in
332 1205 459 1248 labris
490 1213 652 1248 veteres
684 1208 865 1255 Comici,
897 1206 1022 1247 etiam
1052 1220 1144 1247 cum
1175 1207 1234 1248 illi
1265 1206 1371 1248 male
1403 1209 1610 1255 dicerent,
1644 1211 1752 1264 quod
1787 1216 1870 1251 tum

114 1268 284 1310 Athenis
324 1267 414 1310 fieri
453 1268 622 1317 licebat,
665 1269 851 1324 leporem
888 1268 1094 1310 habitasse
1135 1268 1328 1311 dixerunt
1366 1275 1599 1326 tantamque
1631 1272 1674 1311 in
1706 1285 1756 1312 eo
1788 1273 1922 1317 vimis

112 1330 263 1380 fuisse,
312 1338 357 1373 ut
393 1332 436 1373 in
474 1345 619 1373 eorum
658 1329 888 1379 mentibus,
935 1332 1005 1385 qui
1045 1330 1278 1380 audissent,
1328 1332 1443 1387 quasi
1475 1332 1642 1374 aculeos
1673 1333 1872 1388 quosdam

115 1393 385 1449 relinqueret.
447 1398 498 1436 At
527 1396 638 1435 hunc
666 1409 750 1435 non
785 1395 1040 1435 declamator
1069 1395 1217 1449 aliquis
1247 1393 1298 1436 ad
1328 1394 1583 1450 clepsydram
1613 1396 1762 1437 latrare
1803 1399 1875 1438 do-

113 1463 277 1505 cuerat,
309 1460 402 1504 sed,
435 1463 498 1506 ut,
541 1457 801 1510 accepimus,
846 1456 1133 1498 Clazomenius
1163 1457 1234 1499 ille
1264 1459 1555 1511 Anaxagoras,
1599 1458 1661 1498 vir
1690 1471 1874 1501 summus

113 1522 156 1562 in
186 1522 459 1562 maximarum
490 1533 630 1561 rerum
661 1519 847 1560 scientia.
908 1522 1053 1574 Itaque
1085 1520 1150 1561 hic
1171 1519 1379 1568 doctrina,
1412 1521 1605 1569 consilio,
1639 1521 1875 1577 eloquentia

113 1584 321 1626 excellens
352 1583 623 1638 quadraginta
653 1595 782 1623 annos
813 1580 991 1636 praefuit
1019 1582 1191 1623 Athenis
1221 1588 1262 1624 et
1291 1582 1461 1624 urbanis
1499 1585 1644 1625 eodem
1685 1590 1873 1638 tempore
1888 1605 1923 1629 20

115 1652 157 1688 et
186 1645 346 1688 bellicis
375 1647 518 1686 rebus.
582 1647 676 1686 139.
712 1644 821 1694 Quid
854 1645 1035 1686 Critias?
1081 1646 1179 1699 quid
1210 1644 1479 1686 Alcibiades?
1522 1645 1758 1688 civitatibus
1790 1647 1874 1688 suis

114 1710 282 1763 quidem
321 1721 403 1750 non
444 1707 565 1755 boni,
613 1706 686 1749 sed
724 1713 835 1748 certe
876 1707 988 1748 docti
1018 1712 1140 1763 atque
1172 1708 1436 1762 eloquentes,
1486 1721 1622 1749 nonne
1654 1710 1874 1751 Socraticis

114 1777 232 1812 erant
263 1769 610 1825 disputationibus
642 1769 821 1811 eruditi?
875 1769 978 1819 Quis
1008 1769 1185 1811 Dionem
1218 1771 1482 1824 Syracosium
1513 1770 1711 1812 doctrinis
1743 1774 1875 1813 omni-

113 1836 190 1875 bus
215 1832 442 1888 expolivit?
473 1846 556 1874 non
578 1832 722 1873 Plato?
754 1838 877 1887 atquc
908 1846 1002 1872 eum
1033 1831 1143 1873 idem
1174 1831 1244 1873 ille
1274 1846 1356 1874 non
1388 1834 1553 1886 linguae
1574 1833 1706 1875 solum
1728 1848 1871 1875 verum

113 1898 240 1938 etiam
261 1897 388 1938 animi
418 1910 464 1937 ac
486 1897 650 1938 virtutis
680 1897 878 1949 magister
899 1896 949 1935 ad
971 1894 1227 1936 liberandam
1249 1897 1425 1948 patriam
1446 1894 1630 1950 impulit,
1662 1896 1870 1945 instruxit,
1887 1915 1922 1940 2⁵

113 1961 302 2002 armavit.
359 1958 515 2001 Aliisne
545 1958 673 2012 igitur
702 1957 858 1998 artibus
888 1955 997 1998 hunc
1018 1959 1192 1997 Dionem
1222 1956 1398 1998 instituit
1429 1956 1564 2003 Plato,
1597 1957 1686 1998 aliis
1716 1960 1875 2000 Isocra-

112 2028 174 2063 tes
206 2021 481 2064 clarissimum
510 2021 646 2061 virum
678 2019 959 2067 Timotheum,
992 2019 1191 2068 Cononis,
1224 2019 1564 2072 praestantissimi
1594 2020 1870 2074 imperatoris,

111 2083 262 2134 filium,
296 2097 503 2126 summum
532 2082 668 2138 ipsum
697 2082 994 2137 imperatorem
1024 2081 1318 2136 hominemque
1345 2083 1656 2123 doctissimum?
1689 2087 1758 2124 aut
1784 2082 1873 2124 aliis

112 2147 398 2202 Pythagoreus
427 2145 497 2187 ille
528 2144 645 2200 Lysis
675 2146 921 2185 Thebanum
951 2143 1303 2199 Epaminondam,
1336 2145 1446 2186 haud
1479 2146 1564 2186 scio
1596 2159 1648 2186 an
1669 2159 1875 2187 summum

112 2210 250 2251 virum
279 2222 406 2250 unum
437 2209 572 2249 omnis
604 2208 831 2250 Graeciae?
879 2211 948 2248 aut
975 2208 1217 2262 Xenophon
1246 2207 1516 2261 Agesilaum?
1566 2213 1637 2249 aut
1665 2207 1874 2249 Philolaus
1889 2226 1923 2252 30

114 2273 336 2327 Archytam
366 2270 661 2312 Tarentinum?
711 2275 781 2312 aut
809 2271 897 2325 ipse
919 2271 1182 2327 >Pythagoras
1212 2274 1342 2311 totam
1373 2270 1486 2312 illam
1516 2275 1703 2312 veterem
1734 2272 1875 2312 Italiae

117 2333 355 2381 Graeciam,
403 2347 509 2389 quae
547 2334 755 2388 quondam
794 2346 943 2387 magna
984 2335 1163 2375 vocitata
1200 2335 1288 2374 est?
1338 2334 1510 2375 XXXV.
1547 2333 1640 2374 140.
1671 2332 1875 2388 Equidem

115 2411 200 2439 non
240 2398 434 2439 arbitror.
496 2397 563 2438 Sic
600 2397 709 2438 enim
747 2397 870 2436 video
914 2408 1039 2437 unam
1086 2398 1294 2450 quandam
1336 2396 1521 2437 omnium
1557 2409 1718 2445 rerum,
1768 2410 1873 2452 quac

116 2465 255 2502 essent
284 2458 454 2502 homine
485 2457 649 2500 erudito
679 2458 829 2512 dignae
858 2462 982 2512 atque
1013 2472 1089 2507 eu,
1134 2457 1203 2513 qui
1233 2458 1277 2500 in
1306 2472 1353 2500 re
1383 2458 1551 2513 publica
1582 2458 1706 2501 vellet
1736 2460 1874 2500 excel-

115 2523 225 2571 lere,
269 2520 398 2564 fuisse
437 2520 688 2570 doctrinam3
739 2533 863 2576 quam
905 2521 975 2575 qui
1015 2522 1296 2576 accepissent,
1344 2523 1379 2563 si
1426 2523 1562 2565 eidem
1617 2522 1782 2575 ingenio
1821 2523 1922 2568 adas

115 2585 466 2638 pronuntiandum
510 2583 738 2626 valuissent
774 2588 816 2624 et
853 2595 898 2624 se
935 2584 986 2623 ad
1028 2582 1247 2625 dicendum
1293 2598 1461 2640 quoque
1499 2599 1583 2626 non
1620 2589 1873 2639 repugnante

116 2651 262 2688 natura
291 2645 520 2695 dedissent,
565 2646 800 2702 eloquentia
828 2644 1097 2701 praestitisse.
1158 2647 1252 2688 141.
1301 2648 1444 2703 Itaque
1482 2648 1571 2700 ipse
1605 2647 1872 2693 Aristoteles,

119 2722 212 2750 cum
241 2710 393 2751 florere
422 2710 648 2752 Isocratem
678 2707 892 2750 nobilitate
922 2707 1221 2762 discipulorum
1263 2708 1450 2759 videret,
1503 2708 1614 2764 quod
1652 2709 1739 2764 ipse
1779 2721 1873 2749 suas

212 2867 245 2899 1.
273 2867 584 2909 cogitationemque
608 2867 649 2898 Β.
681 2884 718 2890 -
754 2866 788 2897 2.
815 2866 877 2899 hoc
900 2866 960 2898 AB
986 2867 1141 2907 aliique:
1168 2867 1207 2899 in
1230 2867 1293 2899 hoc
1317 2866 1392 2898 RE.
1423 2883 1460 2889 —
1502 2864 1535 2896 3.
1562 2865 1706 2896 virtutes
1730 2863 1801 2896 AB.
1828 2880 1875 2889 -

119 2910 182 2953 sic]
208 2914 238 2944 si
262 2913 302 2945 Β.
332 2930 371 2936 —-
397 2913 433 2946 4.
460 2914 615 2954 exempla
641 2923 709 2947 om.
738 2913 810 2945 AB.
841 2930 877 2936 —
904 2914 1055 2953 petenda
1080 2913 1152 2944 AB.
1182 2931 1219 2937 —
1249 2913 1282 2945 6.
1314 2913 1451 2945 Thalem
1477 2921 1494 2944 e
1522 2910 1630 2942 Codd.
1661 2911 1744 2952 aliq.
1772 2912 1874 2944 T.—

121 2959 247 2991 eisdem
271 2959 383 2993 Codd.
410 2960 476 2992 ab:
503 2962 622 2994 iisdem
651 2961 724 3002 (AB
738 2959 767 3002 t)
793 2960 865 2991 RE.
895 2976 930 2982 —
963 2960 1172 3000 temporibus
1198 2960 1269 2991 illis
1293 2960 1335 2991 A.
1365 2976 1406 2982 -
1431 2959 1464 2990 7.
1493 2958 1646 2989 traditur
1669 2966 1737 2989 om.
1765 2957 1807 2990 A.
1831 2974 1869 2980 —

120 3006 156 3038 9.
182 3008 236 3038 ita
259 3016 328 3039 om.
348 3006 420 3038 AB.
441 3024 482 3030 —
508 3010 564 3040 11.
594 3007 734 3040 dicendi
757 3008 793 3038 υἱ
817 3007 900 3047 Lag.
927 3006 961 3037 2.
989 3007 1045 3038 13.
1072 3006 1155 3038 36.:
1183 3007 1321 3039 dicendi
1346 3007 1522 3038 dumtaxat
1546 3004 1605 3035 AB
1622 3027 1630 3041 ,
1658 3004 1791 3036 dicendi
1813 3014 1873 3037 ra-

120 3054 214 3085 tione
240 3053 325 3086 Cod.
354 3053 438 3094 Reg.
465 3053 568 3086 7703.
587 3077 596 3093 ,
634 3054 771 3087 dicendi
796 3055 897 3093 copia
920 3053 994 3084 RE.
1023 3052 1254 3088 (Vocabulum
1280 3053 1374 3093 quod
1402 3051 1528 3083 excidit
1553 3052 1645 3082 varie
1671 3052 1872 3091 suppletum

122 3101 203 3139 est.)
229 3117 272 3123 --
311 3108 387 3131 cum
413 3108 481 3132 om.
508 3100 580 3131 AB.
609 3118 647 3125 —
687 3100 743 3132 13.
773 3100 908 3131 doceret
932 3099 1004 3130 AB.
1034 3115 1073 3122 —
1118 3099 1174 3131 14.
1201 3100 1297 3131 libris
1323 3100 1364 3130 A.
1392 3114 1435 3119 —
1477 3097 1532 3128 15.
1559 3097 1597 3127 in
1623 3097 1738 3129 eodem
1762 3098 1802 3130 B.
1829 3113 1874 3121 -

122 3147 179 3179 17.
205 3146 422 3178 declamator
443 3146 502 3177 AB
527 3147 681 3188 aliique:
707 3148 878 3179 clamator
903 3146 976 3177 RE.
1004 3162 1046 3168 -
1071 3145 1129 3177 20.
1154 3147 1258 3177 annis
1285 3147 1310 3177 B
1336 3146 1480 3183 aliique.
1509 3146 1590 3178 (non
1616 3142 1707 3181 AR.)
1733 3161 1774 3167 —
1812 3145 1870 3176 21.

121 3194 259 3234 quidem
273 3194 343 3224 suis
360 3193 418 3224 AB
444 3193 597 3232 aliique:
624 3194 694 3224 suis
712 3193 849 3233 quidem
867 3193 939 3224 RE.
969 3209 1006 3215 —
1034 3191 1092 3223 23.
1120 3190 1343 3232 Syracosium
1361 3191 1470 3223 Codd.
1499 3190 1565 3222 aL:
1595 3187 1771 3232 (Idemque
1791 3191 1873 3224 latet

122 3242 156 3272 in
183 3239 396 3282 Syracorum
420 3239 495 3275 B.):
522 3238 747 3280 Syracusium
770 3240 844 3271 RE.
873 3255 914 3262 —
940 3238 997 3270 29.
1024 3237 1147 3278 Lysias
1172 3238 1292 3276 AB‚R.
1321 3254 1360 3260 —
1391 3246 1438 3268 an
1463 3240 1542 3268 tunc
1565 3245 1733 3269 summum
1758 3239 1801 3269 R.
1829 3253 1871 3260 -

122 3286 179 3319 30.
205 3287 368 3326 Xenopho
394 3285 434 3316 B.
463 3303 498 3309 —
528 3285 705 3317 Philolaus
730 3285 916 3326 Archytam
940 3285 1172 3318 Tarentinum
1195 3285 1222 3316 B
1247 3284 1374 3324 altique
1390 3307 1398 3320 ,
1427 3283 1479 3315 R:
1524 3283 1721 3316 philolaum
1745 3284 1872 3324 Archy-

122 3337 178 3365 tas
206 3333 416 3365 Tarentinus
442 3329 486 3370 (Α
500 3331 529 3372 t)
557 3332 596 3364 E.
624 3348 666 3354 —
703 3331 758 3364 31.
788 3330 910 3372 totam]
937 3335 1074 3363 tantam
1100 3330 1138 3361 Β.
1169 3347 1207 3353 -
1250 3331 1306 3362 32.
1336 3329 1502 3361 Graeciae
1527 3330 1569 3362 A.
1599 3346 1639 3353 —·
1684 3330 1740 3364 35.
1767 3331 1872 3363 eidem

122 3380 175 3412 B:
201 3381 306 3413 iidem
331 3380 374 3419 (A
386 3379 416 3420 l)
441 3379 514 3413 RE.
544 3395 582 3402 -
609 3377 667 3411 38.
693 3378 756 3413 Vv.
781 3379 874 3420 quod
896 3380 968 3419 ipse
992 3394 1006 3401 -
1029 3394 1044 3401 -
1068 3377 1302 3410 transtulisset
1325 3376 1464 3410 seclusit
1490 3376 1639 3411 Ellendt.
