2117 3762
246 265 327 308 206
953 264 1023 304 ΒΕ
1055 264 1300 306 ORATORE

246 374 385 429 sisque
416 369 567 413 civium
598 366 897 425 aequabilitatis
928 370 1202 414 conservatio.
1265 371 1357 411 189.
1392 372 1495 412 Tum
1527 373 1621 411 sunt
1649 368 1829 412 notanda
1851 383 2008 426 genera

247 440 288 476 et
317 437 368 476 ad
400 439 557 475 certum
589 443 807 473 numerum
836 431 1171 485 paucitatemque
1202 435 1449 475 revocanda.
1514 434 1651 475 Genus
1683 438 1824 474 autem
1854 439 1915 475 est
1943 434 2003 482 id,

246 497 359 552 quod
390 496 453 538 sui
484 495 637 537 similes
670 493 963 534 communione
996 495 1197 547 quadam,
1245 498 1382 551 specie
1413 501 1551 538 autem
1592 495 1857 544 differentes,
1907 495 2008 537 duas

246 565 317 600 aut
346 560 486 612 plures
518 555 805 611 complectitur
834 560 988 610 partes.
1049 558 1189 596 Partes
1220 564 1358 600 autem
1391 565 1508 608 sunt,
1550 573 1655 613 quae
1687 557 1909 613 generibus
1939 559 2004 605 iis,

215 635 297 662 sexi
328 622 476 677 quibus
507 623 697 666 manant,
731 616 1028 667 subiiciuntur;
1063 619 1310 674 omniaque,
1344 635 1449 676 quae
1481 627 1577 662 sunt
1607 622 1673 662 vel
1706 633 1910 674 generum
1941 620 2007 660 vel

246 685 422 738 partium
453 681 647 729 nomina,
681 679 991 722 definitionihus
1013 713 1023 729 ,
1068 694 1192 737 quam
1222 682 1305 722 vim
1335 685 1538 733 habeant,
1573 690 1635 726 est
1667 683 2004 739 exprimendum.

244 747 316 786 Est
357 743 463 785 enim
506 741 692 784 definitio
734 757 877 784 earum
917 758 1085 792 rerum,
1138 757 1244 798 quae
1284 750 1377 785 sunt
1407 748 1495 788 eius
1525 749 1586 788 rei
1617 748 1835 802 propriae,
1885 757 2008 800 quam

245 806 416 848 definire
437 806 628 846 volumus
645 837 656 854 ,
689 807 827 846 brevis
850 810 889 846 et
911 807 1225 858 circumscripta
1247 809 1449 860 quaedam
1471 811 1709 864 explicatio.
1761 811 1853 849 190.
1884 808 2009 848 Hisce

244 882 321 923 ego
349 869 475 909 rebus
507 869 698 921 exempla
729 869 1026 922 adiungerem,
1060 868 1162 917 nisi,
1198 871 1307 924 apud
1339 884 1444 925 quos
1474 873 1577 913 haec
1608 875 1834 913 haberetur
1856 870 2006 917 oratio,

194 948 228 972 ιο
243 944 473 973 cernerem.
535 933 653 972 Nunc
683 931 958 985 complectar,
993 933 1104 987 quod
1134 933 1362 987 proposui,
1395 934 1529 975 brevi.
1593 936 1634 976 Si
1666 936 1776 976 enim
1808 938 1876 975 aut
1906 930 2009 973 mihi

241 996 378 1036 facere
409 993 600 1043 licuerit,
635 996 746 1050 quod
778 994 934 1036 iamdiu
966 994 1102 1049 cogito
1124 1026 1133 1043 ,
1178 1000 1248 1035 aut
1277 994 1383 1036 alius
1416 995 1619 1051 quispiam
1660 1002 1731 1038 aut
1767 1011 1833 1038 me
1878 995 2012 1048 impe-

241 1057 326 1099 dito
372 1057 584 1110 occuparit
637 1061 709 1097 aut
750 1062 918 1099 mortuo
960 1056 1172 1105 effecerit,
1219 1062 1264 1097 ut
1303 1057 1485 1112 primum
1525 1071 1647 1100 omne
1688 1060 1752 1101 ius
1797 1060 1917 1101 civile
1967 1057 2010 1097 in

241 1133 394 1175 genera
424 1120 607 1174 digerat,
642 1133 749 1175 quae
780 1133 987 1175 perpauca
1020 1124 1137 1169 sunt;
1171 1118 1321 1160 deinde
1353 1133 1499 1161 eorum
1521 1134 1722 1174 generum
1745 1123 1861 1178 quasi
1884 1132 2012 1175 quae·-

240 1183 334 1225 dam
364 1185 553 1225 membra
584 1182 819 1236 dispertiat;
853 1188 939 1223 tum
969 1183 1181 1237 propriam
1214 1183 1414 1237 cuiusque
1437 1184 1520 1224 vim
1543 1182 1785 1226 definitione
1808 1183 2003 1230 declaret,

191 1258 225 1283 1⁵
240 1245 468 1301 perfectam
499 1250 629 1286 artem
670 1244 770 1286 iuris
815 1246 947 1286 civilis
987 1246 1218 1293 habebitis,
1266 1247 1398 1300 magis
1442 1260 1634 1300 magnam
1677 1251 1800 1302 atque
1832 1248 2007 1288 uberem

240 1323 364 1365 quam
394 1307 605 1350 difficilem
647 1314 688 1349 et
719 1310 956 1349 obscuram.
1031 1309 1121 1349 191.
1168 1309 1302 1362 Atque
1342 1309 1500 1350 interea
1542 1314 1704 1356 tamen,
1753 1311 1851 1350 dum
1890 1308 2008 1355 haec,

241 1387 347 1429 quae
370 1371 555 1427 dispersa
587 1376 707 1420 sunt,
741 1376 972 1424 coguntur,
1003 1372 1071 1411 vel
1102 1372 1253 1424 passim
1285 1373 1380 1412 licet
1411 1377 1654 1428 carpentem
1685 1376 1726 1412 et
1746 1372 2009 1425 colligentem

239 1438 423 1492 undique
453 1434 607 1489 repleri
639 1434 744 1475 iusta
775 1435 875 1474 iuris
897 1432 1028 1474 civilis
1050 1434 1238 1475 scientia.
1300 1436 1451 1475 XLIII.
1486 1437 1633 1476 Nonne
1655 1433 1803 1476 videtis
1828 1435 2010 1489 equitem

240 1502 488 1547 Romanum,
510 1497 720 1539 hominem
742 1496 980 1537 acutissimo
1001 1496 1187 1538 omnium
1208 1497 1376 1552 ingenio
1398 1497 1470 1538 sed
1491 1496 1661 1538 minime
1684 1497 1830 1538 ceteris
1851 1495 2010 1537 artibus

191 1573 226 1598 ’.ὀ
242 1560 476 1609 eruditum,
512 1560 557 1601 C.
590 1559 845 1601 Aculeonem
866 1590 876 1608 ‚
911 1559 980 1614 qui
1012 1572 1176 1600 mecum
1207 1559 1308 1601 vivit
1339 1574 1587 1615 semperque
1618 1560 1746 1608 vixit,
1780 1561 1836 1600 ita
1866 1565 2011 1600 tenere

240 1625 304 1664 ius
335 1622 483 1671 civile,
515 1627 561 1664 ut
590 1624 649 1669 ei,
682 1636 775 1662 cum
806 1623 857 1661 ab
888 1622 970 1662 hoc
994 1621 1293 1671 discesseritis,
1326 1636 1450 1664 nemo
1483 1624 1534 1664 de
1565 1624 1636 1671 iis,
1669 1623 1739 1677 qui
1769 1619 2012 1675 peritissimi

240 1691 360 1734 sunt,
394 1687 700 1738 anteponatur?
736 1685 829 1724 192.
865 1683 1014 1724 Omnia
1045 1689 1140 1725 sunt
1170 1685 1280 1726 enim
1311 1687 1447 1741 posita
1478 1690 1573 1727 ante
1605 1686 1776 1734 oculos,
1809 1684 2012 1726 collocata

240 1750 282 1789 in
313 1763 391 1789 usu
422 1746 688 1803 quotidiano,
735 1746 778 1787 in
809 1747 1106 1800 congressione
1136 1749 1350 1789 hominum
1382 1754 1506 1803 atque
1538 1749 1580 1789 in
1620 1748 1734 1798 foro;
1779 1760 1915 1803 neque
1955 1747 2011 1787 ita

241 1811 381 1852 multis
424 1810 572 1852 litteris
617 1815 687 1851 aut
731 1809 1014 1851 voluminibus
1055 1809 1214 1864 magnis
1247 1812 1525 1853 continentur.
1584 1812 1742 1852 Eadem
1775 1811 1884 1852 enim
1916 1813 2010 1851 sunt

191 1887 226 1913 25
242 1876 349 1916 elata
378 1875 558 1927 primum
589 1887 612 1914 a
640 1873 851 1928 pluribus;
900 1871 1072 1919 deinde,
1114 1872 1255 1925 paucis
1285 1875 1424 1914 verbis
1455 1873 1742 1921 commutatis,
1791 1872 1915 1914 etiam
1956 1869 2008 1911 ab

242 1937 400 1978 eisdem
431 1937 707 1989 scriptoribus
729 1935 880 1989 scripta
902 1939 996 1975 sunt
1018 1934 1198 1987 saepius.
1263 1937 1357 1975 193.
1393 1935 1562 1976 Accedit
1582 1948 1680 1976 vero
1695 1966 1706 1983 ,
1741 1949 1822 1990 quo
1845 1933 2008 1974 facilius

240 1998 401 2054 percipi
433 1998 711 2053 cognoscique
742 1997 804 2038 ius
836 1996 957 2037 civile
977 1997 1128 2051 possit,
1162 1995 1288 2050 (quod
1310 1998 1478 2037 minime
1500 1996 1690 2052 plerique
1712 1996 2006 2044 arbitrantur‚)

241 2061 348 2103 mira
378 2062 582 2115 quaedam
612 2061 653 2101 in
685 2061 976 2114 cognoscendo
1010 2058 1190 2100 suavitas
1221 2064 1261 2099 et
1291 2060 1526 2101 delectatio,
1585 2062 1714 2108 Nam,
1763 2059 1851 2101 sive
1882 2071 2009 2114 quem

240 2126 346 2166 haec
377 2124 406 2175 †
428 2124 561 2164 aliena
591 2122 726 2164 studia
757 2124 975 2168 delectant,
1007 2121 1186 2174 plurima
1219 2126 1280 2162 est
1314 2119 1381 2175 [et]
1416 2123 1458 2162 in
1490 2121 1604 2163 omni
1634 2121 1724 2162 iure
1756 2121 1866 2162 civili
1897 2125 1938 2162 et
1967 2123 2010 2163 in

193 2200 229 2226 ao
242 2185 487 2241 pontificum
517 2186 634 2226 libris
667 2190 707 2226 et
736 2186 779 2226 in
806 2185 901 2225 XII.
938 2183 1088 2225 tabulis
1120 2182 1371 2238 antiquitatis
1403 2182 1582 2238 effigies,
1630 2184 1742 2237 quod
1784 2188 1825 2224 et
1854 2184 2009 2225 verbo-

242 2263 335 2290 rum
365 2252 549 2290 vetustas
579 2247 715 2304 prisca
744 2247 1009 2301 cognoscitur
1039 2251 1080 2286 et
1110 2245 1322 2286 actionum
1362 2259 1514 2300 genera
1556 2244 1758 2302 quaedam
1800 2244 2009 2287 maiorum

244 2311 587 2355 consuetudinem
618 2311 829 2364 vitamque
860 2307 1092 2350 declarant:
1145 2310 1231 2350 sive
1272 2310 1363 2364 quis
1404 2310 1569 2350 civilem
1600 2309 1814 2350 scientiam
1846 2308 1876 2361 ἦ·
1909 2321 2009 2348 con-

242 2376 490 2428 templatur,
536 2387 659 2428 quam
693 2372 892 2413 Scaevola
922 2385 1008 2411 non
1037 2375 1153 2426 putat
1184 2372 1361 2412 oratoris
1393 2385 1483 2412 esse
1514 2371 1729 2426 propriam
1760 2372 1832 2412 sed
1871 2371 2009 2411 cuius-

243 2439 339 2478 dam
371 2451 423 2477 ex
454 2435 535 2477 alio
568 2448 720 2489 genere
750 2432 1022 2489 prudentiae,
1057 2438 1185 2474 totam
1216 2432 1342 2481 hanc,
1376 2433 1593 2489 descriptis
1615 2433 1809 2475 omnibus
1831 2432 2007 2474 civitatis

194 2513 229 2540 ³⁵
243 2499 487 2541 utilitatibus
517 2512 564 2540 ac
594 2498 808 2553 partibus,
855 2498 949 2537 XII.
985 2495 1135 2536 tabulis
1166 2497 1373 2538 contineri
1403 2498 1583 2539 videbit:
1633 2497 1719 2538 sive
1765 2509 1888 2552 quem
1928 2494 2007 2536 ista

337 2660 370 2691 1.
399 2657 628 2699 aequalitatis
654 2657 725 2690 BR.
753 2674 795 2680 —
820 2657 855 2688 2.
881 2656 918 2687 id
943 2659 992 2688 est
1016 2656 1059 2688 R.
1087 2673 1131 2679 -η
1170 2656 1204 2688 5.
1230 2660 1379 2689 manant
1404 2657 1515 2691 Codd.
1543 2655 1613 2689 aL:
1643 2657 1807 2687 emanant
1831 2654 1935 2688 BRE.
1964 2669 2005 2678 —

246 2707 364 2738 omnia
388 2706 431 2737 R.
460 2723 504 2727 —
530 2702 631 2746 quae]
660 2712 812 2745 quaeque
838 2705 877 2735 B.
904 2719 945 2725 ——
972 2703 1007 2734 7.
1034 2712 1150 2735 rerum
1177 2712 1295 2735 earum
1320 2705 1392 2736 BR.
1427 2721 1466 2727 —-
1503 2704 1537 2735 9.
1565 2703 1710 2734 habetur
1735 2711 1774 2734 ex
1802 2702 1890 2734 Edd.
1919 2705 2002 2734 vett.

245 2754 427 2785 Mullerus.
458 2750 523 2793 (R,
550 2756 589 2784 ut
614 2750 705 2790 nos.)
735 2767 774 2774 —
802 2752 857 2782 13.
887 2751 1011 2790 cuique
1038 2750 1149 2782 Codd.
1177 2750 1219 2782 al.
1242 2768 1282 2773 —-
1311 2752 1366 2783 14.
1395 2751 1585 2791 dispartiat
1604 2750 1647 2781 R.
1666 2766 1710 2770 —
1737 2750 1793 2781 15.
1817 2749 2006 2790 perfectam

247 2800 383 2839 quidem
407 2804 519 2832 artem
543 2800 585 2830 R.
614 2815 653 2821 —
682 2798 738 2831 16.
766 2802 796 2830 et
822 2798 1004 2829 obscuram
1029 2797 1140 2829 Codd.
1169 2797 1236 2835 31.,
1265 2798 1319 2829 R:
1348 2804 1453 2839 atquc
1480 2797 1663 2828 obscuram
1688 2796 1759 2827 BE.
1789 2812 1830 2818 ——
1865 2796 1921 2827 17.
1950 2804 2005 2826 co-

248 2852 379 2886 yantur
402 2852 544 2879 auctore
571 2847 728 2878 Ernestio
756 2845 952 2876 Schinzius.
982 2860 1022 2865 —
1051 2845 1107 2876 18.
1134 2844 1262 2885 replere
1288 2845 1327 2875 B.
1355 2861 1392 2868 -
1415 2842 1522 2884 iusta]
1548 2845 1619 2874 ista
1646 2851 1723 2874 cum
1753 2842 1863 2875 Codd.
1889 2842 2004 2874 multis

247 2893 344 2924 Man.
372 2898 407 2925 et
433 2894 579 2934 Lamb.‚
605 2894 711 2924 istam
737 2892 776 2922 B.
804 2908 845 2913 —
872 2891 1055 2922 scientiam
1079 2892 1118 2922 B.
1150 2907 1186 2913 —
1227 2892 1282 2923 21.
1327 2892 1521 2922 discesseris
1555 2891 1598 2921 R.
1626 2906 1668 2911 —
1711 2890 1767 2920 22.
1807 2892 1889 2920 sunt
1913 2889 2005 2920 enim

246 2941 362 2979 posita
388 2941 498 2972 Codd.
527 2940 596 2972 aL:
636 2941 726 2971 enim
751 2939 934 2978 supposita
958 2939 986 2969 R
1004 2960 1012 2974 ‚
1041 2939 1130 2969 enim
1154 2942 1235 2970 sunt
1256 2939 1373 2977 posita
1391 2937 1460 2968 BE.
1493 2955 1530 2960 —
1571 2937 1628 2969 23.
1656 2940 1760 2976 atque
1783 2936 1861 2977 soro
1888 2935 1932 2967 R.
1962 2951 1999 2957 —-

249 2985 306 3016 24.
334 2986 409 3026 aut]
438 2997 478 3019 ac
502 2988 545 3020 R.
574 3003 615 3009 -
656 2986 713 3018 25.
741 2986 817 3016 lata
843 2986 884 3017 R.
915 3001 951 3007 -
997 2984 1215 3015 commutatis
1239 2985 1349 3016 verbis
1376 2984 1419 3015 R.
1450 3001 1489 3006 —
1531 2983 1588 3015 26.
1629 2984 1754 3014 eisdem
1785 2982 1896 3014 Codd.
1932 2981 2000 3014 ab:

248 3031 369 3063 iisdem
394 3034 495 3066 BRE.
525 3049 565 3056 -
606 3031 688 3074 quo]
715 3033 806 3073 quod
830 3032 871 3063 B.
902 3046 939 3053 —
983 3031 1040 3062 28.
1068 3029 1152 3070 sive]
1179 3033 1208 3063 si
1230 3032 1273 3062 R.
1308 3047 1352 3052 -—
1391 3030 1449 3062 29.
1483 3039 1582 3070 quem
1608 3031 1690 3062 haec
1716 3030 1742 3061 Β
1768 3030 1897 3070 aliique
1914 3051 1922 3066 ,
1949 3027 2000 3058 R:

250 3087 349 3119 quem
375 3079 413 3110 E.
444 3096 483 3103 -
527 3077 657 3120 aliena]
685 3080 831 3111 Aeliana
856 3077 1082 3118 probabiliter
1106 3077 1258 3118 Madvig.
1300 3094 1339 3100 —-
1379 3080 1427 3109 est
1452 3078 1488 3108 iu
1514 3076 1596 3115 (om.
1621 3076 1664 3118 et)
1703 3075 1768 3108 Gu.
1798 3076 1832 3109 3.
1860 3079 1893 3108 et
1916 3074 1999 3115 Lag.

251 3123 468 3164 complures,
507 3127 599 3158 unde
626 3131 657 3158 et
682 3126 900 3158 seclusimus.
954 3124 1057 3156 Haud
1083 3125 1360 3162 improbabiliter
1385 3124 1631 3156 Eichstadius:
1672 3126 1720 3155 est
1744 3124 1782 3154 in
1808 3121 1902 3154 omni
1925 3123 2002 3153 iure

250 3171 363 3206 civili,
389 3175 427 3202 ut
450 3173 487 3203 in
508 3173 709 3214 pontificum
735 3173 851 3210 libris,
878 3174 916 3203 ut
940 3172 978 3202 in
1002 3171 1084 3203 XII.
1112 3174 1178 3202 cet.
1206 3188 1250 3192 -
1277 3171 1333 3202 31.
1359 3174 1511 3203 vetustas
1531 3173 1652 3210 prisca
1678 3170 1834 3210 plerique
1861 3167 1998 3200 Codd.:

249 3218 367 3258 prisca
390 3221 543 3249 vetustas
574 3220 677 3251 BRE.
715 3237 758 3242 —
795 3218 852 3250 32.
879 3227 938 3250 seu
964 3218 1006 3249 R.
1043 3234 1083 3240 —
1121 3218 1374 3257 contemplatur
1400 3217 1511 3249 Codd.
1538 3218 1608 3249 aL:
1651 3215 1898 3254 contempletur
1922 3215 1998 3246 RE.

252 3264 320 3296 Sed
356 3272 375 3295 a
416 3264 442 3294 B
470 3269 503 3296 et
528 3265 570 3296 ab
597 3268 733 3304 optimis
771 3265 866 3298 libris
901 3265 1017 3303 abest,
1060 3264 1294 3304 complectitur
1327 3269 1468 3297 auctore
1496 3263 1764 3306 Wyttenbachio
1790 3261 1999 3299 Sebuinus:

252 3320 370 3344 verum
397 3311 495 3350 longe
521 3313 633 3350 aptius
662 3318 712 3345 est
737 3313 1017 3352 supplementum
1043 3310 1160 3350 verbi,
1198 3312 1292 3354 quod
1321 3312 1467 3351 excidit,
1494 3312 1640 3345 alterum
1670 3309 1851 3350 Wyttenb.
1879 3310 2000 3343 inven-

253 3362 326 3391 tum
352 3361 580 3391 consectatur.
608 3358 675 3391 On.
704 3375 740 3383 -
766 3360 822 3391 35.
848 3359 1007 3392 videbitis
1033 3358 1071 3391 B.
