2117 3762
225 257 305 295 278
924 254 992 293 DE
1033 254 1282 295 ORATORE

226 367 278 401 tu
318 374 417 402 non
458 366 597 401 recte
638 356 1001 398 intellexeris.
1064 358 1109 396 Id
1154 371 1320 412 quoque
1366 362 1452 398 toto
1484 356 1617 411 capite
1646 356 1810 404 annuit,
1861 364 1906 399 ut
1935 372 1978 398 se

227 423 374 464 Crasso
405 424 534 463 daret.
595 422 777 460 Potest
807 418 962 458 etiam
1003 416 1150 465 fieri,
1196 420 1348 473 inquit,
1395 424 1453 460 ut
1484 418 1719 467 omnino,
1766 422 1902 474 quod
1932 426 1978 461 te

227 484 434 526 audisse
466 483 622 527 dicis,
655 492 912 533 nunquam
943 479 1196 520 audieris.
1257 483 1348 523 Hoc
1368 482 1424 524 ita
1444 487 1609 536 practer
1630 484 1977 535 exspectationem

226 546 397 594 accidit,
449 549 494 585 ut
536 548 682 584 testem
722 541 908 581 omnium
946 539 1056 581 risus
1097 539 1306 583 obrueret.
1365 545 1498 586 Huius
1536 543 1698 597 generis
1735 549 1796 584 est
1833 543 1979 597 plenus

198 609 406 656 ⁵N0vius;
438 611 479 647 et
507 605 623 645 iocus
643 608 705 643 est
724 600 963 650 familiaris,
997 603 1221 656 Sapiens
1250 603 1292 645 si
1322 604 1554 659 algebis,
1587 610 1809 654 tremes3
1842 611 1882 645 et
1902 604 1979 645 alia

224 669 442 725 permulta.
501 666 649 706 LXXI.
682 666 777 708 286.
810 666 940 719 Saepe
971 663 1094 704 etiam
1125 662 1256 705 facete
1282 667 1482 709 concedas
1503 667 1742 708 adversario
1763 665 1805 707 id
1825 666 1977 721 ipsum,

225 734 336 786 quod
365 729 439 771 tibi
468 728 535 768 ille
566 727 764 776 detrahit3
798 731 843 767 ut
873 728 917 768 C.
940 726 1126 773 Laelius,
1159 740 1252 767 cum
1273 727 1313 768 ei
1342 730 1508 783 quidam
1539 730 1649 771 malo
1680 742 1830 783 genere
1861 734 1981 769 natus

225 795 404 839 diceret,
442 788 656 844 indignum
686 802 776 829 esse
808 788 893 829 suis
924 787 1176 837 maioribus,
1223 791 1284 830 At
1312 791 1551 840 hercule,
1593 791 1745 846 inquit,
1793 797 1847 832 tu
1878 791 1981 832 tuis

226 855 421 907 dignus.
484 854 614 906 Saepe
645 852 769 892 etiam
800 852 1051 892 sententiose
1083 849 1259 892 ridicula
1284 850 1501 903 dicuntur3
1532 859 1578 895 ut
1606 857 1661 895 M.
1687 852 1867 900 Cincius,
1899 866 1980 907 quo

180 936 213 957 10
226 917 291 958 die
320 915 454 968 legem
485 916 537 954 de
567 913 687 955 donis
719 918 759 954 et
788 913 1034 954 muneribus
1064 912 1178 961 tulit,
1212 925 1305 953 cum
1338 913 1383 954 C.
1409 914 1538 956 Cento
1568 915 1793 968 prodiisset
1823 919 1864 955 et
1884 917 1982 955 satis

227 977 547 1025 contumeliose,
591 975 729 1025 Quid
756 974 890 1024 fers,
931 974 1195 1017 Cinciole?
1243 974 1495 1028 quaesisset:
1543 978 1599 1017 Ut
1629 990 1791 1026 emas,
1824 977 1981 1032 inquit,

227 1041 333 1087 cai,
383 1040 426 1080 si
465 1039 541 1080 uti
580 1037 733 1079 velis.
794 1040 889 1079 287.
921 1039 1053 1091 Saepe
1085 1037 1209 1078 etiam
1240 1036 1369 1086 salse,
1417 1050 1525 1091 quae
1555 1037 1647 1079 fieri
1677 1053 1760 1080 non
1791 1044 1982 1092 possunt,

226 1106 443 1156 optantur3
475 1106 521 1142 ut
548 1103 602 1142 M.
626 1098 828 1153 Lepidus,
863 1114 978 1148 cum,
1010 1101 1159 1140 ceteris
1190 1098 1233 1139 in
1263 1112 1410 1152 campo
1441 1100 1758 1150 exercentibus,
1790 1101 1833 1142 in
1853 1099 1984 1141 herba

226 1166 314 1219 ipse
345 1162 622 1209 recubuisset,
660 1162 861 1203 Vellem
891 1161 989 1203 boc
1019 1167 1185 1208 esset,
1224 1162 1377 1216 inquit,
1408 1160 1672 1204 laborare.
1731 1163 1891 1205 Salsum
1923 1169 1986 1204 est

177 1243 212 1267 15
228 1228 350 1269 etiam
371 1223 666 1281 quaerentibus
686 1229 727 1265 et
748 1226 865 1278 quasi
895 1223 1231 1280 percontantibus
1261 1223 1370 1265 lente
1391 1226 1670 1276 respondere,
1701 1224 1812 1280 quod
1832 1225 1982 1274 nolint;

227 1294 273 1331 ut
301 1301 449 1329 censor
479 1286 684 1342 Lepidus,
715 1300 807 1327 cum
838 1289 893 1327 M.
916 1286 1090 1328 Antistio
1120 1285 1321 1342 Pyrgensi
1351 1300 1505 1341 equum
1535 1286 1757 1328 ademisset
1781 1286 1986 1342 amicique

227 1365 322 1392 cum
350 1351 681 1392 vociferarentur
710 1354 751 1390 et
781 1354 1050 1402 quaererent,
1093 1347 1194 1403 quid
1223 1348 1292 1389 ille
1322 1350 1433 1401 patri
1463 1361 1539 1389 suo
1569 1347 1864 1401 responderet,
1913 1362 1987 1390 cur

227 1416 463 1468 ademptum
493 1410 572 1453 sibi
602 1424 754 1466 equum
785 1412 963 1460 diceret,
1002 1424 1096 1452 cum
1126 1410 1306 1466 optimus
1338 1410 1528 1458 colonus,
1568 1410 1854 1466 parcissimus,
1899 1424 1989 1452 mo-

228 1475 504 1522 destissimus,
536 1472 836 1529 frugalissimus
858 1479 989 1521 esset,
1022 1475 1093 1514 Me
1123 1473 1375 1522 istorum,
1407 1472 1562 1527 inquit,
1595 1473 1728 1514 nihil
1757 1472 1872 1514 cred
1885 1486 1986 1514 ere.

181 1554 216 1578 20
230 1539 323 1579 288.
355 1537 612 1591 Colliguntur
642 1549 665 1576 a
697 1534 867 1576 Graecis
897 1535 976 1576 alia
1015 1534 1235 1584 nonnulla,
1285 1535 1616 1584 exsecrationes,
1665 1534 1986 1582 admirationes,

230 1598 491 1639 minationes.
552 1599 634 1639 Sed
678 1595 781 1638 haec
819 1597 909 1652 ipsa
948 1596 1071 1638 nimis
1111 1597 1213 1638 mihi
1243 1599 1392 1639 videor
1421 1597 1548 1639 multa
1577 1596 1619 1638 in
1651 1610 1805 1651 genera
1835 1596 1990 1638 descri-

228 1662 373 1715 psisse.
432 1662 533 1700 Nam
570 1659 661 1707 illa,
710 1672 816 1714 quae
853 1659 974 1701 verbi
1010 1659 1172 1701 ratione
1203 1665 1243 1700 et
1271 1659 1312 1702 vi
1344 1661 1628 1707 continentur,
1679 1665 1790 1701 certa
1821 1658 1911 1700 fere
1942 1673 1989 1700 ac

229 1722 396 1764 definita
426 1726 545 1772 sunt3
588 1734 693 1777 quae
721 1721 989 1776 plerumque,
1020 1727 1066 1763 ut
1095 1726 1189 1763 ante
1221 1721 1331 1770 dixi,
1362 1722 1521 1763 laudari
1550 1721 1680 1776 magis
1709 1736 1832 1777 quam
1862 1722 1989 1762 rideri

228 1785 376 1826 solent.
429 1786 527 1825 289.
560 1786 673 1825 Haec
703 1789 865 1833 autem,
898 1798 1004 1838 quae
1035 1789 1130 1825 sunt
1158 1785 1202 1824 in
1231 1797 1280 1825 re
1311 1790 1352 1826 et
1386 1783 1456 1838 [in]
1490 1785 1579 1839 ipsa
1609 1784 1832 1831 sententia,
1864 1785 1991 1839 parti-

183 1862 215 1885 2⁵
228 1847 306 1890 bus
336 1852 431 1889 sunt
465 1845 810 1895 innumerabilia,
857 1847 1080 1900 generibus
1117 1859 1261 1901 pauca.
1317 1845 1708 1902 Exspectationibus
1738 1848 1847 1887 enim
1878 1847 1990 1887 deci-

229 1910 391 1966 piendis
433 1914 473 1950 et
510 1908 668 1950 naturis
713 1908 889 1950 aliorum
932 1908 1178 1956 irridendis,
1227 1908 1414 1964 ipsorum
1460 1908 1633 1950 ridicule
1681 1907 1910 1948 indicandis
1950 1912 1991 1948 et

231 1972 497 2013 similitudine
536 1970 738 2025 turpioris
780 1976 821 2011 et
860 1970 1188 2012 dissimulatione
1227 1976 1268 2012 et
1306 1972 1565 2012 subabsurda
1594 1969 1768 2011 dicendo
1800 1975 1840 2010 et
1869 1969 1991 2010 stulta

230 2032 573 2089 reprehendendo
616 2033 722 2074 risus
758 2038 994 2074 moventur.
1055 2035 1199 2087 Itaque
1239 2031 1488 2073 imbuendus
1527 2036 1590 2072 est
1628 2031 1687 2080 is,
1737 2031 1807 2085 qui
1846 2030 1990 2072 iocose

230 2096 342 2138 volet
371 2095 535 2144 dicere,
568 2095 687 2149 quasi
715 2100 863 2136 natura
893 2094 1069 2150 quadam
1100 2100 1194 2149 apta
1223 2093 1276 2135 ad
1303 2095 1407 2135 haec
1437 2107 1594 2148 genera
1624 2098 1664 2134 et
1693 2092 1900 2141 moribus,
1946 2099 1992 2134 ut

185 2171 220 2195 ³0
231 2158 284 2200 ad
313 2159 513 2212 cuiusque
542 2159 655 2199 modi
685 2171 814 2211 genus
843 2156 1008 2198 ridiculi
1027 2156 1164 2198 vultus
1185 2156 1309 2198 etiam
1329 2154 1688 2204 accommodetur3
1723 2154 1793 2209 qui
1815 2153 1986 2209 quidem

233 2234 317 2276 quo
347 2220 535 2262 severior
564 2226 626 2262 est
657 2225 698 2260 et
728 2220 907 2266 tristior,
949 2224 995 2260 ut
1024 2220 1067 2259 in
1096 2223 1161 2267 te,
1210 2220 1378 2267 Crasse,
1411 2217 1491 2259 hoc
1519 2217 1608 2265 illa,
1639 2230 1744 2272 quae
1775 2217 1990 2263 dicuntur,

234 2283 405 2325 salsiora
435 2283 569 2323 videri
600 2281 749 2326 solent.
1764 2300 1766 2302 ·

346 2347 444 2386 290.
480 2346 560 2385 Sed
588 2344 670 2385 iam
700 2349 768 2392 tu,
799 2343 975 2391 Antoni,
1009 2341 1082 2397 qui
1110 2342 1190 2383 hoc
1210 2343 1452 2383 deversorio
1475 2342 1679 2383 sermonis
1699 2340 1784 2382 mei
1812 2340 1992 2382 libenter

235 2409 521 2464 acquieturum
551 2411 592 2447 te
623 2419 713 2447 esse
743 2405 905 2453 dixisti,
945 2410 1156 2460 tamquam
1185 2403 1229 2445 in
1257 2406 1523 2459 Pomptinum
1553 2403 1804 2451 deverteris,
1854 2415 1991 2456 neque

187 2479 221 2504 ³5
234 2483 456 2511 amoenum
486 2482 620 2523 neque
650 2467 855 2510 salubrem
885 2467 1043 2515 locum,
1078 2480 1251 2515 censeo,
1282 2472 1329 2508 ut
1358 2466 1456 2508 satis
1488 2467 1559 2507 diu
1579 2471 1619 2507 te
1643 2471 1758 2520 putes
1778 2464 1992 2518 requiesse

237 2538 277 2574 et
304 2533 386 2573 iter
414 2532 621 2585 reliquum
650 2529 853 2571 conficere
884 2543 1045 2584 pergas.
1102 2531 1190 2583 Ego
1220 2541 1344 2577 vero,
1387 2534 1510 2584 atque
1538 2528 1668 2570 hilare
1699 2526 1868 2582 quidem
1898 2541 1922 2567 a
1952 2532 1991 2567 te

236 2599 451 2649 acceptus,
484 2594 637 2649 inquit,
670 2597 710 2634 et
739 2606 833 2634 cum
864 2592 1026 2634 doctior
1054 2604 1130 2646 per
1159 2596 1224 2640 te,
1256 2596 1344 2633 tum
1376 2591 1501 2632 etiam
1531 2589 1730 2632 audacior
1748 2588 1880 2630 factus
1901 2602 1991 2629 sum

326 2719 360 2750 2.
387 2721 426 2750 ut
450 2715 603 2757 omnino]
629 2725 672 2749 ne
697 2718 838 2749 omnino
855 2717 893 2748 B.
914 2734 951 2740 —
979 2717 1014 2748 4.
1042 2720 1140 2748 testes
1166 2717 1260 2748 omni
1283 2716 1327 2748 R.
1343 2733 1387 2739 —
1412 2719 1462 2747 est
1482 2716 1606 2755 plenus
1623 2715 1754 2746 Novius
1778 2714 1890 2746 Codd.
1919 2714 1988 2746 al.:

240 2770 290 2797 est
312 2766 437 2805 plenus
461 2765 617 2796 Naevius
642 2764 721 2799 BE,
745 2765 867 2804 plenus
893 2763 1024 2794 Novius
1049 2762 1125 2804 (sic)
1154 2768 1204 2796 est
1219 2763 1261 2794 R.
1281 2780 1321 2786 —
1348 2763 1382 2795 5.
1411 2767 1442 2794 et
1467 2764 1565 2794 iocus
1590 2759 1651 2801 est]
1680 2766 1729 2793 est
1758 2761 1854 2792 locus
1877 2764 1925 2793 est
1949 2760 1990 2796 B,

237 2813 328 2843 locus
352 2816 401 2844 est
424 2812 470 2843 R.
497 2827 541 2832 —-
566 2811 599 2842 9.
627 2819 695 2851 quo
721 2809 787 2850 die]
815 2811 906 2850 quod
931 2811 961 2841 si
978 2810 1017 2841 B.
1046 2827 1090 2831 ——
1116 2811 1172 2841 10.
1199 2808 1293 2850 tulit]
1319 2809 1446 2850 ferenti
1463 2809 1502 2840 B.
1522 2825 1564 2830 —
1591 2808 1649 2839 14.
1676 2808 1790 2848 inquit
1812 2816 1882 2840 esse
1908 2805 1992 2847 (sic)

240 2859 278 2888 B.
307 2876 344 2882 -—
373 2859 430 2890 15.
453 2857 742 2898 percontantibus
769 2857 881 2888 Codd.
909 2857 952 2888 al.
971 2880 979 2894 ‚
1008 2857 1059 2888 R:
1085 2857 1396 2896 percunctantibus
1422 2855 1475 2895 (B)
1496 2855 1536 2886 E.
1567 2872 1605 2877 —
1644 2855 1760 2886 nolint
1785 2862 1803 2885 e
1829 2854 1911 2894 Lag.
1939 2853 1990 2890 2.,

239 2906 291 2939 (ut
319 2905 457 2937 volebat
482 2903 678 2943 Ernestius)
705 2904 759 2935 T:
795 2903 915 2934 nolent
940 2903 995 2941 R,
1021 2903 1153 2935 nollent
1179 2903 1250 2934 BE.
1282 2920 1319 2926 --
1364 2902 1420 2934 16.
1445 2902 1581 2942 11190ηεὶ
1603 2901 1646 2933 R.
1676 2917 1716 2923 —-
1755 2901 1811 2932 20.
1839 2900 1992 2931 admira-

240 2952 373 2987 tiones,
399 2952 608 2982 minutiones
634 2959 702 2981 om.
729 2950 801 2981 AB.
833 2966 870 2972 —
897 2949 955 2980 21.
981 2950 1021 2981 in
1044 2949 1157 2981 multa
1179 2949 1221 2980 A.
1253 2967 1289 2972 —
1317 2949 1374 2981 22.
1401 2948 1513 2979 verbis
1540 2949 1581 2979 R.
1612 2963 1652 2969 —
1679 2948 1858 2978 continent
1881 2947 1921 2977 B.
1949 2961 1990 2967 —

239 2996 297 3026 24.
326 3002 356 3028 et
382 2998 460 3036 ipsa
485 2998 588 3029 ABR.
615 2997 686 3028 Nos
709 2998 749 3028 in
773 2995 990 3028 seclusimus.
1021 3012 1058 3017 —
1087 2995 1144 3027 26.
1170 2999 1332 3026 maturas
1359 2992 1435 3031 (sic)
1453 2994 1493 3025 A.
1516 3010 1555 3016 —
1584 2994 1647 3027 vv.
1665 2994 1821 3034 ipsorum
1845 2991 1991 3024 ridicule

241 3043 437 3075 indicandis
463 3046 496 3075 in
524 3044 637 3075 Codd.
665 3043 748 3083 aliq.
777 3044 902 3075 omissa
930 3051 1007 3074 cum
1033 3043 1143 3074 Bakio
1169 3042 1311 3074 seclusit
1337 3041 1486 3073 Ellendt.
1526 3039 1603 3081 (Vv.
1632 3041 1812 3072 dumtaxat
1836 3039 1992 3079 ipsorum

240 3089 382 3119 ridicule
408 3100 476 3121 om.
503 3088 619 3128 Voss.)
646 3106 686 3111 —
713 3094 744 3122 et
769 3087 1012 3129 similitudine]
1039 3089 1096 3120 sed
1119 3097 1148 3119 s.
1175 3089 1216 3119 Α.
1245 3105 1288 3110 -
1312 3088 1369 3119 27.
1398 3088 1552 3127 turpiore
1579 3088 1618 3118 B.
1646 3102 1686 3108 --
1723 3090 1755 3118 et
1779 3090 1859 3117 ante
1883 3084 1991 3115 stulta

242 3142 310 3165 om.
337 3136 378 3165 R.
408 3153 443 3158 —
484 3137 541 3168 28.
568 3138 644 3168 risu
669 3137 712 3168 R.
739 3153 783 3157 —
818 3136 1011 3167 induendus
1036 3135 1233 3167 Schutzius.
1262 3150 1303 3156 —-
1340 3133 1398 3165 29.
1424 3134 1514 3165 volet
1538 3133 1622 3165 AB:
1649 3133 1725 3164 vult
1748 3132 1822 3163 RE.
1849 3147 1893 3152 -—
1931 3129 1988 3162 30.

243 3182 547 3214 accommodentur
570 3184 612 3214 R.
651 3201 685 3206 -
731 3181 786 3213 33.
815 3182 901 3222 quid
925 3182 987 3212 lmc
1013 3183 1065 3218 Α,
1106 3182 1165 3221 qui
1190 3183 1227 3211 in
1252 3180 1313 3211 hoc
1351 3181 1547 3212 Schutzius.
1580 3196 1616 3201 -
1661 3179 1853 3210 diversorio
1878 3177 1918 3208 Β.
1952 3193 1986 3198 -

241 3224 322 3266 mei]
351 3228 402 3257 tui
426 3228 509 3265 ΑΒ,
545 3235 583 3260 ut
609 3230 698 3261 Edd.
726 3229 769 3260 ab
795 3229 884 3260 Aldo
909 3236 1020 3268 usque
1046 3228 1088 3259 ad
1115 3227 1314 3259 Gruterum.
1368 3227 1412 3259 Ut
1438 3235 1521 3264 nos,
1560 3227 1602 3258 R.
1642 3243 1678 3248 —
1717 3224 1773 3257 34.
1801 3224 1991 3255 Pontinum

243 3273 292 3310 R,
321 3273 517 3303 Pomtinum
544 3275 582 3305 E.
613 3292 652 3298 —-
682 3276 738 3307 37.
764 3284 826 3315 per
850 3291 861 3296 -
888 3291 898 3296 -
924 3292 936 3297 -
961 3275 1129 3307 audacior
1155 3283 1222 3306 om.
1252 3273 1291 3305 B.
1324 3291 1359 3296 —
1404 3272 1493 3314 sum]
1520 3274 1591 3305 iam
1616 3271 1683 3305 Gu.
1711 3270 1744 3302 3.
1773 3270 1872 3302 Voss.
1899 3267 1991 3308 (sum

244 3320 430 3352 delendum
459 3325 575 3352 censet
601 3321 757 3361 Bakius.)
