2117 3762
232 270 314 313 230
934 261 1003 303 DE
1045 261 1291 305 ORATORE

231 390 363 425 nunc,
397 374 542 418 Catulo
572 370 762 415 audiente
792 371 834 409 et
863 367 1062 416 Caesare,
1095 367 1243 411 videor
1267 367 1419 411 debere
1439 372 1624 410 nontam
1643 379 1827 424 pugnare
1849 372 1984 412 tecum

234 452 381 495 quam,
414 437 513 492 quid
542 437 629 491 ipse
661 431 859 480 sentiam,
893 429 1046 471 dicere.

347 503 415 542 41.
453 497 644 554 Sequitur
673 494 817 548 igitur,
863 493 1058 547 quoniam
1087 491 1207 533 nobis
1237 499 1298 535 est
1325 495 1418 543 hic,
1465 495 1515 534 de
1547 506 1629 549 quo
1660 492 1896 548 loquimur,
1942 495 1985 536 in

233 564 327 607 foro
360 569 483 617 atque
516 562 557 600 in
587 556 716 598 oculis
747 555 901 596 civium
929 555 1256 604 constituendus,
1288 562 1332 598 ut
1364 556 1594 604 videamus,
1627 555 1726 610 quid
1757 558 1792 597 ei
1824 557 1983 611 negotii

205 629 380 672 sdemus
410 625 557 678 cuique
589 633 683 660 eum
713 617 876 659 muneri
905 616 1082 659 velimus
1103 629 1193 658 esse
1213 621 1509 672 praepositum.
1570 621 1673 661 Nam
1696 620 1862 661 Crassus
1882 621 1986 667 heri,

236 702 328 730 cum
359 699 454 733 vos,
489 681 627 724 Catule
659 686 700 722 et
729 683 900 729 Caesar,
931 694 1015 722 non
1045 678 1269 728 adessem,
1300 683 1437 734 posuit
1467 681 1650 723 breviter
1669 680 1712 722 in
1733 681 1832 723 artis
1853 680 1991 723 distri-

234 749 404 792 butione
442 746 574 794 idem,
622 746 732 800 quod
779 743 927 786 Graeci
956 741 1145 797 plerique
1175 748 1427 795 posuerunt;
1475 758 1611 800 neque
1643 756 1740 785 sane
1771 743 1870 798 quid
1900 743 1990 797 ipse

235 813 429 858 sentiret,
465 806 537 849 sed
567 806 667 862 quid
697 808 748 847 ab
778 805 860 847 illis
891 806 1123 853 diceretur,
1157 803 1354 845 ostendit:
1408 808 1488 847 duo
1519 806 1650 862 prima
1682 819 1835 861 genera
1865 819 1991 862 quae-

236 874 413 915 stionum
444 883 555 917 esse,
586 870 628 910 in
660 868 810 923 quibus
842 867 1077 924 eloquentia
1105 872 1365 915 versaretur,
1407 881 1533 909 unum
1563 868 1787 915 infinitum,
1819 868 1991 910 alterum

186 958 221 982 10
238 941 410 977 certum.
470 935 540 974 42.
574 930 781 973 Infinitum
812 930 912 972 mihi
943 929 1161 971 videbatur
1189 929 1231 970 id
1263 928 1423 977 dicere,
1457 931 1499 969 in
1530 944 1611 984 quo
1643 933 1798 987 aliquid
1820 945 1994 987 genera-

235 998 308 1039 tim
339 1000 628 1052 quaereretur,
661 995 742 1036 hoc
770 995 917 1035 modo:
949 994 1244 1048 Expetendane
1276 996 1383 1032 esset
1414 991 1678 1046 eloquentia?
1717 993 1993 1050 expetendine

234 1062 444 1102 honores?
489 1063 646 1099 certum
676 1061 835 1104 autem,
872 1056 914 1097 in
945 1069 1028 1111 quo
1060 1054 1158 1110 quid
1189 1057 1230 1096 in
1261 1055 1453 1109 personis
1485 1059 1524 1094 et
1553 1055 1596 1095 in
1632 1059 1847 1098 constituta
1879 1070 1924 1098 re
1954 1062 1995 1098 et

236 1121 402 1163 definita
434 1124 724 1176 quaereretur;
756 1117 987 1160 cuiusmodi
1016 1123 1127 1164 sunt,
1161 1130 1266 1172 quae
1296 1118 1338 1157 in
1360 1115 1452 1157 foro
1474 1121 1596 1171 atque
1626 1119 1669 1158 in
1691 1119 1840 1161 civium
1862 1119 1994 1160 causis

236 1181 689 1237 disceptationibusque
720 1186 954 1223 versantur.
1015 1182 1082 1222 43.
1124 1182 1183 1220 Ea
1213 1180 1314 1220 mihi
1346 1178 1537 1221 videntur
1566 1185 1636 1221 aut
1664 1182 1707 1221 in
1736 1181 1806 1223 lite
1838 1181 1994 1223 oranda

184 1251 305 1294 15aut
334 1246 377 1287 in
406 1245 576 1287 consilio
609 1244 743 1286 dando
776 1257 866 1285 esse
897 1243 1046 1297 posita.
1107 1244 1210 1283 Nam
1241 1241 1342 1283 illud
1373 1243 1566 1291 tertium,
1600 1245 1711 1297 quod
1743 1250 1782 1285 et
1803 1258 1824 1285 a
1848 1247 1994 1287 Crasso

236 1315 389 1351 tactum
422 1313 483 1349 est
512 1313 572 1356 et,
606 1312 652 1348 ut
681 1306 826 1355 audio,
859 1305 928 1347 ille
958 1308 1046 1361 ipse
1076 1306 1341 1352 AristoteleS‚
1375 1305 1446 1360 qui
1476 1306 1579 1346 haec
1609 1307 1789 1348 maxime
1819 1307 1996 1349 illustra-

235 1372 312 1419 vit,
359 1370 566 1417 adiunxit,
613 1369 776 1411 etiamsi
806 1383 911 1423 opus
944 1374 1030 1417 est,
1079 1368 1215 1408 minus
1247 1374 1308 1409 est
1337 1372 1476 1408 tamen
1507 1368 1804 1411 necessarium.
1866 1371 1996 1420 Quid-

236 1437 358 1476 nam?
389 1435 520 1489 inquit
542 1433 723 1481 Catulus,
755 1447 807 1474 an
837 1431 1125 1473 laudationes?
1156 1432 1199 1471 id
1230 1430 1341 1471 enim
1371 1429 1494 1472 video
1524 1430 1626 1485 poni
1658 1445 1785 1486 genus
1814 1432 1995 1473 tertium.

236 1498 308 1538 XI.
339 1498 407 1537 44.
452 1498 535 1545 Ita,
584 1497 719 1550 inquit
756 1496 977 1542 Antonius,
1027 1499 1068 1535 et
1106 1493 1149 1534 in
1195 1507 1243 1534 eo
1286 1494 1452 1547 quidem
1493 1507 1643 1547 genere
1674 1495 1759 1535 scio
1791 1499 1832 1536 et
1862 1509 1928 1536 me
1958 1499 1998 1535 et

189 1581 224 1607 20
239 1573 403 1608 omnes,
435 1560 505 1613 qui
535 1558 759 1605 affuerunt,
794 1557 1017 1598 delectatos
1047 1569 1137 1597 esse
1166 1555 1454 1604 vehementer,
1486 1569 1580 1598 cum
1614 1571 1637 1597 a
1665 1562 1706 1598 te
1736 1562 1798 1598 est
1817 1556 1988 1612 Popilia,

240 1627 371 1663 mater
400 1628 557 1669 vestra,
590 1619 774 1667 laudata,
809 1619 873 1660 cui
903 1619 1084 1674 primum
1114 1617 1279 1660 mulieri
1308 1620 1416 1659 hunc
1445 1621 1648 1660 honorem
1669 1621 1710 1660 in
1731 1625 1873 1661 nostra
1897 1618 1998 1660 civi-

238 1690 321 1726 tate
341 1682 540 1725 tributum
562 1689 675 1738 puto.
735 1684 816 1723 Sed
837 1695 920 1723 non
941 1681 1099 1729 omnia,
1131 1694 1402 1737 quaecunque
1422 1681 1652 1736 loquimur,
1685 1681 1788 1723 mihi
1808 1683 1999 1723 videntur

240 1747 291 1789 ad
321 1753 452 1788 artem
484 1752 523 1787 et
553 1745 603 1787 ad
643 1750 865 1802 praecepta
902 1758 992 1786 esse
1028 1747 1279 1786 revocanda.
1340 1746 1406 1787 45.
1450 1747 1512 1786 Ex
1556 1746 1606 1785 iis
1645 1743 1755 1786 enim
1793 1742 1997 1790 sontibus,

239 1810 350 1854 unde
395 1810 534 1852 omnia
577 1813 817 1850 ornamenta
862 1806 1025 1849 dicendi
1069 1812 1309 1854 sumuntur,
1358 1806 1500 1848 licebit
1545 1809 1669 1848 etiam
1713 1806 1996 1848 laudationem

192 1893 227 1918 25
243 1887 390 1915 ornare
420 1886 557 1927 neque
586 1871 655 1913 illa
686 1871 889 1912 elementa
919 1869 1178 1918 desiderare3
1227 1882 1331 1923 quae
1363 1875 1406 1912 ut
1435 1883 1556 1910 nemo
1586 1873 1746 1918 tradat,
1793 1872 1884 1925 quis
1914 1873 1996 1917 est,

243 1937 314 1993 qui
358 1937 536 1984 nesciat,
588 1948 694 1990 quae
734 1938 827 1974 sunt
863 1934 906 1973 in
946 1932 1115 1973 homine
1153 1931 1386 1972 laudanda?
1435 1931 1584 1972 Positis
1627 1931 1736 1973 enim
1766 1931 1816 1972 iis
1845 1933 1995 1979 rebus,

244 2013 345 2054 quas
378 2000 546 2040 Crassus
575 1997 618 2038 in
648 1996 758 2037 illius
788 1996 988 2037 orationis
1018 2007 1136 2041 suae,
1188 2007 1310 2048 quam
1343 1999 1484 2035 contra
1514 1993 1715 2048 collegam
1747 2007 1897 2035 censor
1926 1994 1999 2033 ha-

242 2061 354 2109 buit,
387 2060 593 2115 principio
624 2058 750 2100 dixit:
796 2059 938 2107 Quae
968 2062 1157 2097 natura
1186 2061 1274 2096 aut
1302 2054 1518 2097 fortuna
1548 2055 1807 2096 darentur
1835 2056 2000 2096 homi-

243 2123 418 2170 nihus,
466 2123 517 2164 in
554 2121 620 2162 iis
657 2122 810 2162 rebus
842 2133 892 2161 se
922 2118 1072 2160 vinci
1102 2131 1260 2173 posse
1291 2117 1456 2159 animo
1488 2132 1649 2174 aequo
1680 2119 1809 2173 pati3
1861 2130 1998 2172 quae

197 2187 347 2242 soipsi
385 2186 486 2228 sibi
525 2183 757 2226 homines
795 2195 977 2237 parare
1014 2186 1244 2235 possent,
1290 2182 1338 2221 in
1376 2180 1441 2221 iis
1479 2183 1631 2221 rebus
1672 2193 1721 2220 se
1759 2180 1870 2233 pati
1900 2194 2000 2220 non

245 2262 399 2304 posse
437 2248 598 2290 vinci:
648 2246 718 2302 qui
754 2244 938 2287 laudabit
976 2244 1235 2299 quempiam,
1283 2242 1482 2297 intelliget
1519 2244 1764 2298 exponenda
1800 2241 1879 2283 sibi
1910 2255 2000 2283 esse

245 2312 435 2353 fortunae
465 2312 590 2351 bona.
651 2311 718 2350 46.
749 2311 807 2349 Ea
837 2313 931 2349 sunt
962 2309 1145 2361 generis,
1186 2305 1407 2360 pecuniae,
1449 2305 1800 2360 propinquorum,
1847 2306 2002 2347 amico-

245 2388 360 2422 rum,
393 2386 541 2428 opum‚
572 2370 842 2418 valetudinis,
874 2369 1059 2418 formae,
1102 2369 1276 2416 virium,
1315 2367 1473 2422 ingenii
1503 2374 1543 2409 et
1573 2373 1805 2408 ceterarum
1834 2381 1999 2425 rerum,

247 2451 352 2492 quae
382 2441 477 2477 sunt
507 2440 577 2475 aut
607 2435 794 2489 corporis
825 2439 895 2473 aut
924 2437 1168 2481 extraneae3
1202 2433 1235 2472 si
1265 2433 1481 2480 habuerit,
1514 2429 1621 2472 bene
1642 2433 1764 2471 rebus
1786 2429 1836 2471 iis
1856 2444 1999 2480 usum;

199 2517 232 2543 ³5
248 2502 282 2541 si
327 2513 410 2541 non
456 2497 670 2544 habuerit,
723 2495 932 2549 sapienter
981 2494 1191 2543 caruisse3
1243 2495 1276 2535 si
1323 2493 1532 2541 amiserit,
1582 2495 1794 2534 moderate
1841 2492 1996 2534 tulisse.

248 2561 424 2609 Deinde,
462 2561 561 2615 quid
592 2559 802 2614 sapienter
832 2558 886 2606 is,
929 2571 1050 2612 quem
1080 2556 1241 2605 laudet,
1282 2555 1380 2610 quid
1411 2555 1653 2603 liberaliter,
1685 2553 1784 2610 quid
1814 2555 1998 2602 fortiter,

249 2624 349 2681 quid
378 2625 504 2670 iuste,
534 2622 633 2677 quid
663 2620 897 2676 magnifice,
931 2619 1029 2675 quid
1056 2619 1150 2674 pie,
1183 2618 1282 2673 quid
1313 2625 1450 2672 grate,
1489 2619 1587 2674 quid
1617 2616 1870 2666 humaniter,
1902 2617 2002 2672 quid

251 2687 428 2741 denique
458 2699 551 2727 cum
580 2684 716 2740 aliqua
745 2684 897 2725 virtute
928 2687 997 2723 aut
1025 2681 1172 2723 fecerit
1201 2687 1271 2722 aut
1308 2681 1459 2723 tulerit.
1531 2682 1644 2721 Haec
1680 2686 1721 2721 et
1764 2693 1869 2734 quae
1907 2686 2002 2722 sunt

339 2803 373 2834 2.
402 2801 494 2842 quod
519 2800 562 2831 R.
593 2815 631 2822 —-
668 2798 701 2829 3.
730 2797 827 2828 vobis
853 2797 894 2828 B.
934 2814 969 2819 —
1010 2796 1165 2834 loquitur
1191 2795 1231 2826 B.
1271 2811 1312 2817 —-
1348 2794 1382 2826 4.
1411 2799 1472 2826 aut
1498 2795 1534 2825 in
1562 2795 1601 2826 R.
1647 2811 1683 2817 -
1728 2795 1764 2825 in
1790 2799 1868 2826 ante
1894 2794 2001 2826 oculis

250 2857 318 2880 om.
338 2849 409 2880 AB.
433 2865 472 2871 —
498 2847 532 2879 7.
558 2843 661 2885 idem]
687 2845 724 2876 td
749 2849 797 2876 esc
823 2844 863 2874 B.
891 2860 930 2866 —
959 2843 991 2874 8.
1018 2840 1099 2881 iltis]
1127 2843 1178 2873 his
1204 2843 1246 2873 R.
1272 2858 1314 2864 —
1338 2843 1492 2881 primum
1518 2842 1560 2872 Α.
1589 2857 1628 2863 -
1659 2841 1715 2872 10.
1743 2840 1879 2873 videtur
1897 2842 1937 2873 R.
1959 2858 2000 2864 —-

251 2896 307 2926 12.
334 2897 370 2927 in
388 2899 466 2927 ante
486 2898 595 2925 const.
618 2901 686 2924 om.
714 2891 818 2922 ABR.
848 2907 887 2913 —
915 2893 945 2921 et
971 2892 1008 2921 in
1033 2889 1176 2930 definita
1200 2889 1238 2920 B.
1269 2906 1306 2912 —
1335 2888 1390 2921 14.
1418 2887 1557 2919 oranda
1580 2892 1719 2920 auctore
1748 2887 1932 2920 Gulielmio
1950 2888 1997 2919 T:

251 2943 413 2973 ornanda
429 2942 509 2978 ΑΒ,
535 2938 735 2971 ordinanda
754 2939 827 2969 RE.
851 2954 887 2960 —
917 2938 971 2969 15.
1002 2940 1033 2967 et
1058 2940 1136 2968 ante
1156 2945 1178 2966 α
1197 2945 1264 2967 om.
1286 2935 1327 2966 R·
1351 2951 1389 2956 —
1417 2934 1471 2966 16.
1493 2934 1637 2976 tactum]
1658 2939 1850 2967 tractatum
1867 2935 1937 2967 AB.
1956 2950 2000 2955 ——

249 2989 305 3019 ille
324 2999 390 3020 om.
411 2989 483 3019 ΑΒ.
511 3003 544 3007 -
575 2987 630 3019 17.
657 2986 771 3016 minus
797 2989 843 3015 est
869 2989 983 3015 tamen
1000 2983 1082 3014 AB:
1112 2987 1226 3014 tamen
1250 2987 1299 3013 est
1322 2982 1436 3012 minus
1463 2983 1512 3018 R,
1540 2985 1655 3014 lamen
1677 2983 1791 3013 minus
1817 2985 1866 3012 est
1891 2982 1928 3013 Ε.
1959 2997 1995 3003 -

250 3035 307 3066 20.
337 3045 359 3065 α
383 3036 411 3065 Α
438 3035 591 3074 aliique:
620 3030 775 3072 abs(B?)
802 3031 874 3062 RE.
903 3048 942 3052 —-
970 3029 1027 3061 23.
1055 3033 1086 3060 et
1106 3034 1296 3069 praecepta
1322 3028 1364 3059 R.
1393 3045 1430 3050 —
1459 3027 1515 3059 24.
1543 3030 1634 3060 unde
1659 3029 1705 3060 ad
1731 3028 1850 3059 omnia
1873 3028 1901 3060 A
1926 3027 2000 3059 alii·

252 3089 319 3120 que
336 3104 343 3116 ,
372 3081 461 3111 unde
488 3085 518 3111 et
543 3081 660 3111 omnia
685 3079 724 3109 B.
755 3096 792 3102 —
822 3081 1027 3109 ornamenta
1052 3076 1098 3107 B:
1126 3080 1246 3107 ornate
1271 3075 1344 3106 RE.
1375 3091 1413 3096 —
1455 3079 1640 3107 sumuntur
1664 3075 1861 3107 Mulierus:
1894 3082 1999 3114 prae-

249 3132 346 3166 cepta
372 3131 555 3158 sumuntur
581 3136 659 3159 curn
686 3126 779 3156 libris
806 3125 927 3164 (etiam
954 3122 1027 3162 AB)
1053 3122 1126 3154 RE.
1158 3138 1193 3143 —
1237 3122 1292 3153 26.
1321 3124 1402 3152 sunt
1427 3121 1454 3152 B
1481 3122 1630 3163 aliique:
1658 3123 1728 3154 sint
1751 3121 1825 3152 RE.
1857 3136 1895 3142 —
1938 3120 1996 3151 26.

249 3173 359 3214 possit
384 3174 421 3203 B.
451 3191 490 3195 —
518 3173 574 3205 30.
601 3172 657 3212 iis]
686 3174 722 3204 in
747 3172 788 3203 B.
820 3188 853 3194 —
894 3179 928 3202 se
950 3171 1026 3209 pati
1050 3178 1120 3200 non
1141 3176 1239 3207 posse
1265 3169 1357 3198 vinci
1382 3168 1423 3199 Α.
1451 3169 1549 3200 Voss.
1577 3169 1705 3201 Leid.:
1747 3176 1780 3199 se
1799 3167 1882 3206 pati
1906 3168 1998 3198 vinci

250 3229 322 3250 non
341 3228 439 3258 posse
463 3219 542 3256 RE,
569 3229 602 3250 se
627 3221 718 3251 vinci
742 3219 821 3259 pati
843 3225 915 3248 non
937 3225 1035 3256 posse
1061 3225 1078 3248 e
1106 3215 1214 3246 Codd.
1244 3215 1286 3247 al.
1316 3214 1356 3245 T.
1392 3213 1456 3255 (De
1484 3216 1509 3246 B
1539 3224 1606 3247 non
1635 3211 1775 3256 liquet.)
1804 3230 1841 3237 —
1882 3212 1938 3244 33.
1968 3216 1999 3244 et

251 3270 442 3298 ceterarum
467 3265 544 3296 AB:
572 3271 831 3306 ceterarumque
856 3265 926 3295 RE.
955 3280 997 3286 ——
1023 3271 1139 3293 rerum
1165 3271 1232 3293 om.
1261 3262 1300 3292 B.
1328 3278 1368 3284 —
1410 3262 1466 3294 34.
1493 3262 1591 3294 rebus
1616 3263 1658 3293 iis
1683 3261 1736 3292 A:
1763 3259 1863 3291 rebus
1889 3260 1942 3291 his
1967 3260 1994 3291 B

252 3314 402 3352 aliique,
447 3312 496 3342 his
521 3312 592 3342 RE.
623 3329 662 3334 -—
704 3312 759 3344 36.
796 3308 909 3353 quem]
936 3311 1071 3351 quidem
1097 3309 1167 3340 AB.
1210 3325 1247 3331 —
1291 3307 1348 3340 37.
1389 3310 1472 3349 quid
1496 3309 1695 3352 magnifice,
1739 3306 1823 3348 quid
1844 3307 1901 3347 pie
1926 3315 1994 3339 om.

251 3359 324 3392 AB.
355 3376 392 3381 —
422 3357 478 3390 38.
505 3361 587 3389 sunt
613 3357 721 3390 Codd.
752 3358 822 3391 al.:
849 3359 919 3390 sint
943 3355 1029 3398 (AB)
1057 3355 1131 3388 RE.
