2117 3762
307 268 360 308 82
974 265 1042 305 AD
1073 265 1381 308 HERENNIUM

302 370 448 415 litudo.
505 374 607 413 Rem
638 369 891 413 ornatiorem
921 367 1035 417 facit,
1082 382 1175 411 cum
1214 371 1364 413 nullius
1397 372 1460 413 rei
1490 370 1569 413 nisi
1601 370 1812 424 dignitatis
1843 386 1964 414 eausa
1996 386 2064 414 su-

301 434 447 485 mitur;
480 434 753 490 apertiorem,
786 446 879 473 cum
910 431 977 480 id,
1011 431 1125 486 quod
1155 432 1206 474 sit
1236 433 1474 481 obscurius,
1506 433 1635 488 magis
1657 433 1883 475 dilucidum
1904 434 2062 484 reddit;

303 497 649 552 probabiliorem,
698 511 790 537 cum
829 494 959 548 magis
997 493 1087 535 veri
1126 494 1299 536 similem
1331 496 1446 546 saeit;
1497 503 1588 537 ante
1619 496 1761 537 oeulos
1792 496 1927 550 ponit,
1970 511 2062 537 cum

304 561 499 616 exprimit
537 559 673 603 omnia
715 556 953 612 perspicue,
1004 561 1050 597 ut
1094 570 1162 597 res
1204 570 1335 611 prope
1377 558 1509 599 dicam
1550 573 1676 600 manu
1722 561 1872 599 tentari
1917 558 2060 612 possit.

274 624 429 666 5Unius
460 623 658 676 cuiusque
690 618 854 673 generis
885 618 1045 673 singula
1075 619 1392 661 subiecissemus
1423 622 1635 677 exempla,
1670 620 1746 661 nisi
1782 619 2062 675 [exempluni],

302 685 415 742 quod
445 699 574 740 genus
605 688 734 731 esset,
771 681 814 722 in
845 681 1099 737 expolitione
1132 681 1527 724 demonstrassemus
1560 690 1600 725 et
1630 698 1772 725 causas
1803 682 1992 723 sumendi
2023 682 2065 723 111

302 747 569 789 similitudine
610 744 932 800 aperuissemus.
996 746 1134 794 Quare
1179 744 1387 786 noluimus
1426 760 1562 801 neque
1606 760 1755 802 pauca,
1807 758 1889 799 quo
1929 747 2064 785 minus

300 810 621 864 intelligeretur,
652 822 808 864 neque,
840 822 887 849 re
918 807 1145 854 intellecta,
1177 806 1296 862 plura
1326 806 1524 849 seribere.

410 875 550 926 Imago
595 876 658 913 est
699 870 860 913 formae
906 884 999 912 cum
1042 869 1177 911 forma
1216 883 1310 911 cum
1356 871 1530 924 quadam
1576 872 1844 914 similitudine
1887 871 2064 913 collatio.

249 937 410 978 :ioHaec
448 936 625 975 sumitur
665 939 735 976 aut
772 933 905 976 laudis
946 939 1014 975 aut
1058 932 1373 987 vituperationis
1413 947 1548 975 causa.
1610 935 1762 977 Laudis
1801 948 1940 980 causa,
1987 933 2062 975 sie:

297 997 386 1039 Ibat
414 996 456 1038 in
485 996 693 1052 proelium
724 1011 902 1053 corpore
924 995 1032 1037 tauri
1052 995 1321 1044 validissimi,
1354 996 1512 1050 impetu
1530 996 1662 1039 leonis
1683 998 1877 1039 acerrimi
1900 996 2061 1038 similis.

296 1059 639 1115 vituperationis,
673 1064 717 1100 ut
745 1059 788 1101 in
819 1058 962 1100 odium
993 1063 1063 1099 aut
1091 1057 1133 1098 in
1164 1057 1362 1098 invidiam
1394 1065 1463 1100 aut
1493 1059 1534 1099 in
1565 1061 1916 1114 contemptionem
1938 1058 2066 1101 addu-

296 1128 372 1164 cat.
431 1125 481 1164 Ut
510 1125 552 1163 in
582 1121 745 1171 odium,
779 1124 859 1163 hoe
889 1124 1037 1162 modo:
1069 1123 1149 1161 Iste
1182 1120 1369 1174 quotidie
1400 1135 1476 1174 per
1496 1121 1633 1162 sorum
1655 1122 1836 1164 medium
1857 1129 2065 1178 tamquam

295 1185 460 1226 iubatus
490 1184 615 1226 draco
648 1183 800 1240 serpit,
831 1183 1022 1225 dentibus
1055 1183 1239 1232 aduncis,
1273 1190 1440 1238 aspectu
1471 1183 1631 1231 rabido,
1662 1193 1865 1227 venenato
1897 1184 2062 1239 spiritu,

246 1264 281 1290 1⁵
297 1247 644 1304 circumspectans
674 1250 756 1289 huc
786 1251 827 1288 et
855 1247 973 1295 illuc,
1004 1246 1040 1287 si
1072 1259 1195 1299 quem
1226 1245 1433 1301 reperiat,
1467 1246 1531 1288 cui
1563 1247 1721 1299 aliquid
1751 1247 1848 1288 mali
1877 1246 2064 1288 faucibus

295 1309 460 1359 afflare,
501 1323 625 1366 quem
656 1324 731 1352 ore
763 1309 986 1364 attingere,
1027 1308 1219 1350 dentibus
1250 1309 1456 1356 insecare,
1497 1309 1637 1362 lingua
1668 1323 1892 1364 aspergere
1920 1308 2064 1364 possit.

293 1374 344 1414 Ut
372 1372 414 1414 in
443 1372 645 1414 invidiam
674 1371 867 1420 adducat,
900 1372 979 1413 hoc
1008 1369 1155 1412 modo:
1203 1373 1303 1420 Iste,
1335 1371 1406 1426 qui
1436 1371 1599 1413 divitias
1629 1385 1722 1412 suas
1754 1374 1929 1418 iactans,
1961 1371 2067 1412 sicut

297 1435 437 1477 Gallus
458 1449 481 1476 e
501 1435 682 1492 Phrygia
704 1440 773 1476 aut
794 1434 950 1477 ariolus
980 1433 1183 1489 quispiam
1215 1433 1437 1488 depressus
1469 1440 1509 1474 et
1539 1440 1733 1475 oneratus
1764 1447 1887 1479 auro,
1921 1432 2066 1474 clamat

295 1505 335 1539 et
364 1497 533 1540 deierat.
594 1500 643 1539 Ut
671 1497 714 1539 in
745 1495 1118 1552 contemptionem,
1159 1496 1236 1538 sic:
1271 1499 1372 1544 Iste,
1407 1497 1477 1550 qui
1509 1501 1717 1551 tamquam
1748 1496 1916 1538 cochlea
1960 1495 2066 1550 [abs-

242 1578 280 1604 20
296 1559 491 1615 condens]
524 1564 700 1603 retentat
731 1574 822 1602 sese
852 1559 1025 1608 tacitus,
1073 1572 1156 1614 quo
1198 1558 1250 1600 sit
1283 1565 1393 1601 tutus
1437 1557 1546 1613 [cum
1576 1558 1701 1601 domo
1736 1573 1822 1607 sua,
1852 1564 1899 1600 ut
1927 1572 2066 1600 come-

296 1623 440 1673 datur,
475 1622 693 1677 aufertur}

406 1688 473 1727 63.
525 1685 689 1727 Effictio
731 1691 821 1735 est,
871 1700 964 1727 cum
1005 1685 1253 1738 exprimitur
1294 1689 1417 1738 atque
1459 1683 1669 1738 effingitur
1698 1686 1837 1726 verbis
1876 1685 2064 1738 corporis

292 1751 521 1803 cuiuspiam
551 1750 708 1798 forma,
759 1751 896 1804 quoad
937 1749 1033 1789 satis
1074 1749 1125 1788 sit
1155 1749 1206 1788 ad
1236 1747 1578 1801 intelligendum,
1610 1749 1690 1788 hoc
1721 1746 1876 1789 modo:
1926 1749 2061 1795 Hunc,

292 1813 482 1861 iudices,
516 1811 640 1861 dico,
686 1814 885 1860 rubrum,
919 1813 1114 1859 brevem,
1148 1812 1364 1852 incurvum
1384 1842 1394 1859 ,
1429 1824 1595 1858 canum,
1647 1811 1939 1864 subcrispum,
1971 1824 2063 1851 cae-

243 1892 278 1917 25
294 1876 427 1925 sium,
461 1875 528 1916 cui
558 1888 656 1916 sane
686 1889 836 1929 magna
867 1880 928 1915 est
956 1875 1000 1914 in
1031 1878 1170 1915 mento
1202 1873 1396 1922 cicatrix3
1445 1873 1479 1913 si
1510 1886 1592 1927 quo
1623 1874 1749 1913 modo
1780 1878 1916 1925 potest
1945 1872 2064 1913 vobis

292 1940 336 1982 in
366 1939 613 1981 memoriam
643 1937 797 1979 redire.
859 1938 997 1977 Habet
1040 1935 1142 1976 haee
1189 1936 1412 1976 exornatio
1458 1949 1549 1974 cum
1580 1934 1827 1982 utilitatem,
1873 1935 1907 1974 si
1939 1948 2064 1989 quem

292 2003 396 2044 velis
427 2003 738 2049 demonstrare,
781 2000 869 2040 tum
908 2004 1194 2046 venustatem,
1241 1999 1275 2039 si
1313 1996 1496 2038 breviter
1536 2001 1577 2036 et
1617 1996 1795 2037 dilucide
1835 1997 1943 2038 facta
1984 2002 2059 2037 est.

292 2067 341 2106 L.
374 2063 541 2105 Notatio
573 2068 657 2112 est,
691 2076 785 2104 cum
816 2061 988 2103 alicuius
1020 2066 1165 2102 natura
1186 2060 1309 2102 certis
1331 2060 1581 2100 describitur
1602 2058 1751 2112 signis,
1785 2072 1911 2114 quae,
1943 2058 2064 2100 sicuti

292 2132 417 2168 notae
448 2127 672 2181 quaedam,
714 2130 886 2166 naturae
929 2129 1023 2165 sunt
1052 2123 1262 2164 attributa.
1325 2125 1374 2164 Ut
1411 2122 1447 2163 si
1484 2121 1585 2163 velis
1615 2135 1700 2161 non
1742 2120 1943 2171 divitem,
1991 2120 2065 2163 sed

245 2194 594 2235 aeostentatorem
636 2187 838 2242 pecuniae
877 2188 1143 2227 describere:
1192 2187 1293 2233 Iste,
1338 2184 1528 2239 inquies,
1576 2183 1760 2232 iudices,
1806 2183 1952 2238 quise
1983 2184 2063 2224 dici

295 2254 466 2294 divitem
486 2256 603 2305 putat
623 2264 712 2292 esse
733 2249 991 2304 praeclarum
1004 2280 1016 2298 ,
1050 2248 1230 2304 primum
1250 2261 1359 2288 nunc
1379 2246 1533 2294 videte,
1567 2259 1650 2301 quo
1672 2245 1788 2288 vultu
1808 2260 1883 2287 nos
1903 2245 2063 2287 intuea-

293 2322 375 2358 tur.
436 2318 583 2357 Nonne
603 2313 724 2355 vohis
746 2314 908 2354 videtur
928 2311 1087 2353 dicere:
1119 2314 1293 2359 Darem,
1317 2310 1351 2351 si
1372 2310 1472 2350 mihi
1494 2308 1658 2350 molesti
1679 2322 1763 2350 non
1785 2309 1952 2352 essetis:
1976 2332 2029 2339 —
2043 2311 2062 2349 Ἰ

296 2381 398 2422 Cum
428 2392 527 2420 vero
559 2377 724 2419 sinistra
753 2380 940 2417 mentum
970 2373 1182 2422 sublevat,
1217 2372 1422 2414 existimat
1452 2386 1494 2413 se
1526 2386 1713 2426 gemmae
1743 2371 1879 2412 nitore
1909 2376 1949 2412 et
1972 2372 2061 2412 auri

296 2441 518 2497 splendore
563 2444 753 2495 aspectus
798 2438 981 2478 omnium
1026 2435 1348 2492 praestringere.
1414 2436 1515 2476 Cum
1548 2448 1721 2490 puerum
1751 2433 1921 2489 respicit
1951 2433 2060 2475 hunc

245 2518 447 2553 351111um,
495 2516 619 2559 quem
650 2516 726 2556 ego
758 2501 855 2543 novi
887 2499 974 2554 (vos
1004 2513 1087 2541 non
1118 2496 1314 2552 arbitror)
1348 2495 1566 2552 [novisse],
1613 2497 1694 2538 alio
1723 2496 1891 2538 nomine
1921 2495 2062 2552 appel-

389 2665 423 2696 2.
453 2664 636 2695 obscurum
662 2661 710 2699 T,
737 2661 777 2692 L.
806 2678 842 2684 -
882 2661 915 2692 5.
943 2660 984 2691 V.
1013 2659 1202 2698 exemplum
1229 2658 1295 2691 del.
1318 2658 1468 2690 videtur.
1521 2657 1610 2690 Vide
1636 2657 1701 2689 Ed.
1727 2658 1891 2696 priorem.
1921 2656 1989 2688 On.
2017 2671 2060 2678 -

297 2711 331 2744 8.
358 2711 505 2744 scribere
530 2709 729 2741 PABFRT:
765 2707 975 2740 conscribere
1003 2707 1040 2738 E.
1076 2724 1112 2729 —
1149 2707 1205 2737 11.
1234 2706 1358 2736 similis
1384 2715 1453 2736 om.
1478 2704 1556 2742 FR,
1587 2713 1637 2743 pr.
1658 2705 1685 2735 Α
1713 2708 1748 2735 et
1773 2713 1861 2735 corr.
1881 2703 1929 2742 P,
1956 2703 2062 2734 simili

298 2767 350 2799 pr.
372 2760 417 2797 P,
444 2758 566 2790 similis
592 2764 679 2787 corr.
700 2755 742 2786 Α.
771 2770 813 2777 -
851 2754 908 2786 14.
937 2759 1077 2793 aspectu
1103 2753 1246 2790 rabum,
1276 2757 1445 2784 venenato
1470 2752 1598 2791 spiritu
1624 2751 1671 2781 T:
1708 2755 1847 2790 aspectu
1872 2755 2060 2789 venenato,

298 2806 425 2845 spiritu
443 2804 569 2836 rabido
587 2802 776 2834 PABFRE.
803 2818 845 2824 —-
873 2801 928 2832 16.
956 2809 1056 2840 quem
1074 2809 1132 2830 ore
1150 2801 1323 2839 attinyere
1344 2799 1546 2830 PABFRT:
1576 2806 1632 2829 ore
1650 2798 1820 2839 attingere
1846 2798 1931 2835 (om.
1947 2796 2058 2838 quem)

300 2862 377 2883 eum
403 2852 504 2883 Grut.
526 2855 560 2883 et
585 2850 732 2883 Graevio
761 2848 810 2886 E,
857 2851 916 2886 qui
945 2848 1029 2879 haec
1055 2857 1107 2880 vv.
1129 2848 1290 2883 seclusit;
1333 2847 1455 2878 eadem
1483 2846 1610 2878 delevit
1636 2844 1716 2875 Seli.
1755 2862 1792 2867 —
1838 2845 1895 2876 17.
1919 2845 2060 2875 iactans

298 2899 377 2936 PR,
405 2899 475 2930 Ers.
506 2897 659 2930 Cauch.:
698 2898 810 2928 iactat
836 2895 995 2927 AssF'iE.
1028 2912 1063 2917 —
1106 2894 1160 2924 19.
1189 2895 1226 2924 in
1251 2894 1533 2931 contemptionem
1559 2890 1713 2923 adducat
1739 2891 1778 2922 E.
1831 2891 1899 2923 Sed
1926 2896 2061 2923 nostro-

299 2955 375 2977 rum
402 2946 534 2983 nullus‚
564 2947 626 2976 etsi
652 2947 745 2977 varie
772 2947 852 2973 sunt
879 2943 1053 2979 corrupti,
1081 2942 1132 2973 vel
1154 2942 1332 2972 minimum
1353 2941 1535 2979 vestigium
1556 2939 1698 2979 praebet
1717 2947 1748 2970 v.
1770 2937 1945 2977 adducat,
1974 2946 2059 2977 quo-

301 2995 391 3023 circa
418 2993 619 3024 delevimus.
651 3008 687 3014 —
717 2989 927 3022 abscondens
954 2997 1021 3019 om.
1047 2988 1145 3019 Leid.
1167 2987 1194 3017 1.
1246 2988 1316 3019 Nos
1345 2988 1563 3018 seclusimus.
1596 3001 1634 3007 —
1662 2986 1719 3017 20.
1747 2989 1901 3016 retentat
1918 2985 1998 3016 Bit:
2027 2988 2058 3015 et

299 3043 449 3070 retentat
474 3039 523 3077 Α,
550 3041 728 3070 retentans
757 3046 806 3076 pr.
829 3036 874 3072 P,
902 3040 933 3068 et
957 3039 1135 3066 retentans
1161 3034 1246 3065 FTE
1277 3039 1310 3066 et
1336 3042 1424 3065 corr.
1448 3033 1487 3064 P.
1519 3049 1555 3055 —
1593 3041 1669 3063 cum
1697 3033 1796 3063 domo
1814 3048 1827 3053 -
1844 3047 1858 3053 -
1883 3031 2056 3071 aufertur]

301 3089 412 3117 totum
443 3085 507 3116 hoc
533 3087 715 3116 ridiculum
743 3082 913 3116 emblema
939 3091 999 3112 nos
1027 3083 1248 3113 seclusimus.
1299 3081 1437 3120 Inspice
1473 3080 1575 3111 modo
1610 3082 1793 3112 varietates
1830 3081 1864 3109 in
1894 3078 2058 3110 Graevio-

302 3131 394 3164 Oud.
433 3136 537 3171 atque
573 3133 630 3164 has
664 3137 879 3163 nostrorum:
923 3129 1094 3169 quomodo
1127 3132 1165 3159 ut
1201 3132 1293 3158 tutus
1317 3128 1389 3166 PF,
1429 3126 1671 3169 quoquomodo
1697 3127 1742 3157 sit
1767 3128 1862 3157 tutus
1888 3125 1937 3162 T,
1981 3135 2058 3156 cum

302 3179 403 3209 domo
429 3181 522 3208 totus
549 3178 598 3215 R,
627 3188 703 3209 cum
729 3179 830 3210 domo
854 3185 920 3208 sua
945 3185 1012 3207 om.
1032 3175 1117 3206 PFR
1143 3173 1222 3213 (sua
1246 3184 1313 3206 om.
1335 3175 1398 3215 B),
1436 3180 1474 3206 uc
1501 3183 1567 3205 om.
1596 3173 1698 3206 PFT,
1728 3173 1916 3204 comeditur
1941 3171 2057 3211 aufer-

300 3229 358 3256 tur
383 3225 432 3261 P,
474 3225 663 3255 comeditur
697 3229 727 3255 et
758 3225 919 3264 aufertur
951 3222 1019 3253 FT.
1056 3226 1145 3261 (cum
1170 3222 1270 3252 deuio
1297 3230 1360 3252 sua
1387 3225 1476 3252 totus
1501 3224 1539 3252 ut
1565 3220 1763 3250 comedatur
1788 3219 1947 3260 aufertur
1973 3219 2054 3250 add.

302 3281 390 3303 corr.
412 3269 469 3310 A.)
499 3287 537 3293 —
565 3272 621 3301 22.
651 3276 754 3311 atque
780 3269 979 3302 PABFRT:
1008 3271 1036 3300 el
1064 3269 1102 3299 E.
1132 3284 1169 3289 --
1198 3268 1252 3299 23.
1282 3269 1398 3307 quoad
1423 3267 1623 3299 PABFRT:
1653 3267 1745 3306 quod
1771 3265 1808 3296 E.
1842 3280 1876 3286 -—
1917 3264 1973 3296 24.
2004 3266 2056 3296 iu-

301 3320 412 3354 dices,
441 3318 518 3348 dico
545 3316 713 3349 PBFRT:
752 3319 849 3351 dico,
884 3317 1010 3348 iudices
1035 3315 1106 3346 ΑΕ.
1134 3331 1174 3337 ——
1211 3315 1266 3345 33.
1295 3314 1489 3347 sublevabit
1513 3313 1676 3346 PABRT.
1706 3329 1741 3337 —
1776 3312 1989 3344 existimabit
2013 3313 2053 3344 F.

304 3382 344 3390 —
372 3365 428 3397 35.
455 3365 590 3397 novisse
617 3373 683 3396 om.
706 3365 791 3396 PFT
818 3369 851 3397 et
875 3373 927 3404 pr.
955 3364 998 3396 A.
1049 3362 1118 3396 Nos
1144 3361 1359 3394 seclusimus.
