2117 3762
235 241 317 283 344
1039 238 1237 279 BRUTUS

235 349 307 403 qui
346 347 607 404 eloquentiae
644 357 767 386 verae
807 344 876 384 dat
914 355 1111 398 operam,
1163 346 1230 385 dat
1267 343 1533 398 prudentiae,
1581 356 1661 398 qua
1700 357 1752 384 ne
1794 344 1982 386 maximis

235 410 403 466 quidem
434 410 476 451 in
506 408 625 450 bellis
656 421 789 462 aequo
822 407 959 447 animo
991 419 1135 451 carere
1166 407 1382 461 quisquam
1420 410 1570 459 potest.
1632 406 1700 446 24.
1745 407 1985 456 Praeclare,

233 472 425 528 inquam,
474 476 619 517 Brute,
667 469 792 518 dicis,
841 482 976 523 eoque
1007 467 1138 521 magis
1168 470 1244 509 ista
1274 468 1435 510 dicendi
1467 468 1589 509 laude
1622 467 1826 517 delector,
1876 472 1987 525 quod

237 542 395 583 cetera,
445 549 550 589 quae
588 538 683 573 sunt
721 534 929 588 quondam
968 530 1110 572 hahita
1146 531 1189 571 in
1228 532 1390 574 civitate
1421 533 1727 586 pulcherrima,
1776 546 1897 572 nemo
1929 537 1991 574 est

206 604 321 639 stam
350 597 539 644 humilis,
574 598 643 650 qui
674 609 718 636 se
747 609 832 635 non
864 599 934 635 aut
961 605 1085 649 posse
1117 593 1287 646 adipisci
1318 600 1388 635 aut
1410 597 1602 650 adeptum
1624 598 1762 648 putet:
1795 593 1991 649 eloquen-

235 665 318 701 tem
347 658 555 700 neminem
585 657 707 700 video
738 656 890 698 sactum
921 670 1011 697 esse
1042 656 1228 696 victoria.
1287 658 1368 697 Sed
1398 671 1480 712 quo
1512 656 1671 698 facilius
1701 670 1840 698 sermo
1863 656 1993 712 expli-

237 727 372 770 cetur,
406 723 619 769 sedentes,
655 721 689 760 si
719 719 906 767 videtur,
941 731 1122 773 agamus.
1182 719 1282 758 Cum
1311 718 1421 760 idem
1451 720 1672 776 placuisset
1700 719 1806 769 illis,
1837 724 1923 761 tum
1949 719 1992 761 in

235 784 399 839 pratulo
431 787 602 838 propter
630 781 809 823 Platonis
840 786 1016 822 statuam
1048 779 1322 823 consedimus.

347 848 414 887 25.
463 845 541 886 Hic
580 857 682 898 ego:
735 841 923 884 Laudare
966 842 1093 897 igitur
1135 842 1413 898 eloquentiam
1453 849 1493 886 et
1526 850 1678 901 quanta
1715 845 1776 886 vis
1815 845 1868 886 sit
1906 847 1992 888 eius

188 920 224 947 10
239 920 484 962 expromere
516 912 793 962 quantamque
825 906 906 954 eiS,
949 906 1019 961 qui
1051 906 1130 946 sint
1160 920 1250 946 eam
1282 908 1513 956 consecuti,
1555 908 1793 962 dignitatem
1824 907 1990 957 afferat,

237 985 371 1026 neque
415 971 674 1026 propositum
717 968 839 1009 nobis
878 973 939 1009 est
977 969 1059 1009 hoc
1098 969 1192 1008 loco
1232 982 1366 1023 neque
1407 971 1702 1011 necessarium.
1764 972 1853 1011 Hoc
1892 984 1992 1011 vero

238 1036 326 1076 sine
367 1033 451 1075 ulla
489 1032 743 1074 dubitatione
784 1030 1137 1079 confirmaverim,
1189 1030 1276 1072 sive
1313 1030 1381 1073 illa
1413 1035 1499 1071 arte
1530 1033 1712 1083 pariatur
1742 1032 1877 1086 aliqua
1909 1033 1994 1073 sive

239 1098 536 1139 exercitatione
566 1097 743 1151 quadam
774 1097 861 1136 sive
892 1099 1057 1142 natura,
1088 1107 1176 1134 rem
1206 1106 1330 1133 unam
1362 1106 1452 1134 esse
1483 1094 1666 1134 omnium
1695 1093 1994 1138 difficillimam.

240 1161 402 1210 Quibus
432 1151 542 1200 enim
574 1173 627 1200 ex
659 1157 840 1213 quinque
869 1159 995 1199 rebus
1026 1161 1213 1198 constare
1244 1154 1417 1204 dicitur,
1452 1169 1595 1196 earum
1628 1169 1707 1196 una
1729 1170 1915 1212 quaeque
1936 1161 1998 1197 est

188 1233 225 1259 1⁵
240 1238 306 1265 ars
335 1225 424 1276 ipsa
455 1235 602 1275 magna
631 1234 706 1276 per
737 1233 840 1261 sese.
900 1221 1038 1269 Quare
1071 1218 1252 1274 quinque
1281 1219 1428 1259 artium
1452 1232 1676 1259 concursus
1697 1221 1994 1268 maximarum,

240 1291 433 1342 quantam
463 1286 545 1328 vim
579 1288 854 1339 quantamque
886 1281 1165 1323 difficultatem
1204 1280 1377 1329 habeat,
1427 1280 1652 1321 existimari
1690 1286 1840 1334 potest.
1903 1284 1992 1323 VII.

240 1352 306 1391 26.
338 1351 472 1390 Testis
503 1353 566 1389 est
596 1347 786 1394 Graecia,
823 1359 928 1401 quae
960 1359 1053 1386 cum
1085 1343 1347 1399 eloquentiae
1380 1345 1516 1384 studio
1548 1344 1599 1384 sit
1628 1343 1793 1385 incensa
1824 1343 2000 1385 iamdiu-

242 1426 321 1467 que
360 1411 535 1453 excellat
574 1410 617 1451 in
659 1423 707 1451 ea
745 1413 1006 1465 praestetque
1043 1408 1213 1453 ceteris,
1266 1411 1402 1447 tamen
1433 1419 1576 1447 omnes
1607 1411 1716 1447 artes
1747 1408 1994 1448 vetustiores

240 1474 366 1516 habet
396 1480 436 1515 et
465 1475 594 1516 multo
627 1477 720 1514 ante
751 1486 835 1513 non
862 1473 1049 1512 inventas
1075 1471 1229 1517 solum,
1261 1468 1333 1510 sed
1355 1470 1477 1510 etiam
1500 1469 1720 1522 perfectas,
1755 1483 1876 1524 quam
1898 1472 1999 1510 haec

191 1556 228 1581 20
244 1543 305 1579 est
338 1536 375 1592 [a
406 1535 587 1591 Graecis]
623 1533 835 1577 elaborata
866 1533 1028 1575 dicendi
1061 1534 1122 1573 vis
1153 1538 1274 1587 atque
1306 1531 1436 1586 copia.
1496 1533 1541 1571 In
1564 1546 1688 1585 quam
1710 1545 1802 1572 cum
1823 1532 2000 1580 intueor,

241 1600 420 1642 maxime
454 1600 553 1640 mihi
584 1603 833 1646 occurrunt,
882 1597 1041 1644 Attice,
1090 1600 1130 1636 et
1160 1595 1276 1649 quasi
1305 1594 1442 1635 lucent
1473 1596 1654 1635 Athenae
1687 1599 1802 1642 tuae,
1847 1608 1927 1649 qua
1957 1595 2000 1634 in

240 1665 345 1705 urbe
374 1663 556 1717 primum
587 1677 630 1702 se
663 1666 803 1702 orator
835 1659 980 1700 extulit
1018 1659 1282 1712 primumque
1323 1658 1447 1698 etiam
1479 1657 1758 1697 monumentis
1790 1655 1830 1697 et
1857 1656 2002 1698 litteris

243 1726 374 1768 oratio
418 1731 480 1767 est
519 1729 667 1778 coepta
703 1723 906 1765 mandari.
968 1724 1037 1763 27.
1086 1723 1240 1762 Tamen
1282 1725 1376 1760 ante
1415 1719 1642 1767 Periclem,
1695 1721 1811 1760 cuius
1850 1720 2003 1772 scripta

242 1792 443 1846 quaedam
483 1788 701 1836 feruntur,
748 1792 789 1827 et
820 1784 1126 1842 Thucydidem,
1176 1784 1246 1838 qui
1277 1796 1361 1823 non
1391 1783 1652 1823 nascentibus
1690 1781 1884 1829 Athenis,
1931 1781 2004 1822 sed

191 1854 322 1896 25iam
369 1851 519 1893 adultis
558 1849 746 1895 suerunt,
797 1849 933 1889 littera
974 1846 1086 1888 nulla
1125 1851 1207 1893 est,
1255 1859 1359 1901 quae
1401 1845 1567 1900 quidem
1599 1850 1791 1886 ornatum
1824 1844 2001 1900 aliquem

241 1915 390 1957 habeat
421 1920 461 1957 et
490 1912 667 1956 oratoris
698 1926 787 1953 esse
818 1912 1025 1952 videatur.
1089 1910 1348 1964 Quamquam
1395 1909 1536 1963 opinio
1579 1915 1640 1950 est
1679 1914 1719 1949 et
1759 1921 1879 1956 eum,
1932 1907 2002 1962 qui

241 1980 380 2020 multis
411 1977 528 2019 annis
561 1981 654 2017 ante
684 1974 760 2016 hos
791 1973 937 2022 fuerit,
970 1972 1224 2013 Pisistratum
1256 1977 1295 2012 et
1325 1971 1462 2026 paullo
1494 1972 1703 2012 seniorem
1735 1971 1856 2011 etiam
1886 1970 2004 2011 Solo-

240 2056 335 2083 nem
367 2046 593 2096 posteaque
625 2038 876 2081 Clisthenem
907 2038 1105 2083 multum,
1139 2040 1184 2075 ut
1204 2036 1459 2089 temporibus
1480 2033 1581 2081 illis,
1613 2033 1791 2075 valuisse
1813 2033 2001 2073 dicendo.

243 2106 311 2144 28.
356 2106 454 2144 Post
490 2104 597 2143 hanc
637 2106 812 2143 aetatem
852 2100 1009 2156 aliquot
1037 2096 1176 2145 annis,
1225 2101 1269 2137 ut
1299 2110 1353 2136 ex
1383 2095 1527 2136 Atticis
1557 2096 1837 2136 monumentis
1867 2097 2005 2147 potest

193 2167 442 2222 30perspici‚
490 2164 787 2207 Themistocles
829 2162 927 2210 fuit,
973 2174 1096 2216 quem
1139 2164 1299 2200 constat
1339 2173 1433 2199 cum
1471 2158 1713 2211 prudentia,
1762 2163 1849 2198 tum
1880 2158 2003 2197 etiam

243 2227 480 2282 eloquentia
512 2228 790 2282 praestitisse;
821 2231 916 2281 post
946 2223 1144 2269 Pericles,
1179 2224 1249 2277 qui
1280 2235 1372 2262 cum
1403 2220 1572 2262 floreret
1602 2222 1715 2261 omni
1747 2233 1900 2275 genere
1921 2219 2004 2260 vir-

242 2292 365 2347 tutis,
401 2292 479 2331 hac
508 2296 648 2331 tamen
677 2288 754 2330 fuit
783 2287 905 2329 laude
937 2287 1196 2329 clarissimus.
1256 2286 1451 2326 Cleonem
1483 2284 1607 2324 etiam
1638 2281 1894 2338 temporibus
1924 2283 2004 2323 illis

242 2352 527 2394 turbulentum
559 2352 675 2394 illum
708 2351 877 2405 quidem
909 2349 1066 2397 civem,
1105 2350 1177 2389 sed
1209 2353 1347 2388 tamen
1379 2347 1642 2400 eloquentem
1674 2350 1830 2386 constat
1859 2344 2000 2385 fuisse.

241 2418 309 2458 29.
340 2417 447 2457 Huic
479 2415 601 2457 aetati
633 2427 833 2469 suppares
865 2410 1118 2459 Alcibiades,
1163 2410 1326 2456 Critias,
1369 2412 1673 2457 Theramenem
1725 2407 1874 2462 quihus
1903 2413 2006 2447 tem-

194 2479 416 2535 asporibus
458 2480 570 2534 quod
611 2476 773 2518 dicendi
815 2489 943 2531 genus
983 2475 1187 2529 viguerit,
1239 2488 1290 2513 ex
1321 2466 1550 2527 Thucydidi
1582 2470 1762 2525 scriptis,
1815 2469 1885 2524 qui
1914 2470 2003 2522 ipse

242 2548 332 2584 tum
362 2540 464 2589 fuit,
496 2540 669 2593 intelligi
700 2538 880 2580 maxime
911 2543 1060 2593 potest.
1121 2535 1304 2577 Grandes
1335 2542 1452 2576 erant
1482 2533 1642 2581 verbis,
1676 2532 1811 2573 crebri
1842 2537 2005 2572 senten-

243 2605 329 2652 tiis,
377 2605 687 2659 compressione
725 2615 865 2643 rerum
912 2600 1063 2642 breves
1105 2605 1147 2640 et
1182 2597 1236 2639 ob
1277 2612 1366 2639 eam
1410 2597 1544 2651 ipsam
1588 2609 1753 2636 causam
1795 2594 2004 2635 interdum

243 2666 506 2709 subobscuri.
568 2667 678 2708 VIII.
713 2668 780 2706 30.
835 2665 915 2705 Sed
956 2668 1000 2703 ut
1040 2663 1294 2702 intellectum
1336 2666 1415 2708 est,
1467 2664 1659 2715 quantam
1702 2658 1786 2699 vim
1831 2655 2005 2698 haberet

244 2735 433 2771 accurata
464 2735 503 2770 et
533 2727 641 2769 facta
671 2729 851 2784 quodam
884 2724 1009 2766 modo
1041 2724 1198 2772 oratio,
1232 2729 1317 2764 tum
1349 2724 1471 2763 etiam
1495 2722 1678 2774 magistri
1700 2719 1862 2761 dicendi
1887 2718 2004 2759 multi

193 2812 230 2838 40
244 2793 379 2835 subito
411 2791 671 2833 exstiterunt.
733 2793 837 2831 Tum
860 2789 1088 2830 Leontinus
1114 2787 1305 2841 Gorgias,
1340 2785 1669 2842 Thrasymachus
1693 2781 2003 2829 Calchedonius,

338 2963 394 2993 10.
422 2961 613 3000 exprimere
640 2958 707 2991 Gu.
736 2959 769 2990 2.
801 2958 924 2990 Dresd.
951 2957 1065 2989 Peter.
1100 2973 1141 2978 —
1180 2957 1226 2988 eis
1254 2955 1364 2987 Codd.
1393 2952 1615 2991 complures:
1643 2952 1686 2982 iis
1710 2951 1750 2982 E.
1779 2965 1822 2972 —-
1851 2953 1933 2981 sunt
1958 2948 2001 2986 Ι),

247 3008 315 3039 Gu.
345 3010 377 3040 1.
406 3007 676 3039 Coniunctivum
703 3006 833 3038 habent
859 3004 968 3036 Codd.
1000 3002 1158 3043 plerique
1191 3008 1224 3034 et
1249 3003 1291 3034 R.
1336 3018 1370 3023 -
1413 3002 1468 3031 11.
1497 2996 1591 3038 vero]
1629 3006 1690 3038 eqo
1717 2997 1761 3029 D.
1803 2996 1870 3028 Gu.
1900 2997 1932 3027 1.
1961 3012 2004 3018 —

247 3055 302 3085 16.
331 3055 454 3086 habeat
479 3055 626 3086 Lamb.:
655 3053 807 3084 habeant
834 3052 891 3083 RE
920 3060 997 3082 cum
1025 3050 1135 3082 Codd.
1165 3051 1265 3081 notis.
1297 3064 1337 3070 —
1364 3048 1420 3079 20.
1450 3047 1512 3079 Vv.
1543 3055 1564 3076 a
1590 3043 1731 3076 Graecis
1759 3052 1834 3075 cum
1861 3044 2002 3083 Meyero

246 3101 386 3132 seclusit
412 3102 453 3133 T.
479 3095 523 3124 “-
562 3101 618 3133 29.
648 3100 754 3132 Attici
780 3099 890 3130 Codd.
921 3100 991 3129 noti
1020 3102 1053 3128 et
1077 3097 1119 3128 R.
1150 3095 1306 3127 Correxit
1332 3094 1451 3126 Lamb.
1495 3109 1535 3114 —
1577 3091 1634 3123 35.
1664 3090 1854 3130 Thucydidi
1878 3090 1937 3129 Lg.
1966 3087 2000 3119 8.

247 3147 303 3179 51.
344 3147 487 3178 Ven.1.
518 3148 595 3183 alii,
636 3148 716 3178 RB:
762 3146 969 3187 Thucydidis
1008 3144 1048 3175 E.
1091 3160 1127 3164 —
1173 3142 1228 3173 37.
1258 3137 1519 3179 compressione]
1561 3138 1807 3177 compositione
1833 3137 1892 3176 Lg.
1919 3133 2001 3171 58.,

248 3194 547 3233 comprehensione
573 3195 721 3231 Dresd.‚
758 3195 840 3225 item
868 3192 1013 3223 Criticus
1053 3187 1228 3229 (Cuiaeius
1254 3188 1306 3220 vel
1335 3183 1556 3227 Bongarsius)
1594 3187 1629 3217 in
1656 3193 1721 3225 mg.
1746 3183 1867 3214 Lamb.
1896 3180 1999 3213 1566.

248 3242 283 3272 in
310 3240 400 3270 Bibl.
429 3241 594 3272 Beruensi
612 3266 619 3278 ‚
649 3249 769 3273 rursus
789 3240 964 3272 Gesnerus
992 3240 1025 3271 in
1045 3237 1151 3269 Thes.
1167 3259 1175 3274 ,
1205 3235 1284 3266 Sch.
1307 3235 1404 3274 prob.
1425 3231 1663 3273 Bernhardyo.
1690 3233 1736 3262 At
1754 3230 1830 3261 vide
1850 3227 2001 3260 Ellendt.

251 3303 289 3310 -
316 3286 374 3317 [40.
403 3285 648 3320 Calchedonius
674 3289 735 3329 Lg.
764 3288 797 3319 8.
825 3287 882 3319 51.
908 3286 965 3318 58.
1003 3285 1092 3317 Ven.
1123 3284 1155 3314 1.
1185 3282 1304 3314 ottob.
1332 3281 1383 3319 T,
1421 3285 1459 3313 ut
1495 3280 1604 3311 lnscr.
1633 3288 1679 3310 m.
1708 3277 1782 3309 Lat.
1818 3275 1861 3308 N.
1888 3275 1997 3306 545.:

250 3332 493 3367 Chalcedonius
518 3333 557 3365 E.
