2117 3762
796 268 894 308 LIB.
927 267 975 308 ΙΙ.
1036 266 1078 307 C.
1110 268 1176 307 61.
1207 269 1273 309 62.
1808 271 1885 310 271

141 376 250 431 quod
281 375 322 416 in
353 374 647 416 claudicatione
672 372 946 414 animadverti
968 374 1121 427 potuit,
1152 378 1212 413 est
1233 374 1416 414 ductum.
1479 371 1612 422 Quid
1641 373 1735 413 hoc
1767 375 1889 414 Nae-

141 439 225 479 vio
256 437 528 491 ignavius?
579 449 722 478 severe
754 436 918 488 Scipio;
965 441 1005 474 at
1041 436 1081 475 iu
1110 436 1214 475 male
1243 435 1442 482 olentem,
1494 433 1653 477 Video
1685 448 1759 475 me
1792 448 1814 474 a
1844 442 1889 476 te

141 500 544 548 circumveniri,
593 496 845 540 subridicule
893 497 1114 552 Philippus.
1183 500 1233 538 At
1276 505 1495 552 utrumque
1537 510 1666 551 genus
1708 498 1890 537 continet

140 565 256 605 verbi
278 566 328 604 ad
346 563 522 604 litteram
550 559 752 602 immutati
781 559 1021 601 similitudo.
1083 561 1177 600 250.
1208 563 1271 602 Ex
1302 560 1496 612 ambiguo
1529 558 1636 600 dicta
1673 559 1736 600 vel
1769 573 1892 612 argu-

141 626 294 667 tissima
321 632 537 681 putantur,
570 622 643 665 Sed
670 637 751 663 non
782 636 944 677 semper
975 624 1014 663 in
1048 623 1163 668 ioco,
1195 637 1316 678 saepe
1347 625 1468 664 etiam
1499 622 1541 663 in
1573 621 1768 675 gravitate
1801 635 1923 662 ver-5

141 695 292 729 santur.
351 687 545 729 Africano
575 686 632 727 illi
662 686 866 737 superiori
895 697 1090 726 coronam
1115 684 1193 725 sibi
1223 687 1263 726 in
1291 685 1482 726 convivio
1508 683 1559 725 ad
1584 689 1705 739 caput
1733 697 1894 725 accom-

141 750 345 797 modanti,
376 762 469 790 cum
490 762 538 789 ea
569 746 732 800 saepius
764 754 1044 803 rumperetur,
1077 747 1121 786 P.
1146 747 1326 789 Licinius
1356 749 1513 795 Varus,
1545 746 1660 788 Noli
1691 746 1894 794 mirari,

142 813 294 867 inquit,
336 813 377 853 si
407 824 507 852 non
538 811 815 859 convenit3
858 817 1010 866 caput
1040 814 1175 853 enini
1207 823 1444 863 magnum
1476 815 1570 851 est:
1616 807 1823 850 laudabile
1857 813 1897 850 et

142 877 375 917 honestum.
434 875 486 914 At
514 887 567 914 ex
595 871 739 913 eodem
771 887 922 924 genere
955 881 1035 916 est:
1086 873 1269 915 Calvus
1301 873 1432 913 satis
1463 877 1562 920 est,
1595 871 1734 927 quod
1764 871 1897 914 dicit

141 951 332 994 parum.
388 938 449 977 Ne
471 934 621 977 multa:
651 934 806 975 nullum
833 949 961 989 genus
988 943 1050 977 est
1076 936 1175 983 ioci,
1207 949 1288 990 quo
1321 948 1404 974 non
1437 949 1490 974 ex
1516 933 1662 975 eodem
1692 947 1835 975 severa
1856 940 1946 975 etio

141 1001 281 1055 gravia
309 1004 536 1041 sumantur.
598 999 691 1038 251.
723 999 856 1052 Atque
889 999 970 1039 hoc
1000 999 1121 1039 etiam
1153 995 1562 1039 animadvertendum
1588 1002 1669 1044 est,
1699 1010 1783 1038 non
1805 1010 1894 1038 esse

141 1063 279 1104 omnia
319 1059 493 1103 ridicula
534 1060 680 1101 faceta.
745 1061 854 1109 Quid
901 1062 1009 1102 enim
1049 1066 1186 1116 potest
1227 1073 1316 1101 esse
1356 1064 1439 1100 tam
1477 1058 1720 1107 ridiculum,
1771 1073 1895 1114 quam

141 1125 286 1165 sannio
317 1126 407 1164 est‘l
453 1124 534 1163 Sed
565 1136 659 1171 ore,
694 1122 830 1171 vultu,
862 1121 1069 1164 imitandis
1100 1120 1310 1171 moribus,
1343 1134 1470 1169 voce,
1509 1123 1687 1176 denique
1718 1135 1896 1175 corpore

141 1184 300 1228 ridetur
328 1185 435 1239 ipso.
498 1187 657 1226 Salsum
689 1186 798 1226 hunc
827 1198 995 1240 possum
1027 1188 1164 1227 dicere
1201 1191 1324 1238 atque
1360 1185 1439 1232 ita,
1487 1197 1570 1224 non
1608 1189 1653 1223 ut
1692 1183 1896 1225 eiusmodi

142 1254 352 1291 oratorem
374 1262 464 1290 esse
484 1248 634 1297 velim,
668 1246 741 1289 sed
772 1253 816 1288 ut
846 1249 1032 1290 mimum.
1093 1250 1221 1290 LXII.
1257 1249 1396 1297 Quare
1427 1248 1606 1301 primum
1639 1261 1768 1301 genus
1798 1248 1945 1295 hoc,1;

143 1309 256 1366 quod
285 1312 414 1353 risum
445 1310 511 1352 vel
542 1312 720 1351 maxime
752 1316 915 1360 movet,
948 1326 1033 1352 non
1063 1316 1124 1352 est
1152 1315 1365 1352 nostrum:
1418 1323 1660 1358 morosum,
1701 1311 1900 1363 supersti-

142 1373 313 1422 tiosum,
347 1373 646 1426 suspiciosum,
680 1373 935 1426 gloriosum,
969 1374 1161 1424 stultum;
1192 1379 1365 1414 naturae
1394 1373 1580 1412 ridentur
1610 1372 1750 1426 ipsae:
1794 1385 1894 1427 quas

142 1448 342 1492 personas
373 1438 529 1490 agitare
560 1435 766 1484 solemus,
816 1449 900 1476 non
930 1436 1151 1478 sustinere.
1212 1438 1309 1476 252.
1341 1433 1526 1476 Alterum
1557 1446 1688 1488 genus
1720 1439 1782 1475 est
1811 1433 1902 1475 imi-

142 1500 324 1549 tatione3
377 1498 602 1540 admodum
632 1497 879 1547 ridiculum,
928 1500 1001 1539 sed
1032 1497 1153 1540 nobis
1183 1503 1341 1539 tantum
1371 1496 1469 1538 licet
1497 1495 1638 1538 furtim
1671 1496 1703 1537 si
1735 1498 1899 1553 quando

144 1567 185 1603 et
213 1562 386 1611 cursim3
439 1562 561 1602 aliter
591 1559 701 1601 enim
732 1559 902 1601 minime
934 1567 996 1602 est
1025 1560 1224 1610 liberale3
1276 1561 1469 1608 tertium,
1516 1559 1600 1600 oris
1631 1558 1951 1612 depravatio,20

143 1638 228 1665 non
259 1625 381 1678 digna
410 1624 557 1673 nobis;
590 1628 806 1677 quartum,
840 1622 1124 1670 obscoenitas,
1157 1635 1242 1664 non
1271 1621 1405 1663 solum
1435 1635 1519 1662 non
1551 1620 1645 1663 foro
1676 1623 1799 1675 digna
1829 1623 1902 1663 sed

143 1688 215 1728 vix
244 1687 433 1728 convivio
465 1687 712 1727 liberorum.
773 1688 975 1727 Detractis
997 1687 1122 1742 igitur
1144 1690 1206 1727 tot
1225 1684 1347 1726 rebus
1375 1699 1429 1726 ex
1458 1685 1539 1725 hoc
1571 1684 1755 1726 oratorio
1785 1685 1900 1732 loco,

143 1748 315 1790 facetiae
346 1750 529 1804 reliquae
560 1754 677 1796 sunt,
718 1761 824 1803 quae
855 1754 926 1790 aut
954 1748 995 1790 in
1024 1763 1092 1795 re,
1133 1754 1183 1788 ut
1215 1753 1309 1789 ante
1340 1747 1481 1795 divisi,
1521 1747 1683 1800 positae
1711 1746 1903 1787 videntur

146 1824 236 1853 esse
266 1813 407 1852 autin
437 1813 583 1853 verbo.
641 1813 743 1851 Nam
784 1813 920 1866 quod,
969 1811 1283 1866 quibuscunque
1319 1808 1458 1851 verbis
1499 1809 1678 1858 dixeris,
1724 1808 1900 1850 facetum

143 1879 282 1915 tamen
311 1879 394 1921 est,
432 1887 478 1914 re
508 1874 764 1924 continetur3
815 1872 928 1929 quod
956 1875 1122 1916 mutatis
1151 1871 1290 1916 verbis
1321 1871 1448 1914 salem
1477 1871 1648 1920 amittit,
1689 1869 1733 1912 in
1763 1870 1900 1912 verbis
1916 1887 1950 1912 25

144 1936 273 1978 habet
301 1935 489 1989 leporem
521 1949 704 1976 omnem.

259 1997 356 2039 253.
402 1996 607 2051 Ambigua
646 2002 740 2038 sunt
767 1995 974 2053 imprimis
1004 2003 1122 2039 acuta
1152 2002 1274 2053 atque
1303 1998 1346 2039 in
1374 1995 1505 2039 verbo
1534 1996 1670 2052 posita
1688 2028 1700 2046 ,
1745 2009 1831 2039 non
1860 1996 1904 2037 in

145 2073 216 2110 re;
264 2061 337 2102 sed
374 2073 459 2102 non
489 2074 613 2114 saepe
644 2074 840 2114 magnum
871 2060 999 2101 risum
1030 2067 1223 2111 movent;
1265 2059 1398 2114 magis
1436 2065 1482 2101 ut
1519 2061 1628 2101 belle
1660 2065 1701 2100 et
1727 2058 1904 2101 litterate

147 2122 256 2164 dicta
283 2123 525 2174 laudantur;
573 2128 619 2164 ut
649 2123 750 2165 illud
794 2124 838 2164 in
876 2123 1057 2173 Titium,
1101 2123 1173 2178 qui
1214 2137 1308 2164 cum
1348 2122 1531 2164 studiose
1561 2122 1646 2178 pila
1673 2122 1837 2163 luderet
1866 2125 1907 2161 et

146 2187 259 2228 idem
290 2187 405 2240 signa
434 2199 553 2228 sacra
582 2191 709 2227 noctu
739 2186 932 2240 frangere
962 2192 1177 2242 putaretur
1206 2185 1498 2241 gregalesque,
1529 2199 1622 2227 cum
1651 2184 1695 2226 in
1716 2196 1905 2237 campum
1917 2198 1952 2223 30

147 2262 232 2290 non
252 2248 455 2297 venisset,
488 2248 768 2303 requirerent,
787 2272 842 2280 —
866 2251 1078 2291 excusavit
1097 2252 1233 2302 Vespa
1252 2248 1497 2298 Terentius,
1530 2249 1643 2304 quod
1674 2260 1768 2288 eum
1797 2248 1907 2288 bra-

150 2309 322 2352 chium
352 2310 580 2364 fregisse
612 2310 796 2361 diceret;
827 2316 874 2353 ut
901 2310 1006 2353 illud
1034 2310 1244 2361 Africani,
1275 2310 1388 2367 quod
1419 2317 1481 2353 est
1509 2310 1619 2365 apud
1647 2309 1874 2352 Lucilium:

321 2392 457 2443 Quid?
486 2393 652 2441 Decius,
683 2393 869 2433 nuculam
899 2405 953 2434 an
981 2395 1181 2447 confixum
1207 2394 1269 2434 vis
1292 2394 1424 2447 facere
1442 2395 1461 2434 ?
1489 2394 1633 2448 inquit.

150 2473 246 2516 251».
280 2475 331 2516 Ut
358 2478 452 2516 tuus
483 2473 663 2523 amicus,
711 2474 879 2523 Crasse,
923 2475 1120 2525 Granius,
1160 2488 1260 2517 non
1290 2488 1406 2517 esse
1437 2474 1706 2517 sextantis.
1762 2475 1838 2522 Et,
1871 2473 1904 2513 si

151 2536 376 2593 quaeritis,
423 2538 480 2584 is,
527 2536 596 2590 qui
626 2536 855 2592 appellatur
885 2535 1025 2586 dicax,
1069 2539 1150 2579 hoc
1179 2550 1331 2592 genere
1371 2537 1549 2579 maxime
1591 2536 1788 2586 excellet;
1832 2536 1904 2577 sed
1919 2544 1953 2571 ³5

151 2599 260 2642 risus
296 2605 464 2641 movent
504 2600 584 2640 alia
624 2602 819 2641 maiores.
880 2599 1132 2654 Ambiguum
1161 2612 1239 2653 per
1268 2614 1311 2641 se
1342 2601 1478 2655 ipsum
1508 2601 1707 2656 probatur
1745 2600 1786 2639 id
1816 2597 1906 2652 qui-

153 2661 270 2711 dem,
310 2668 357 2704 ut
395 2667 488 2704 ante
527 2662 638 2711 dixi,
682 2663 750 2704 vel
788 2662 990 2714 maxime;
1039 2661 1242 2717 ingeniosi
1273 2663 1382 2704 enim
1411 2661 1576 2705 videtur
1605 2662 1689 2703 vim
1719 2657 1832 2702 verbi
1863 2660 1905 2700 in

155 2723 289 2774 aliud,
335 2729 457 2780 atque
499 2724 630 2767 ceteri
667 2724 896 2779 accipiant,
939 2739 1062 2781 posse
1101 2727 1284 2777 ducere;
1329 2727 1403 2767 sed
1434 2725 1744 2766 admirationem
1776 2723 1906 2776 magis

156 2800 279 2842 quam
323 2789 454 2830 risum
497 2793 660 2835 movet,
709 2787 788 2829 nisi
833 2789 867 2829 si
911 2787 1074 2844 quando
1121 2787 1268 2830 incidit
1309 2787 1353 2829 in
1399 2787 1509 2829 aliud
1553 2801 1680 2842 genus
1724 2784 1903 2826 ridiculi.

247 2901 285 2934 4.
309 2900 376 2944 vel]
403 2911 487 2935 vera
512 2903 553 2936 B.
583 2921 620 2927 -
659 2904 692 2935 5.
721 2904 824 2935 etiam
849 2906 881 2934 et
905 2903 1083 2943 yravitate
1107 2901 1148 2934 B.
1188 2919 1226 2925 —
1271 2901 1305 2934 6.
1333 2902 1507 2942 superiori
1531 2901 1558 2932 B
1583 2900 1735 2940 ultique:
1777 2897 1908 2929 maiori

157 2950 230 2982 RE.
258 2965 300 2972 —·
325 2949 358 2980 8.
385 2958 549 2992 magnum
573 2954 605 2982 et
629 2950 805 2982 laudabile
831 2949 857 2980 B
874 2972 882 2986 ,
908 2957 1072 2990 maynum
1096 2952 1171 2981 est:
1197 2952 1228 2980 et
1253 2948 1429 2980 laudabile
1455 2948 1497 2979 R.
1530 2961 1565 2967 -
1603 2947 1658 2978 11.
1686 2945 1907 2977 animadver-

159 2996 296 3030 tendum
321 3000 369 3028 est
394 2995 506 3028 Codd.
533 2996 578 3029 al.
596 3021 606 3036 ,
634 2997 686 3028 R:
716 2995 1063 3029 animadvertendum
1089 2994 1127 3026 E.
1157 3012 1195 3019 —
1224 2995 1281 3026 12.
1311 3003 1377 3026 esse
1401 3003 1468 3026 om.
1496 2993 1535 3024 B.
1558 3009 1598 3014 —
1626 2992 1682 3024 13.
1709 2991 1844 3024 Sannio
1863 2991 1905 3022 E.

161 3059 201 3068 -
230 3051 375 3083 corpore
398 3043 532 3074 ridetur
556 3045 632 3083 ipso
647 3044 781 3077 Nonius
802 3045 835 3074 in
854 3052 885 3076 v.
904 3043 1111 3079 sanniones,
1130 3041 1157 3073 B
1175 3042 1304 3082 alinue
1320 3050 1329 3072 z
1357 3042 1433 3081 ipso
1452 3047 1596 3079 corpore
1613 3039 1751 3070 ridetur
1767 3038 1838 3070 RE.
1859 3052 1908 3061 —

161 3091 217 3124 14.
240 3097 376 3130 possem
401 3089 443 3121 R.
473 3105 513 3112 —
542 3090 598 3121 14.
624 3095 663 3122 ut
687 3099 759 3123 non
783 3090 826 3121 R.
856 3106 891 3112 -
923 3088 979 3122 17.
1005 3088 1229 3127 suspiciosum
1257 3097 1327 3120 om.
1355 3087 1395 3119 B.
1425 3102 1464 3109 --
1503 3086 1557 3117 18.
1585 3086 1761 3124 imitatio;
1788 3085 1908 3116 admo-

161 3137 242 3168 dum
270 3135 476 3174 sebonius,
502 3136 733 3176 imitationis,
761 3135 948 3169 admodum
973 3135 1113 3166 Bakius.
1142 3151 1182 3157 —
1208 3135 1266 3166 20.
1294 3134 1398 3166 aliter
1425 3130 1526 3172 enim]
1555 3132 1658 3164 aliter
1681 3132 1732 3169 Β.
1760 3131 1932 3163 alterum-

161 3184 203 3216 R.
229 3199 274 3205 —
297 3184 354 3214 22.
381 3183 456 3214 ioco
482 3182 520 3213 B.
550 3199 588 3205 —-
615 3183 672 3215 23.
698 3181 750 3224 ut]
777 3182 1062 3224 quemadmodum
1087 3181 1129 3212 R.
1152 3198 1188 3204 —
1217 3181 1275 3214 25.
1305 3184 1419 3211 tamen
1444 3180 1482 3210 in
1505 3187 1541 3211 re
1559 3178 1599 3210 B.
1622 3195 1659 3202 —
1687 3179 1744 3211 26.
1773 3187 1908 3210 omnem

162 3231 310 3270 leporem
347 3238 386 3262 ex
418 3227 526 3260 tribus
551 3228 635 3270 Lag.
671 3230 713 3261 Τ.
741 3246 786 3252 -
817 3229 874 3261 29.
903 3228 992 3260 illud
1023 3229 1060 3259 in
1087 3228 1218 3259 Titium
1241 3226 1444 3259 Manutius:
1483 3225 1521 3256 in
1552 3225 1651 3257 illum
1677 3225 1805 3257 Titium
1831 3225 1906 3256 libri

163 3275 279 3317 (etlam
300 3276 366 3316 B),
393 3276 462 3307 RE.
481 3289 522 3298 —
548 3274 622 3316 qui]
650 3284 746 3317 quem
763 3275 906 3308 Pearcto
924 3280 1064 3307 auctore
1089 3273 1129 3305 E.
1150 3290 1192 3296 —-
1218 3272 1275 3305 30.
1300 3273 1525 3314 qreqalesque
1549 3280 1644 3307 eum,
1670 3281 1732 3304 cur
1747 3273 1786 3303 in
1803 3272 1843 3302 B.
1864 3285 1906 3294 --

163 3323 220 3355 33.
246 3323 416 3356 Nuculam
447 3321 518 3354 ET.
558 3338 594 3345 —
630 3322 686 3355 34.
722 3323 866 3363 yravius
891 3322 933 3353 R.
969 3339 1010 3344 —
1047 3320 1104 3354 36.
1130 3321 1167 3353 id
1191 3320 1282 3361 quod
1305 3323 1342 3352 uc
1368 3320 1409 3352 Β.
1442 3335 1486 3341 -
1526 3317 1583 3352 37.
1607 3319 1772 3352 videntur
1796 3318 1837 3351 B.
1864 3330 1908 3342 —-

164 3370 222 3403 38.
248 3379 289 3404 ac
313 3370 355 3404 R.
383 3385 424 3395 —
450 3370 560 3402 dicere
584 3368 625 3402 R.
655 3385 691 3393 -
722 3369 779 3402 39.
804 3371 941 3402 movent
963 3368 1004 3401 Β.
