<?xml version="1.0" encoding="UTF-8"?>
<!DOCTYPE html PUBLIC "-//W3C//DTD XHTML 1.0 Transitional//EN"
    "http://www.w3.org/TR/xhtml1/DTD/xhtml1-transitional.dtd">
<html xmlns="http://www.w3.org/1999/xhtml" xml:lang="en" lang="en">
 <head>
  <title>
</title>
<meta http-equiv="Content-Type" content="text/html;charset=utf-8" />
  <meta name='ocr-system' content='tesseract 3.04.00' />
  <meta name='ocr-capabilities' content='ocr_page ocr_carea ocr_par ocr_line ocrx_word'/>
</head>
<body>
  <div class='ocr_page' id='page_1' title='image "./operaquaesupersu01ciceuoft_0171.png"; bbox 0 0 2117 3762; ppageno 0'>
   <div class='ocr_carea' id='block_1_1' title="bbox 711 261 1857 305">
    <p class='ocr_par' dir='ltr' id='par_1_1' title="bbox 711 261 1857 305">
     <span class='ocr_line' id='line_1_1' title="bbox 711 261 1857 305; baseline 0.001 -3"><span class='ocrx_word' id='word_1_1' title='bbox 711 263 808 302; x_wconf 91' lang='lat' dir='ltr'>LlB.</span> <span class='ocrx_word' id='word_1_2' title='bbox 841 261 894 301; x_wconf 87' lang='grc' dir='ltr'>ΙΙ.</span> <span class='ocrx_word' id='word_1_3' title='bbox 957 262 1001 303; x_wconf 90' lang='lat' dir='ltr'>C.</span> <span class='ocrx_word' id='word_1_4' title='bbox 1036 261 1101 303; x_wconf 58' lang='grc'><strong>41.</strong></span> <span class='ocrx_word' id='word_1_5' title='bbox 1134 262 1198 303; x_wconf 58' lang='lat'>522.</span> <span class='ocrx_word' id='word_1_6' title='bbox 1230 263 1296 303; x_wconf 68' lang='lat'>43.</span> <span class='ocrx_word' id='word_1_7' title='bbox 1780 265 1857 305; x_wconf 77' lang='lat'>150</span> 
     </span>
    </p>
   </div>
   <div class='ocr_carea' id='block_1_2' title="bbox 105 364 1929 2550">
    <p class='ocr_par' dir='ltr' id='par_1_2' title="bbox 105 364 1922 1796">
     <span class='ocr_line' id='line_1_2' title="bbox 106 364 1861 418; baseline 0.001 -9"><span class='ocrx_word' id='word_1_8' title='bbox 106 378 316 413; x_wconf 64' lang='lat' dir='ltr'>aionirvn,</span> <span class='ocrx_word' id='word_1_9' title='bbox 350 378 469 414; x_wconf 68' lang='lat' dir='ltr'>QVAM</span> <span class='ocrx_word' id='word_1_10' title='bbox 502 379 544 408; x_wconf 72' lang='lat' dir='ltr'>n·</span> <span class='ocrx_word' id='word_1_11' title='bbox 573 378 770 406; x_wconf 73' lang='lat' dir='ltr'>TvTELAM</span> <span class='ocrx_word' id='word_1_12' title='bbox 801 379 914 407; x_wconf 68' lang='lat' dir='ltr'>svm</span> <span class='ocrx_word' id='word_1_13' title='bbox 948 380 1143 416; x_wconf 58' lang='grc' dir='ltr'>γεκκιιιτ,</span> <span class='ocrx_word' id='word_1_14' title='bbox 1176 381 1267 409; x_wconf 70' lang='lat' dir='ltr'>Tvn</span> <span class='ocrx_word' id='word_1_15' title='bbox 1300 379 1413 414; x_wconf 76' lang='lat' dir='ltr'>mul,</span> <span class='ocrx_word' id='word_1_16' title='bbox 1444 366 1473 418; x_wconf 46' lang='grc' dir='ltr'><strong><em>ἦ</em></strong></span> <span class='ocrx_word' id='word_1_17' title='bbox 1495 364 1675 414; x_wconf 89' lang='lat' dir='ltr'>dicebat,</span> <span class='ocrx_word' id='word_1_18' title='bbox 1708 379 1861 410; x_wconf 66' lang='lat' dir='ltr'>secvx-</span> 
     </span>
     <span class='ocr_line' id='line_1_3' title="bbox 105 427 1859 485; baseline 0.001 -15"><span class='ocrx_word' id='word_1_19' title='bbox 105 442 189 471; x_wconf 77' lang='lat' dir='ltr'>nvs</span> <span class='ocrx_word' id='word_1_20' title='bbox 222 442 358 470; x_wconf 63' lang='lat' dir='ltr'>nerins</span> <span class='ocrx_word' id='word_1_21' title='bbox 391 441 514 470; x_wconf 66' lang='lat' dir='ltr'>esro.</span> <span class='ocrx_word' id='word_1_22' title='bbox 575 429 703 468; x_wconf 87' lang='lat' dir='ltr'>Filius</span> <span class='ocrx_word' id='word_1_23' title='bbox 735 434 851 469; x_wconf 87' lang='lat' dir='ltr'>natus</span> <span class='ocrx_word' id='word_1_24' title='bbox 882 443 962 469; x_wconf 86' lang='lat' dir='ltr'>non</span> <span class='ocrx_word' id='word_1_25' title='bbox 995 436 1069 470; x_wconf 82' lang='lat' dir='ltr'>est.</span> <span class='ocrx_word' id='word_1_26' title='bbox 1132 430 1356 483; x_wconf 71' lang='lat' dir='ltr'>Ambigunt</span> <span class='ocrx_word' id='word_1_27' title='bbox 1386 427 1522 481; x_wconf 79' lang='lat' dir='ltr'>agnati</span> <span class='ocrx_word' id='word_1_28' title='bbox 1555 443 1645 469; x_wconf 85' lang='lat' dir='ltr'>cum</span> <span class='ocrx_word' id='word_1_29' title='bbox 1677 442 1750 476; x_wconf 89' lang='lat' dir='ltr'>eo,</span> <span class='ocrx_word' id='word_1_30' title='bbox 1791 431 1859 485; x_wconf 87' lang='lat' dir='ltr'>qui</span> 
     </span>
     <span class='ocr_line' id='line_1_4' title="bbox 107 490 1857 546; baseline 0.001 -15"><span class='ocrx_word' id='word_1_31' title='bbox 107 497 170 532; x_wconf 89' lang='lat' dir='ltr'>est</span> <span class='ocrx_word' id='word_1_32' title='bbox 199 493 344 539; x_wconf 78' lang='lat' dir='ltr'>lieres,</span> <span class='ocrx_word' id='word_1_33' title='bbox 392 492 425 533; x_wconf 91' lang='lat' dir='ltr'>si</span> <span class='ocrx_word' id='word_1_34' title='bbox 465 491 571 532; x_wconf 83' lang='lat' dir='ltr'>filius</span> <span class='ocrx_word' id='word_1_35' title='bbox 607 497 724 537; x_wconf 85' lang='lat' dir='ltr'>ante,</span> <span class='ocrx_word' id='word_1_36' title='bbox 773 505 892 546; x_wconf 85' lang='lat' dir='ltr'>quam</span> <span class='ocrx_word' id='word_1_37' title='bbox 927 493 965 532; x_wconf 91' lang='lat' dir='ltr'>in</span> <span class='ocrx_word' id='word_1_38' title='bbox 998 507 1113 532; x_wconf 79' lang='lat' dir='ltr'>suam</span> <span class='ocrx_word' id='word_1_39' title='bbox 1147 492 1313 533; x_wconf 79' lang='lat' dir='ltr'>tutelam</span> <span class='ocrx_word' id='word_1_40' title='bbox 1346 490 1528 539; x_wconf 84' lang='lat' dir='ltr'>venerit,</span> <span class='ocrx_word' id='word_1_41' title='bbox 1575 497 1762 532; x_wconf 89' lang='lat' dir='ltr'>mortuus</span> <span class='ocrx_word' id='word_1_42' title='bbox 1793 494 1857 533; x_wconf 88' lang='lat' dir='ltr'>sit.</span> 
     </span>
     <span class='ocr_line' id='line_1_5' title="bbox 110 554 1862 608; baseline 0.001 -15"><span class='ocrx_word' id='word_1_43' title='bbox 110 556 203 594; x_wconf 77' lang='lat'>123.</span> <span class='ocrx_word' id='word_1_44' title='bbox 240 557 282 596; x_wconf 91' lang='lat' dir='ltr'>ln</span> <span class='ocrx_word' id='word_1_45' title='bbox 313 557 393 595; x_wconf 87' lang='lat' dir='ltr'>hoc</span> <span class='ocrx_word' id='word_1_46' title='bbox 424 567 578 607; x_wconf 71' lang='lat' dir='ltr'>genere</span> <span class='ocrx_word' id='word_1_47' title='bbox 609 567 692 593; x_wconf 90' lang='lat' dir='ltr'>non</span> <span class='ocrx_word' id='word_1_48' title='bbox 724 560 860 605; x_wconf 85' lang='lat' dir='ltr'>potest</span> <span class='ocrx_word' id='word_1_49' title='bbox 890 555 968 594; x_wconf 79' lang='lat' dir='ltr'>hoe</span> <span class='ocrx_word' id='word_1_50' title='bbox 1000 554 1103 602; x_wconf 87' lang='lat' dir='ltr'>dici,</span> <span class='ocrx_word' id='word_1_51' title='bbox 1152 557 1201 596; x_wconf 90' lang='lat' dir='ltr'>ad</span> <span class='ocrx_word' id='word_1_52' title='bbox 1225 562 1387 608; x_wconf 78' lang='lat' dir='ltr'>tempus</span> <span class='ocrx_word' id='word_1_53' title='bbox 1419 560 1459 594; x_wconf 89' lang='lat' dir='ltr'>et</span> <span class='ocrx_word' id='word_1_54' title='bbox 1488 555 1539 594; x_wconf 89' lang='lat' dir='ltr'>ad</span> <span class='ocrx_word' id='word_1_55' title='bbox 1569 560 1762 595; x_wconf 87' lang='lat' dir='ltr'>eventum</span> <span class='ocrx_word' id='word_1_56' title='bbox 1792 555 1862 595; x_wconf 87' lang='lat' dir='ltr'>ali-</span> 
     </span>
     <span class='ocr_line' id='line_1_6' title="bbox 107 614 1893 671; baseline 0.001 -15"><span class='ocrx_word' id='word_1_57' title='bbox 107 629 231 670; x_wconf 85' lang='lat' dir='ltr'>quem</span> <span class='ocrx_word' id='word_1_58' title='bbox 263 617 507 658; x_wconf 88' lang='lat' dir='ltr'>sententiam</span> <span class='ocrx_word' id='word_1_59' title='bbox 539 614 754 667; x_wconf 87' lang='lat' dir='ltr'>scriptoris</span> <span class='ocrx_word' id='word_1_60' title='bbox 786 623 979 670; x_wconf 87' lang='lat' dir='ltr'>oportere</span> <span class='ocrx_word' id='word_1_61' title='bbox 1010 619 1339 662; x_wconf 79' lang='lat' dir='ltr'>accommodari.</span> <span class='ocrx_word' id='word_1_62' title='bbox 1379 621 1625 671; x_wconf 85' lang='lat' dir='ltr'>propterea,</span> <span class='ocrx_word' id='word_1_63' title='bbox 1670 618 1781 671; x_wconf 90' lang='lat' dir='ltr'>quod</span> <span class='ocrx_word' id='word_1_64' title='bbox 1814 631 1893 658; x_wconf 75' lang='lat' dir='ltr'>eas</span> 
     </span>
     <span class='ocr_line' id='line_1_7' title="bbox 108 677 1862 735; baseline 0 -16"><span class='ocrx_word' id='word_1_65' title='bbox 108 681 195 720; x_wconf 88' lang='lat' dir='ltr'>sola</span> <span class='ocrx_word' id='word_1_66' title='bbox 226 693 315 720; x_wconf 86' lang='lat' dir='ltr'>esse</span> <span class='ocrx_word' id='word_1_67' title='bbox 347 682 679 725; x_wconf 87' lang='lat' dir='ltr'>demonstratur,</span> <span class='ocrx_word' id='word_1_68' title='bbox 714 693 793 734; x_wconf 84' lang='lat' dir='ltr'>qua</span> <span class='ocrx_word' id='word_1_69' title='bbox 826 680 954 720; x_wconf 79' lang='lat' dir='ltr'>fretus</span> <span class='ocrx_word' id='word_1_70' title='bbox 985 680 1076 725; x_wconf 85' lang='lat' dir='ltr'>ille,</span> <span class='ocrx_word' id='word_1_71' title='bbox 1109 681 1178 735; x_wconf 92' lang='lat' dir='ltr'>qui</span> <span class='ocrx_word' id='word_1_72' title='bbox 1212 686 1353 720; x_wconf 90' lang='lat' dir='ltr'>contra</span> <span class='ocrx_word' id='word_1_73' title='bbox 1375 678 1571 733; x_wconf 85' lang='lat' dir='ltr'>scriptum</span> <span class='ocrx_word' id='word_1_74' title='bbox 1593 677 1715 727; x_wconf 89' lang='lat' dir='ltr'>dicit,</span> <span class='ocrx_word' id='word_1_75' title='bbox 1749 693 1862 720; x_wconf 90' lang='lat' dir='ltr'>suam</span> 
     </span>
     <span class='ocr_line' id='line_1_8' title="bbox 110 740 1866 795; baseline 0.001 -13"><span class='ocrx_word' id='word_1_76' title='bbox 110 756 200 782; x_wconf 89' lang='lat' dir='ltr'>esse</span> <span class='ocrx_word' id='word_1_77' title='bbox 231 741 503 783; x_wconf 79' lang='lat' dir='ltr'>hereditatem</span> <span class='ocrx_word' id='word_1_78' title='bbox 535 740 733 782; x_wconf 74' lang='lat' dir='ltr'><strong>defendit.</strong></span> <span class='ocrx_word' id='word_1_79' title='bbox 794 743 979 782; x_wconf 77' lang='lat' dir='ltr'>Alterum</span> <span class='ocrx_word' id='word_1_80' title='bbox 1010 749 1148 783; x_wconf 88' lang='lat' dir='ltr'>autem</span> <span class='ocrx_word' id='word_1_81' title='bbox 1182 756 1310 795; x_wconf 79' lang='lat' dir='ltr'>genus</span> <span class='ocrx_word' id='word_1_82' title='bbox 1342 747 1402 781; x_wconf 86' lang='lat' dir='ltr'>est</span> <span class='ocrx_word' id='word_1_83' title='bbox 1439 754 1611 789; x_wconf 89' lang='lat' dir='ltr'>eorum,</span> <span class='ocrx_word' id='word_1_84' title='bbox 1665 742 1735 795; x_wconf 91' lang='lat' dir='ltr'>qui</span> <span class='ocrx_word' id='word_1_85' title='bbox 1773 757 1866 783; x_wconf 90' lang='lat' dir='ltr'>sen-</span> 
     </span>
     <span class='ocr_line' id='line_1_9' title="bbox 111 803 1863 858; baseline 0 -13"><span class='ocrx_word' id='word_1_86' title='bbox 111 804 281 845; x_wconf 84' lang='lat' dir='ltr'>tentiam</span> <span class='ocrx_word' id='word_1_87' title='bbox 325 805 542 849; x_wconf 85' lang='lat' dir='ltr'>inducunt,</span> <span class='ocrx_word' id='word_1_88' title='bbox 594 803 634 844; x_wconf 94' lang='lat' dir='ltr'>in</span> <span class='ocrx_word' id='word_1_89' title='bbox 676 818 756 858; x_wconf 90' lang='lat' dir='ltr'>quo</span> <span class='ocrx_word' id='word_1_90' title='bbox 797 818 881 844; x_wconf 87' lang='lat' dir='ltr'>non</span> <span class='ocrx_word' id='word_1_91' title='bbox 919 805 1097 857; x_wconf 84' lang='lat' dir='ltr'>simplex</span> <span class='ocrx_word' id='word_1_92' title='bbox 1137 805 1325 844; x_wconf 86' lang='lat' dir='ltr'>voluntas</span> <span class='ocrx_word' id='word_1_93' title='bbox 1364 803 1576 858; x_wconf 81' lang='lat' dir='ltr'>scriptoris</span> <span class='ocrx_word' id='word_1_94' title='bbox 1608 803 1863 853; x_wconf 75' lang='lat' dir='ltr'>ostenditur,</span> 
     </span>
     <span class='ocr_line' id='line_1_10' title="bbox 109 865 1866 922; baseline 0.001 -15"><span class='ocrx_word' id='word_1_95' title='bbox 109 880 214 922; x_wconf 89' lang='lat' dir='ltr'>quae</span> <span class='ocrx_word' id='word_1_96' title='bbox 245 868 286 907; x_wconf 91' lang='lat' dir='ltr'>in</span> <span class='ocrx_word' id='word_1_97' title='bbox 317 880 439 907; x_wconf 89' lang='lat' dir='ltr'>omne</span> <span class='ocrx_word' id='word_1_98' title='bbox 470 871 633 919; x_wconf 88' lang='lat' dir='ltr'>tempus</span> <span class='ocrx_word' id='word_1_99' title='bbox 665 872 705 906; x_wconf 92' lang='lat' dir='ltr'>et</span> <span class='ocrx_word' id='word_1_100' title='bbox 735 867 775 905; x_wconf 90' lang='lat' dir='ltr'>in</span> <span class='ocrx_word' id='word_1_101' title='bbox 807 880 929 907; x_wconf 89' lang='lat' dir='ltr'>omne</span> <span class='ocrx_word' id='word_1_102' title='bbox 959 866 1113 907; x_wconf 85' lang='lat' dir='ltr'>sactum</span> <span class='ocrx_word' id='word_1_103' title='bbox 1144 867 1254 906; x_wconf 89' lang='lat' dir='ltr'>idem</span> <span class='ocrx_word' id='word_1_104' title='bbox 1285 865 1438 914; x_wconf 56' lang='lat' dir='ltr'>valeam</span> <span class='ocrx_word' id='word_1_105' title='bbox 1486 867 1558 906; x_wconf 88' lang='lat' dir='ltr'>sed</span> <span class='ocrx_word' id='word_1_106' title='bbox 1597 880 1650 906; x_wconf 84' lang='lat' dir='ltr'>ex</span> <span class='ocrx_word' id='word_1_107' title='bbox 1687 868 1866 921; x_wconf 89' lang='lat' dir='ltr'>quodam</span> 
     </span>
     <span class='ocr_line' id='line_1_11' title="bbox 108 927 1916 984; baseline 0 -15"><span class='ocrx_word' id='word_1_108' title='bbox 108 927 216 969; x_wconf 84' lang='lat' dir='ltr'>facto</span> <span class='ocrx_word' id='word_1_109' title='bbox 259 933 329 969; x_wconf 90' lang='lat' dir='ltr'>aut</span> <span class='ocrx_word' id='word_1_110' title='bbox 366 933 516 969; x_wconf 82' lang='lat' dir='ltr'>eventu</span> <span class='ocrx_word' id='word_1_111' title='bbox 554 930 605 968; x_wconf 89' lang='lat' dir='ltr'>ad</span> <span class='ocrx_word' id='word_1_112' title='bbox 647 934 807 983; x_wconf 89' lang='lat' dir='ltr'>tempus</span> <span class='ocrx_word' id='word_1_113' title='bbox 847 927 1154 984; x_wconf 83' lang='lat' dir='ltr'>interpretanda</span> <span class='ocrx_word' id='word_1_114' title='bbox 1192 930 1355 969; x_wconf 87' lang='lat' dir='ltr'>dicitur.</span> <span class='ocrx_word' id='word_1_115' title='bbox 1416 930 1474 968; x_wconf 89' lang='lat' dir='ltr'>Ea</span> <span class='ocrx_word' id='word_1_116' title='bbox 1506 930 1693 981; x_wconf 89' lang='lat' dir='ltr'>partibus</span> <span class='ocrx_word' id='word_1_117' title='bbox 1724 929 1916 971; x_wconf 85' lang='lat' dir='ltr'>iuridi-1o</span> 
     </span>
     <span class='ocr_line' id='line_1_12' title="bbox 108 990 1866 1046; baseline 0.002 -16"><span class='ocrx_word' id='word_1_118' title='bbox 108 991 225 1031; x_wconf 90' lang='lat' dir='ltr'>cialis</span> <span class='ocrx_word' id='word_1_119' title='bbox 263 991 542 1045; x_wconf 79' lang='lat' dir='ltr'>assumptivae</span> <span class='ocrx_word' id='word_1_120' title='bbox 583 992 762 1031; x_wconf 77' lang='lat' dir='ltr'>maxime</span> <span class='ocrx_word' id='word_1_121' title='bbox 801 991 1039 1032; x_wconf 81' lang='lat' dir='ltr'>sustinetur.</span> <span class='ocrx_word' id='word_1_122' title='bbox 1102 993 1204 1031; x_wconf 79' lang='lat' dir='ltr'>Nam</span> <span class='ocrx_word' id='word_1_123' title='bbox 1236 997 1321 1032; x_wconf 88' lang='lat' dir='ltr'>tum</span> <span class='ocrx_word' id='word_1_124' title='bbox 1354 990 1561 1032; x_wconf 83' lang='lat' dir='ltr'>inducitur</span> <span class='ocrx_word' id='word_1_125' title='bbox 1591 994 1866 1046; x_wconf 85' lang='lat' dir='ltr'>comparatio,</span> 
     </span>
     <span class='ocr_line' id='line_1_13' title="bbox 108 1053 1866 1108; baseline 0.002 -16"><span class='ocrx_word' id='word_1_126' title='bbox 108 1057 153 1093; x_wconf 94' lang='lat' dir='ltr'>ut</span> <span class='ocrx_word' id='word_1_127' title='bbox 183 1053 225 1093; x_wconf 91' lang='lat' dir='ltr'>in</span> <span class='ocrx_word' id='word_1_128' title='bbox 257 1066 327 1100; x_wconf 91' lang='lat' dir='ltr'>eo,</span> <span class='ocrx_word' id='word_1_129' title='bbox 359 1055 454 1108; x_wconf 87' lang='lat' dir='ltr'>qui,</span> <span class='ocrx_word' id='word_1_130' title='bbox 487 1066 579 1094; x_wconf 88' lang='lat' dir='ltr'>cum</span> <span class='ocrx_word' id='word_1_131' title='bbox 610 1053 678 1094; x_wconf 76' lang='lat' dir='ltr'>lex</span> <span class='ocrx_word' id='word_1_132' title='bbox 709 1055 861 1108; x_wconf 90' lang='lat' dir='ltr'>aperiri</span> <span class='ocrx_word' id='word_1_133' title='bbox 891 1062 1031 1108; x_wconf 89' lang='lat' dir='ltr'>portas</span> <span class='ocrx_word' id='word_1_134' title='bbox 1061 1060 1188 1095; x_wconf 90' lang='lat' dir='ltr'>noctu</span> <span class='ocrx_word' id='word_1_135' title='bbox 1219 1058 1395 1099; x_wconf 87' lang='lat' dir='ltr'>vetaret,</span> <span class='ocrx_word' id='word_1_136' title='bbox 1427 1054 1587 1108; x_wconf 89' lang='lat' dir='ltr'>aperuit</span> <span class='ocrx_word' id='word_1_137' title='bbox 1614 1053 1792 1108; x_wconf 91' lang='lat' dir='ltr'>quodam</span> <span class='ocrx_word' id='word_1_138' title='bbox 1824 1054 1866 1096; x_wconf 91' lang='lat' dir='ltr'>in</span> 
     </span>
     <span class='ocr_line' id='line_1_14' title="bbox 109 1114 1870 1171; baseline 0.001 -15"><span class='ocrx_word' id='word_1_139' title='bbox 109 1114 219 1156; x_wconf 87' lang='lat' dir='ltr'>bello</span> <span class='ocrx_word' id='word_1_140' title='bbox 251 1121 292 1156; x_wconf 90' lang='lat' dir='ltr'>et</span> <span class='ocrx_word' id='word_1_141' title='bbox 320 1115 475 1157; x_wconf 83' lang='lat' dir='ltr'>auxilia</span> <span class='ocrx_word' id='word_1_142' title='bbox 507 1117 711 1170; x_wconf 82' lang='lat' dir='ltr'>quaedam</span> <span class='ocrx_word' id='word_1_143' title='bbox 742 1117 785 1156; x_wconf 93' lang='lat' dir='ltr'>in</span> <span class='ocrx_word' id='word_1_144' title='bbox 817 1118 1015 1171; x_wconf 91' lang='lat' dir='ltr'>oppidum</span> <span class='ocrx_word' id='word_1_145' title='bbox 1046 1117 1227 1171; x_wconf 89' lang='lat' dir='ltr'>recepit,</span> <span class='ocrx_word' id='word_1_146' title='bbox 1277 1130 1329 1156; x_wconf 93' lang='lat' dir='ltr'>ne</span> <span class='ocrx_word' id='word_1_147' title='bbox 1362 1117 1412 1156; x_wconf 87' lang='lat' dir='ltr'>ab</span> <span class='ocrx_word' id='word_1_148' title='bbox 1444 1117 1631 1156; x_wconf 87' lang='lat' dir='ltr'>hostibus</span> <span class='ocrx_word' id='word_1_149' title='bbox 1663 1118 1870 1171; x_wconf 86' lang='lat' dir='ltr'>opprime-</span> 
     </span>
     <span class='ocr_line' id='line_1_15' title="bbox 109 1178 1864 1234; baseline 0.001 -16"><span class='ocrx_word' id='word_1_150' title='bbox 109 1183 271 1227; x_wconf 87' lang='lat' dir='ltr'>rentur,</span> <span class='ocrx_word' id='word_1_151' title='bbox 302 1179 335 1219; x_wconf 92' lang='lat' dir='ltr'>si</span> <span class='ocrx_word' id='word_1_152' title='bbox 367 1178 467 1220; x_wconf 90' lang='lat' dir='ltr'>soris</span> <span class='ocrx_word' id='word_1_153' title='bbox 500 1184 655 1226; x_wconf 83' lang='lat' dir='ltr'>essent,</span> <span class='ocrx_word' id='word_1_154' title='bbox 688 1180 801 1234; x_wconf 93' lang='lat' dir='ltr'>quod</span> <span class='ocrx_word' id='word_1_155' title='bbox 831 1192 963 1233; x_wconf 86' lang='lat' dir='ltr'>prope</span> <span class='ocrx_word' id='word_1_156' title='bbox 995 1192 1137 1220; x_wconf 91' lang='lat' dir='ltr'>muros</span> <span class='ocrx_word' id='word_1_157' title='bbox 1167 1178 1306 1220; x_wconf 90' lang='lat' dir='ltr'>hostes</span> <span class='ocrx_word' id='word_1_158' title='bbox 1337 1184 1468 1220; x_wconf 88' lang='lat' dir='ltr'>castra</span> <span class='ocrx_word' id='word_1_159' title='bbox 1498 1180 1725 1229; x_wconf 87' lang='lat' dir='ltr'>haberent;</span> <span class='ocrx_word' id='word_1_160' title='bbox 1771 1182 1864 1221; x_wconf 66' lang='lat'>124.</span> 
     </span>
     <span class='ocr_line' id='line_1_16' title="bbox 110 1240 1918 1296; baseline -0.002 -13"><span class='ocrx_word' id='word_1_161' title='bbox 110 1246 195 1283; x_wconf 84' lang='lat' dir='ltr'>tum</span> <span class='ocrx_word' id='word_1_162' title='bbox 228 1241 374 1283; x_wconf 90' lang='lat' dir='ltr'>relatio</span> <span class='ocrx_word' id='word_1_163' title='bbox 407 1242 614 1290; x_wconf 90' lang='lat' dir='ltr'>criminis,</span> <span class='ocrx_word' id='word_1_164' title='bbox 664 1248 709 1282; x_wconf 90' lang='lat' dir='ltr'>ut</span> <span class='ocrx_word' id='word_1_165' title='bbox 740 1243 781 1282; x_wconf 92' lang='lat' dir='ltr'>in</span> <span class='ocrx_word' id='word_1_166' title='bbox 812 1254 861 1282; x_wconf 91' lang='lat' dir='ltr'>eo</span> <span class='ocrx_word' id='word_1_167' title='bbox 894 1240 1044 1288; x_wconf 86' lang='lat' dir='ltr'>milite,</span> <span class='ocrx_word' id='word_1_168' title='bbox 1091 1242 1161 1296; x_wconf 94' lang='lat' dir='ltr'>qui</span> <span class='ocrx_word' id='word_1_169' title='bbox 1199 1255 1293 1282; x_wconf 92' lang='lat' dir='ltr'>cum</span> <span class='ocrx_word' id='word_1_170' title='bbox 1323 1242 1554 1282; x_wconf 89' lang='lat' dir='ltr'>communis</span> <span class='ocrx_word' id='word_1_171' title='bbox 1585 1242 1653 1282; x_wconf 83' lang='lat' dir='ltr'>lex</span> <span class='ocrx_word' id='word_1_172' title='bbox 1684 1243 1867 1283; x_wconf 91' lang='lat' dir='ltr'>omnium</span> <span class='ocrx_word' id='word_1_173' title='bbox 1882 1255 1918 1281; x_wconf 82' lang='lat'>15</span> 
     </span>
     <span class='ocr_line' id='line_1_17' title="bbox 108 1302 1869 1358; baseline 0.002 -14"><span class='ocrx_word' id='word_1_174' title='bbox 108 1304 320 1345; x_wconf 86' lang='lat' dir='ltr'>hominem</span> <span class='ocrx_word' id='word_1_175' title='bbox 344 1304 536 1345; x_wconf 87' lang='lat' dir='ltr'>occidere</span> <span class='ocrx_word' id='word_1_176' title='bbox 557 1309 738 1351; x_wconf 66' lang='lat' dir='ltr'>vetaret,</span> <span class='ocrx_word' id='word_1_177' title='bbox 770 1304 979 1344; x_wconf 91' lang='lat' dir='ltr'>tribunum</span> <span class='ocrx_word' id='word_1_178' title='bbox 1016 1302 1217 1358; x_wconf 89' lang='lat' dir='ltr'>[militem]</span> <span class='ocrx_word' id='word_1_179' title='bbox 1248 1318 1393 1352; x_wconf 90' lang='lat' dir='ltr'>suum,</span> <span class='ocrx_word' id='word_1_180' title='bbox 1427 1304 1495 1358; x_wconf 93' lang='lat' dir='ltr'>qui</span> <span class='ocrx_word' id='word_1_181' title='bbox 1517 1304 1600 1344; x_wconf 75' lang='lat' dir='ltr'>vim</span> <span class='ocrx_word' id='word_1_182' title='bbox 1622 1305 1700 1344; x_wconf 90' lang='lat' dir='ltr'>sibi</span> <span class='ocrx_word' id='word_1_183' title='bbox 1723 1304 1869 1347; x_wconf 81' lang='lat' dir='ltr'>afferre</span> 
     </span>
     <span class='ocr_line' id='line_1_18' title="bbox 110 1365 1869 1421; baseline 0.002 -15"><span class='ocrx_word' id='word_1_184' title='bbox 110 1372 356 1415; x_wconf 86' lang='lat' dir='ltr'>conaretur,</span> <span class='ocrx_word' id='word_1_185' title='bbox 406 1367 580 1415; x_wconf 82' lang='lat' dir='ltr'>occidit3</span> <span class='ocrx_word' id='word_1_186' title='bbox 631 1372 718 1406; x_wconf 91' lang='lat' dir='ltr'>tum</span> <span class='ocrx_word' id='word_1_187' title='bbox 759 1365 935 1406; x_wconf 90' lang='lat' dir='ltr'>remotio</span> <span class='ocrx_word' id='word_1_188' title='bbox 978 1365 1188 1415; x_wconf 89' lang='lat' dir='ltr'>criminis,</span> <span class='ocrx_word' id='word_1_189' title='bbox 1237 1372 1282 1407; x_wconf 87' lang='lat' dir='ltr'>ut</span> <span class='ocrx_word' id='word_1_190' title='bbox 1311 1367 1352 1406; x_wconf 95' lang='lat' dir='ltr'>in</span> <span class='ocrx_word' id='word_1_191' title='bbox 1384 1380 1457 1412; x_wconf 91' lang='lat' dir='ltr'>eo,</span> <span class='ocrx_word' id='word_1_192' title='bbox 1507 1367 1600 1421; x_wconf 88' lang='lat' dir='ltr'>qui,</span> <span class='ocrx_word' id='word_1_193' title='bbox 1653 1381 1746 1407; x_wconf 87' lang='lat' dir='ltr'>cum</span> <span class='ocrx_word' id='word_1_194' title='bbox 1776 1369 1869 1417; x_wconf 83' lang='lat' dir='ltr'>lex,</span> 
     </span>
     <span class='ocr_line' id='line_1_19' title="bbox 109 1426 1871 1485; baseline 0.002 -16"><span class='ocrx_word' id='word_1_195' title='bbox 109 1429 259 1484; x_wconf 91' lang='lat' dir='ltr'>quibus</span> <span class='ocrx_word' id='word_1_196' title='bbox 291 1427 437 1470; x_wconf 90' lang='lat' dir='ltr'>diebus</span> <span class='ocrx_word' id='word_1_197' title='bbox 469 1430 511 1469; x_wconf 92' lang='lat' dir='ltr'>in</span> <span class='ocrx_word' id='word_1_198' title='bbox 531 1429 781 1482; x_wconf 84' lang='lat' dir='ltr'>legationem</span> <span class='ocrx_word' id='word_1_199' title='bbox 806 1426 1164 1482; x_wconf 85' lang='lat' dir='ltr'>proficisceretur,</span> <span class='ocrx_word' id='word_1_200' title='bbox 1196 1429 1512 1483; x_wconf 84' lang='lat' dir='ltr'>praestituerat,</span> <span class='ocrx_word' id='word_1_201' title='bbox 1548 1429 1643 1483; x_wconf 93' lang='lat' dir='ltr'>quia</span> <span class='ocrx_word' id='word_1_202' title='bbox 1665 1436 1871 1485; x_wconf 90' lang='lat' dir='ltr'>sumptum</span> 
     </span>
     <span class='ocr_line' id='line_1_20' title="bbox 110 1491 1872 1546; baseline 0.001 -14"><span class='ocrx_word' id='word_1_203' title='bbox 110 1497 308 1546; x_wconf 86' lang='lat' dir='ltr'>quaestor</span> <span class='ocrx_word' id='word_1_204' title='bbox 337 1505 420 1533; x_wconf 92' lang='lat' dir='ltr'>non</span> <span class='ocrx_word' id='word_1_205' title='bbox 452 1491 583 1538; x_wconf 92' lang='lat' dir='ltr'>dedit,</span> <span class='ocrx_word' id='word_1_206' title='bbox 626 1491 838 1546; x_wconf 85' lang='lat' dir='ltr'>profectus</span> <span class='ocrx_word' id='word_1_207' title='bbox 869 1504 954 1531; x_wconf 91' lang='lat' dir='ltr'>non</span> <span class='ocrx_word' id='word_1_208' title='bbox 985 1496 1067 1541; x_wconf 90' lang='lat' dir='ltr'>est;</span> <span class='ocrx_word' id='word_1_209' title='bbox 1114 1496 1201 1532; x_wconf 92' lang='lat' dir='ltr'>tum</span> <span class='ocrx_word' id='word_1_210' title='bbox 1232 1492 1449 1532; x_wconf 90' lang='lat' dir='ltr'>concessio</span> <span class='ocrx_word' id='word_1_211' title='bbox 1478 1503 1554 1543; x_wconf 85' lang='lat' dir='ltr'>per</span> <span class='ocrx_word' id='word_1_212' title='bbox 1582 1494 1872 1546; x_wconf 85' lang='lat' dir='ltr'>purgationem</span> 
     </span>
     <span class='ocr_line' id='line_1_21' title="bbox 112 1552 1922 1610; baseline -0.001 -15"><span class='ocrx_word' id='word_1_213' title='bbox 112 1559 154 1595; x_wconf 88' lang='lat' dir='ltr'>et</span> <span class='ocrx_word' id='word_1_214' title='bbox 183 1567 257 1610; x_wconf 90' lang='lat' dir='ltr'>per</span> <span class='ocrx_word' id='word_1_215' title='bbox 286 1553 629 1610; x_wconf 84' lang='lat' dir='ltr'>imprudentiam,</span> <span class='ocrx_word' id='word_1_216' title='bbox 660 1559 706 1594; x_wconf 88' lang='lat' dir='ltr'>ut</span> <span class='ocrx_word' id='word_1_217' title='bbox 735 1554 777 1593; x_wconf 93' lang='lat' dir='ltr'>in</span> <span class='ocrx_word' id='word_1_218' title='bbox 808 1552 928 1594; x_wconf 89' lang='lat' dir='ltr'>vituli</span> <span class='ocrx_word' id='word_1_219' title='bbox 957 1552 1266 1603; x_wconf 85' lang='lat' dir='ltr'>immolatione,</span> <span class='ocrx_word' id='word_1_220' title='bbox 1300 1560 1341 1596; x_wconf 90' lang='lat' dir='ltr'>et</span> <span class='ocrx_word' id='word_1_221' title='bbox 1369 1568 1445 1610; x_wconf 86' lang='lat' dir='ltr'>per</span> <span class='ocrx_word' id='word_1_222' title='bbox 1474 1554 1582 1602; x_wconf 89' lang='lat' dir='ltr'>vim,</span> <span class='ocrx_word' id='word_1_223' title='bbox 1621 1560 1667 1595; x_wconf 92' lang='lat' dir='ltr'>ut</span> <span class='ocrx_word' id='word_1_224' title='bbox 1696 1555 1738 1595; x_wconf 91' lang='lat' dir='ltr'>in</span> <span class='ocrx_word' id='word_1_225' title='bbox 1769 1568 1871 1597; x_wconf 87' lang='lat' dir='ltr'>nave</span> <span class='ocrx_word' id='word_1_226' title='bbox 1887 1568 1922 1593; x_wconf 83' lang='lat'>20</span> 
     </span>
     <span class='ocr_line' id='line_1_22' title="bbox 111 1615 1874 1672; baseline 0.001 -15"><span class='ocrx_word' id='word_1_227' title='bbox 111 1622 308 1665; x_wconf 87' lang='lat' dir='ltr'>rostrata,</span> <span class='ocrx_word' id='word_1_228' title='bbox 342 1622 383 1658; x_wconf 91' lang='lat' dir='ltr'>et</span> <span class='ocrx_word' id='word_1_229' title='bbox 412 1631 488 1670; x_wconf 90' lang='lat' dir='ltr'>per</span> <span class='ocrx_word' id='word_1_230' title='bbox 519 1630 682 1665; x_wconf 90' lang='lat' dir='ltr'>casum,</span> <span class='ocrx_word' id='word_1_231' title='bbox 715 1621 761 1656; x_wconf 91' lang='lat' dir='ltr'>ut</span> <span class='ocrx_word' id='word_1_232' title='bbox 791 1617 832 1656; x_wconf 92' lang='lat' dir='ltr'>in</span> <span class='ocrx_word' id='word_1_233' title='bbox 862 1617 1044 1657; x_wconf 86' lang='lat' dir='ltr'>Eurotae</span> <span class='ocrx_word' id='word_1_234' title='bbox 1076 1616 1374 1672; x_wconf 83' lang='lat' dir='ltr'>magnitudine.</span> <span class='ocrx_word' id='word_1_235' title='bbox 1438 1617 1578 1665; x_wconf 87' lang='lat' dir='ltr'>Quare</span> <span class='ocrx_word' id='word_1_236' title='bbox 1608 1621 1678 1658; x_wconf 89' lang='lat' dir='ltr'>aut</span> <span class='ocrx_word' id='word_1_237' title='bbox 1704 1615 1759 1657; x_wconf 91' lang='lat' dir='ltr'>ita</span> <span class='ocrx_word' id='word_1_238' title='bbox 1780 1631 1874 1658; x_wconf 90' lang='lat' dir='ltr'>sen-</span> 
     </span>
     <span class='ocr_line' id='line_1_23' title="bbox 111 1679 1875 1735; baseline 0.001 -15"><span class='ocrx_word' id='word_1_239' title='bbox 111 1680 238 1720; x_wconf 90' lang='lat' dir='ltr'>tentia</span> <span class='ocrx_word' id='word_1_240' title='bbox 267 1681 508 1727; x_wconf 90' lang='lat' dir='ltr'>inducetur,</span> <span class='ocrx_word' id='word_1_241' title='bbox 540 1685 588 1719; x_wconf 82' lang='lat' dir='ltr'>ut</span> <span class='ocrx_word' id='word_1_242' title='bbox 615 1692 744 1720; x_wconf 87' lang='lat' dir='ltr'>unum</span> <span class='ocrx_word' id='word_1_243' title='bbox 776 1679 972 1733; x_wconf 88' lang='lat' dir='ltr'>quiddam</span> <span class='ocrx_word' id='word_1_244' title='bbox 1005 1680 1192 1721; x_wconf 82' lang='lat' dir='ltr'>voluisse</span> <span class='ocrx_word' id='word_1_245' title='bbox 1224 1681 1402 1735; x_wconf 87' lang='lat' dir='ltr'>scriptor</span> <span class='ocrx_word' id='word_1_246' title='bbox 1432 1680 1761 1730; x_wconf 84' lang='lat' dir='ltr'>demonstretur3</span> <span class='ocrx_word' id='word_1_247' title='bbox 1806 1685 1875 1722; x_wconf 86' lang='lat' dir='ltr'>aut</span> 
     </span>
     <span class='ocr_line' id='line_1_24' title="bbox 112 1741 1504 1796; baseline 0 -14"><span class='ocrx_word' id='word_1_248' title='bbox 112 1743 188 1789; x_wconf 91' lang='lat' dir='ltr'>sic,</span> <span class='ocrx_word' id='word_1_249' title='bbox 220 1747 265 1784; x_wconf 91' lang='lat' dir='ltr'>ut</span> <span class='ocrx_word' id='word_1_250' title='bbox 294 1742 335 1783; x_wconf 93' lang='lat' dir='ltr'>in</span> <span class='ocrx_word' id='word_1_251' title='bbox 367 1741 574 1784; x_wconf 89' lang='lat' dir='ltr'>eiusmodi</span> <span class='ocrx_word' id='word_1_252' title='bbox 604 1757 649 1783; x_wconf 91' lang='lat' dir='ltr'>re</span> <span class='ocrx_word' id='word_1_253' title='bbox 680 1747 722 1783; x_wconf 86' lang='lat' dir='ltr'>et</span> <span class='ocrx_word' id='word_1_254' title='bbox 751 1747 938 1796; x_wconf 90' lang='lat' dir='ltr'>tempore</span> <span class='ocrx_word' id='word_1_255' title='bbox 969 1742 1050 1783; x_wconf 85' lang='lat' dir='ltr'>hoc</span> <span class='ocrx_word' id='word_1_256' title='bbox 1081 1741 1261 1784; x_wconf 89' lang='lat' dir='ltr'>voluisse</span> <span class='ocrx_word' id='word_1_257' title='bbox 1292 1744 1504 1783; x_wconf 87' lang='lat' dir='ltr'>doceatur.</span> 
     </span>
    </p>

    <p class='ocr_par' dir='ltr' id='par_1_3' title="bbox 113 1803 1929 2550">
     <span class='ocr_line' id='line_1_25' title="bbox 224 1803 1874 1861; baseline 0.001 -16"><span class='ocrx_word' id='word_1_258' title='bbox 224 1806 374 1846; x_wconf 84' lang='lat' dir='ltr'>XLIII.</span> <span class='ocrx_word' id='word_1_259' title='bbox 417 1806 509 1848; x_wconf 78' lang='lat'>125.</span> <span class='ocrx_word' id='word_1_260' title='bbox 558 1806 669 1859; x_wconf 82' lang='lat' dir='ltr'>Ergo</span> <span class='ocrx_word' id='word_1_261' title='bbox 701 1806 757 1852; x_wconf 87' lang='lat' dir='ltr'>is,</span> <span class='ocrx_word' id='word_1_262' title='bbox 804 1805 874 1859; x_wconf 91' lang='lat' dir='ltr'>qui</span> <span class='ocrx_word' id='word_1_263' title='bbox 905 1805 1103 1859; x_wconf 89' lang='lat' dir='ltr'>scriptum</span> <span class='ocrx_word' id='word_1_264' title='bbox 1135 1803 1354 1854; x_wconf 84' lang='lat' dir='ltr'>defendet,</span> <span class='ocrx_word' id='word_1_265' title='bbox 1402 1806 1468 1846; x_wconf 92' lang='lat' dir='ltr'>his</span> <span class='ocrx_word' id='word_1_266' title='bbox 1498 1805 1600 1846; x_wconf 87' lang='lat' dir='ltr'>locis</span> <span class='ocrx_word' id='word_1_267' title='bbox 1630 1804 1874 1861; x_wconf 86' lang='lat' dir='ltr'>plerumque</span> 
     </span>
     <span class='ocr_line' id='line_1_26' title="bbox 113 1868 1925 1922; baseline 0.001 -13"><span class='ocrx_word' id='word_1_268' title='bbox 113 1868 328 1913; x_wconf 91' lang='lat' dir='ltr'>omnibus,</span> <span class='ocrx_word' id='word_1_269' title='bbox 373 1868 532 1908; x_wconf 90' lang='lat' dir='ltr'>maiore</span> <span class='ocrx_word' id='word_1_270' title='bbox 571 1872 710 1908; x_wconf 89' lang='lat' dir='ltr'>autem</span> <span class='ocrx_word' id='word_1_271' title='bbox 751 1872 868 1919; x_wconf 86' lang='lat' dir='ltr'>parte</span> <span class='ocrx_word' id='word_1_272' title='bbox 905 1880 1071 1921; x_wconf 87' lang='lat' dir='ltr'>semper</span> <span class='ocrx_word' id='word_1_273' title='bbox 1106 1869 1262 1922; x_wconf 83' lang='lat' dir='ltr'>poterit</span> <span class='ocrx_word' id='word_1_274' title='bbox 1301 1868 1385 1908; x_wconf 91' lang='lat' dir='ltr'>uti:</span> <span class='ocrx_word' id='word_1_275' title='bbox 1434 1868 1614 1922; x_wconf 91' lang='lat' dir='ltr'>primum</span> <span class='ocrx_word' id='word_1_276' title='bbox 1660 1868 1874 1920; x_wconf 89' lang='lat' dir='ltr'>scriptoris</span> <span class='ocrx_word' id='word_1_277' title='bbox 1890 1885 1925 1911; x_wconf 84' lang='lat'>2⁵</span> 
     </span>
     <span class='ocr_line' id='line_1_27' title="bbox 114 1928 1875 1984; baseline 0 -13"><span class='ocrx_word' id='word_1_278' title='bbox 114 1929 417 1971; x_wconf 86' lang='lat' dir='ltr'>collaudatione</span> <span class='ocrx_word' id='word_1_279' title='bbox 459 1935 500 1970; x_wconf 89' lang='lat' dir='ltr'>et</span> <span class='ocrx_word' id='word_1_280' title='bbox 534 1928 629 1970; x_wconf 92' lang='lat' dir='ltr'>loco</span> <span class='ocrx_word' id='word_1_281' title='bbox 665 1929 877 1969; x_wconf 87' lang='lat' dir='ltr'>communi</span> <span class='ocrx_word' id='word_1_282' title='bbox 906 1928 1010 1969; x_wconf 90' lang='lat' dir='ltr'>nihil</span> <span class='ocrx_word' id='word_1_283' title='bbox 1041 1942 1138 1978; x_wconf 93' lang='lat' dir='ltr'>eos,</span> <span class='ocrx_word' id='word_1_284' title='bbox 1190 1931 1260 1983; x_wconf 88' lang='lat' dir='ltr'>qui</span> <span class='ocrx_word' id='word_1_285' title='bbox 1289 1928 1494 1977; x_wconf 89' lang='lat' dir='ltr'>iudicent,</span> <span class='ocrx_word' id='word_1_286' title='bbox 1543 1929 1622 1970; x_wconf 89' lang='lat' dir='ltr'>nisi</span> <span class='ocrx_word' id='word_1_287' title='bbox 1651 1930 1714 1977; x_wconf 91' lang='lat' dir='ltr'>id,</span> <span class='ocrx_word' id='word_1_288' title='bbox 1765 1932 1875 1984; x_wconf 92' lang='lat' dir='ltr'>quod</span> 
     </span>
     <span class='ocr_line' id='line_1_28' title="bbox 114 1991 1876 2048; baseline -0.001 -14"><span class='ocrx_word' id='word_1_289' title='bbox 114 1993 313 2048; x_wconf 87' lang='lat' dir='ltr'>scriptum</span> <span class='ocrx_word' id='word_1_290' title='bbox 343 1993 416 2041; x_wconf 91' lang='lat' dir='ltr'>sit,</span> <span class='ocrx_word' id='word_1_291' title='bbox 449 1997 634 2048; x_wconf 87' lang='lat' dir='ltr'>spectare</span> <span class='ocrx_word' id='word_1_292' title='bbox 667 1998 892 2046; x_wconf 88' lang='lat' dir='ltr'>oportere;</span> <span class='ocrx_word' id='word_1_293' title='bbox 925 1996 965 2032; x_wconf 91' lang='lat' dir='ltr'>et</span> <span class='ocrx_word' id='word_1_294' title='bbox 995 1994 1075 2033; x_wconf 88' lang='lat' dir='ltr'>hoc</span> <span class='ocrx_word' id='word_1_295' title='bbox 1107 2005 1157 2033; x_wconf 92' lang='lat' dir='ltr'>eo</span> <span class='ocrx_word' id='word_1_296' title='bbox 1188 1993 1338 2045; x_wconf 82' lang='lat' dir='ltr'>magis,</span> <span class='ocrx_word' id='word_1_297' title='bbox 1371 1992 1404 2032; x_wconf 89' lang='lat' dir='ltr'>si</span> <span class='ocrx_word' id='word_1_298' title='bbox 1426 1991 1656 2045; x_wconf 85' lang='lat' dir='ltr'>legitimum</span> <span class='ocrx_word' id='word_1_299' title='bbox 1679 1993 1876 2047; x_wconf 88' lang='lat' dir='ltr'>scriptum</span> 
     </span>
     <span class='ocr_line' id='line_1_29' title="bbox 113 2054 1879 2112; baseline -0.001 -15"><span class='ocrx_word' id='word_1_300' title='bbox 113 2054 373 2112; x_wconf 84' lang='lat' dir='ltr'>proferetur,</span> <span class='ocrx_word' id='word_1_301' title='bbox 405 2054 447 2096; x_wconf 90' lang='lat' dir='ltr'>id</span> <span class='ocrx_word' id='word_1_302' title='bbox 479 2060 565 2103; x_wconf 89' lang='lat' dir='ltr'>est,</span> <span class='ocrx_word' id='word_1_303' title='bbox 599 2059 669 2095; x_wconf 87' lang='lat' dir='ltr'>aut</span> <span class='ocrx_word' id='word_1_304' title='bbox 699 2055 769 2095; x_wconf 82' lang='lat' dir='ltr'>lex</span> <span class='ocrx_word' id='word_1_305' title='bbox 799 2055 888 2108; x_wconf 91' lang='lat' dir='ltr'>ipsa</span> <span class='ocrx_word' id='word_1_306' title='bbox 919 2058 990 2094; x_wconf 86' lang='lat' dir='ltr'>aut</span> <span class='ocrx_word' id='word_1_307' title='bbox 1019 2055 1177 2110; x_wconf 86' lang='lat' dir='ltr'>aliquid</span> <span class='ocrx_word' id='word_1_308' title='bbox 1208 2069 1259 2095; x_wconf 85' lang='lat' dir='ltr'>ex</span> <span class='ocrx_word' id='word_1_309' title='bbox 1290 2054 1398 2109; x_wconf 86' lang='lat' dir='ltr'>lege.</span> <span class='ocrx_word' id='word_1_310' title='bbox 1458 2055 1628 2101; x_wconf 88' lang='lat' dir='ltr'>Postea,</span> <span class='ocrx_word' id='word_1_311' title='bbox 1667 2057 1779 2109; x_wconf 90' lang='lat' dir='ltr'>quod</span> <span class='ocrx_word' id='word_1_312' title='bbox 1809 2068 1879 2096; x_wconf 88' lang='lat' dir='ltr'>ve-</span> 
     </span>
     <span class='ocr_line' id='line_1_30' title="bbox 115 2116 1877 2172; baseline -0.001 -13"><span class='ocrx_word' id='word_1_313' title='bbox 115 2117 476 2159; x_wconf 88' lang='lat' dir='ltr'>hementissimum</span> <span class='ocrx_word' id='word_1_314' title='bbox 507 2122 590 2165; x_wconf 88' lang='lat' dir='ltr'>est,</span> <span class='ocrx_word' id='word_1_315' title='bbox 623 2116 720 2157; x_wconf 88' lang='lat' dir='ltr'>facti</span> <span class='ocrx_word' id='word_1_316' title='bbox 752 2121 822 2156; x_wconf 86' lang='lat' dir='ltr'>aut</span> <span class='ocrx_word' id='word_1_317' title='bbox 850 2116 1092 2158; x_wconf 86' lang='lat' dir='ltr'>intentionis</span> <span class='ocrx_word' id='word_1_318' title='bbox 1123 2117 1458 2159; x_wconf 86' lang='lat' dir='ltr'>adversariorum</span> <span class='ocrx_word' id='word_1_319' title='bbox 1488 2131 1581 2158; x_wconf 91' lang='lat' dir='ltr'>cum</span> <span class='ocrx_word' id='word_1_320' title='bbox 1609 2117 1700 2172; x_wconf 90' lang='lat' dir='ltr'>ipso</span> <span class='ocrx_word' id='word_1_321' title='bbox 1723 2117 1877 2170; x_wconf 87' lang='lat' dir='ltr'>scripto</span> 
     </span>
     <span class='ocr_line' id='line_1_31' title="bbox 116 2179 1929 2236; baseline 0.001 -15"><span class='ocrx_word' id='word_1_322' title='bbox 116 2181 406 2228; x_wconf 87' lang='lat' dir='ltr'>contentione,</span> <span class='ocrx_word' id='word_1_323' title='bbox 441 2180 540 2236; x_wconf 91' lang='lat' dir='ltr'>quid</span> <span class='ocrx_word' id='word_1_324' title='bbox 571 2180 770 2233; x_wconf 90' lang='lat' dir='ltr'>scriptum</span> <span class='ocrx_word' id='word_1_325' title='bbox 800 2180 875 2228; x_wconf 88' lang='lat' dir='ltr'>sit,</span> <span class='ocrx_word' id='word_1_326' title='bbox 908 2181 1008 2234; x_wconf 91' lang='lat' dir='ltr'>quid</span> <span class='ocrx_word' id='word_1_327' title='bbox 1037 2180 1215 2228; x_wconf 88' lang='lat' dir='ltr'>factum,</span> <span class='ocrx_word' id='word_1_328' title='bbox 1250 2182 1349 2236; x_wconf 92' lang='lat' dir='ltr'>quid</span> <span class='ocrx_word' id='word_1_329' title='bbox 1380 2179 1540 2221; x_wconf 89' lang='lat' dir='ltr'>iuratus</span> <span class='ocrx_word' id='word_1_330' title='bbox 1570 2179 1723 2229; x_wconf 83' lang='lat' dir='ltr'>iudex;</span> <span class='ocrx_word' id='word_1_331' title='bbox 1756 2193 1877 2235; x_wconf 91' lang='lat' dir='ltr'>quem</span> <span class='ocrx_word' id='word_1_332' title='bbox 1893 2197 1929 2224; x_wconf 62' lang='grc' dir='ltr'>σο</span> 
     </span>
     <span class='ocr_line' id='line_1_32' title="bbox 115 2240 1878 2296; baseline -0.001 -12"><span class='ocrx_word' id='word_1_333' title='bbox 115 2243 255 2284; x_wconf 92' lang='lat' dir='ltr'>locum</span> <span class='ocrx_word' id='word_1_334' title='bbox 285 2241 426 2284; x_wconf 91' lang='lat' dir='ltr'>multis</span> <span class='ocrx_word' id='word_1_335' title='bbox 454 2243 590 2283; x_wconf 93' lang='lat' dir='ltr'>modis</span> <span class='ocrx_word' id='word_1_336' title='bbox 620 2241 782 2283; x_wconf 87' lang='lat' dir='ltr'>variare</span> <span class='ocrx_word' id='word_1_337' title='bbox 814 2240 1049 2296; x_wconf 87' lang='lat' dir='ltr'>oportebit,</span> <span class='ocrx_word' id='word_1_338' title='bbox 1098 2248 1184 2284; x_wconf 88' lang='lat' dir='ltr'>tum</span> <span class='ocrx_word' id='word_1_339' title='bbox 1226 2241 1364 2296; x_wconf 90' lang='lat' dir='ltr'>ipsum</span> <span class='ocrx_word' id='word_1_340' title='bbox 1405 2256 1545 2284; x_wconf 90' lang='lat' dir='ltr'>secum</span> <span class='ocrx_word' id='word_1_341' title='bbox 1585 2243 1878 2290; x_wconf 87' lang='lat' dir='ltr'>admirantem,</span> 
     </span>
     <span class='ocr_line' id='line_1_33' title="bbox 120 2303 1879 2360; baseline -0.001 -14"><span class='ocrx_word' id='word_1_342' title='bbox 120 2304 317 2360; x_wconf 88' lang='lat' dir='ltr'>quidnam</span> <span class='ocrx_word' id='word_1_343' title='bbox 357 2310 502 2350; x_wconf 76' lang='lat' dir='ltr'>contra</span> <span class='ocrx_word' id='word_1_344' title='bbox 541 2305 623 2346; x_wconf 90' lang='lat' dir='ltr'>dici</span> <span class='ocrx_word' id='word_1_345' title='bbox 653 2305 807 2360; x_wconf 90' lang='lat' dir='ltr'>possit,</span> <span class='ocrx_word' id='word_1_346' title='bbox 859 2309 947 2345; x_wconf 86' lang='lat' dir='ltr'>tum</span> <span class='ocrx_word' id='word_1_347' title='bbox 977 2307 1029 2346; x_wconf 88' lang='lat' dir='ltr'>ad</span> <span class='ocrx_word' id='word_1_348' title='bbox 1058 2305 1208 2346; x_wconf 87' lang='lat' dir='ltr'>iudicis</span> <span class='ocrx_word' id='word_1_349' title='bbox 1239 2304 1422 2346; x_wconf 83' lang='lat' dir='ltr'>officium</span> <span class='ocrx_word' id='word_1_350' title='bbox 1453 2310 1728 2347; x_wconf 89' lang='lat' dir='ltr'>revertentem</span> <span class='ocrx_word' id='word_1_351' title='bbox 1759 2310 1800 2345; x_wconf 89' lang='lat' dir='ltr'>et</span> <span class='ocrx_word' id='word_1_352' title='bbox 1829 2303 1879 2345; x_wconf 91' lang='lat' dir='ltr'>ab</span> 
     </span>
     <span class='ocr_line' id='line_1_34' title="bbox 119 2366 1880 2424; baseline 0 -16"><span class='ocrx_word' id='word_1_353' title='bbox 119 2381 170 2408; x_wconf 88' lang='lat' dir='ltr'>eo</span> <span class='ocrx_word' id='word_1_354' title='bbox 202 2373 493 2423; x_wconf 85' lang='lat' dir='ltr'>quaerentem,</span> <span class='ocrx_word' id='word_1_355' title='bbox 524 2369 625 2423; x_wconf 93' lang='lat' dir='ltr'>quid</span> <span class='ocrx_word' id='word_1_356' title='bbox 654 2372 872 2422; x_wconf 87' lang='lat' dir='ltr'>praeterea</span> <span class='ocrx_word' id='word_1_357' title='bbox 902 2366 1047 2409; x_wconf 88' lang='lat' dir='ltr'>audire</span> <span class='ocrx_word' id='word_1_358' title='bbox 1077 2373 1148 2409; x_wconf 88' lang='lat' dir='ltr'>aut</span> <span class='ocrx_word' id='word_1_359' title='bbox 1169 2374 1412 2424; x_wconf 86' lang='lat' dir='ltr'>exspectare</span> <span class='ocrx_word' id='word_1_360' title='bbox 1434 2370 1605 2419; x_wconf 88' lang='lat' dir='ltr'>debeat;</span> <span class='ocrx_word' id='word_1_361' title='bbox 1636 2373 1724 2410; x_wconf 87' lang='lat' dir='ltr'>tum</span> <span class='ocrx_word' id='word_1_362' title='bbox 1745 2368 1880 2421; x_wconf 92' lang='lat' dir='ltr'>ipsum</span> 
     </span>
     <span class='ocr_line' id='line_1_35' title="bbox 119 2429 1877 2486; baseline -0.001 -15"><span class='ocrx_word' id='word_1_363' title='bbox 119 2431 405 2472; x_wconf 86' lang='lat' dir='ltr'>adversarium</span> <span class='ocrx_word' id='word_1_364' title='bbox 436 2430 553 2485; x_wconf 88' lang='lat' dir='ltr'>quasi</span> <span class='ocrx_word' id='word_1_365' title='bbox 581 2431 822 2472; x_wconf 89' lang='lat' dir='ltr'>intentantis</span> <span class='ocrx_word' id='word_1_366' title='bbox 851 2429 944 2472; x_wconf 88' lang='lat' dir='ltr'>loco</span> <span class='ocrx_word' id='word_1_367' title='bbox 975 2429 1275 2486; x_wconf 86' lang='lat' dir='ltr'>producendo,</span> <span class='ocrx_word' id='word_1_368' title='bbox 1322 2433 1404 2473; x_wconf 88' lang='lat' dir='ltr'>hoc</span> <span class='ocrx_word' id='word_1_369' title='bbox 1435 2437 1517 2480; x_wconf 88' lang='lat' dir='ltr'>est,</span> <span class='ocrx_word' id='word_1_370' title='bbox 1557 2432 1877 2485; x_wconf 85' lang='lat' dir='ltr'>interrogando,</span> 
     </span>
     <span class='ocr_line' id='line_1_36' title="bbox 119 2493 1928 2550; baseline -0.001 -15"><span class='ocrx_word' id='word_1_371' title='bbox 119 2498 260 2535; x_wconf 81' lang='lat' dir='ltr'>utrum</span> <span class='ocrx_word' id='word_1_372' title='bbox 291 2495 489 2550; x_wconf 88' lang='lat' dir='ltr'>scriptum</span> <span class='ocrx_word' id='word_1_373' title='bbox 518 2499 643 2548; x_wconf 87' lang='lat' dir='ltr'>neget</span> <span class='ocrx_word' id='word_1_374' title='bbox 673 2507 764 2536; x_wconf 89' lang='lat' dir='ltr'>esse</span> <span class='ocrx_word' id='word_1_375' title='bbox 795 2508 845 2536; x_wconf 90' lang='lat' dir='ltr'>eo</span> <span class='ocrx_word' id='word_1_376' title='bbox 878 2493 1028 2543; x_wconf 91' lang='lat' dir='ltr'>modo,</span> <span class='ocrx_word' id='word_1_377' title='bbox 1079 2507 1131 2536; x_wconf 90' lang='lat' dir='ltr'>an</span> <span class='ocrx_word' id='word_1_378' title='bbox 1172 2497 1223 2535; x_wconf 88' lang='lat' dir='ltr'>ab</span> <span class='ocrx_word' id='word_1_379' title='bbox 1261 2508 1305 2536; x_wconf 90' lang='lat' dir='ltr'>se</span> <span class='ocrx_word' id='word_1_380' title='bbox 1337 2499 1480 2536; x_wconf 89' lang='lat' dir='ltr'>contra</span> <span class='ocrx_word' id='word_1_381' title='bbox 1507 2493 1661 2535; x_wconf 85' lang='lat' dir='ltr'>factum</span> <span class='ocrx_word' id='word_1_382' title='bbox 1692 2507 1782 2534; x_wconf 87' lang='lat' dir='ltr'>esse</span> <span class='ocrx_word' id='word_1_383' title='bbox 1811 2496 1928 2535; x_wconf 76' lang='lat' dir='ltr'>autss</span> 
     </span>
    </p>
   </div>
   <div class='ocr_carea' id='block_1_3' title="bbox 122 2649 1885 3395">
    <p class='ocr_par' dir='ltr' id='par_1_4' title="bbox 122 2649 1885 3395">
     <span class='ocr_line' id='line_1_37' title="bbox 215 2649 1881 2692; baseline -0.002 -8"><span class='ocrx_word' id='word_1_384' title='bbox 215 2652 250 2684; x_wconf 92' lang='lat'>1.</span> <span class='ocrx_word' id='word_1_385' title='bbox 278 2655 350 2684; x_wconf 87' lang='lat' dir='ltr'>tum</span> <span class='ocrx_word' id='word_1_386' title='bbox 372 2652 456 2684; x_wconf 77' lang='lat' dir='ltr'>mihi</span> <span class='ocrx_word' id='word_1_387' title='bbox 482 2652 539 2684; x_wconf 84' lang='lat' dir='ltr'>PT</span> <span class='ocrx_word' id='word_1_388' title='bbox 565 2652 696 2692; x_wconf 86' lang='lat' dir='ltr'>aliique</span> <span class='ocrx_word' id='word_1_389' title='bbox 722 2653 870 2691; x_wconf 88' lang='lat' dir='ltr'>optimi:</span> <span class='ocrx_word' id='word_1_390' title='bbox 899 2655 936 2683; x_wconf 80' lang='lat' dir='ltr'>tu</span> <span class='ocrx_word' id='word_1_391' title='bbox 960 2651 1045 2683; x_wconf 79' lang='lat' dir='ltr'>mihi</span> <span class='ocrx_word' id='word_1_392' title='bbox 1069 2651 1096 2684; x_wconf 90' lang='lat' dir='ltr'>E</span> <span class='ocrx_word' id='word_1_393' title='bbox 1123 2659 1200 2684; x_wconf 91' lang='lat' dir='ltr'>cum</span> <span class='ocrx_word' id='word_1_394' title='bbox 1226 2652 1256 2684; x_wconf 88' lang='lat' dir='ltr'>R</span> <span class='ocrx_word' id='word_1_395' title='bbox 1284 2656 1342 2692; x_wconf 87' lang='lat' dir='ltr'>et,</span> <span class='ocrx_word' id='word_1_396' title='bbox 1369 2656 1408 2684; x_wconf 86' lang='lat' dir='ltr'>ut</span> <span class='ocrx_word' id='word_1_397' title='bbox 1432 2652 1592 2690; x_wconf 86' lang='lat' dir='ltr'>videtur,</span> <span class='ocrx_word' id='word_1_398' title='bbox 1629 2650 1671 2683; x_wconf 74' lang='lat' dir='ltr'>A.</span> <span class='ocrx_word' id='word_1_399' title='bbox 1714 2666 1750 2672; x_wconf 95' lang='lat'>—</span> <span class='ocrx_word' id='word_1_400' title='bbox 1792 2649 1881 2682; x_wconf 79' lang='lat' dir='ltr'>dicet</span> 
     </span>
     <span class='ocr_line' id='line_1_38' title="bbox 122 2697 1879 2740; baseline -0.002 -10"><span class='ocrx_word' id='word_1_401' title='bbox 122 2697 230 2734; x_wconf 78' lang='grc' dir='ltr'>ΡΑΤ,</span> <span class='ocrx_word' id='word_1_402' title='bbox 277 2708 345 2731; x_wconf 91' lang='lat' dir='ltr'>om.</span> <span class='ocrx_word' id='word_1_403' title='bbox 382 2700 409 2731; x_wconf 89' lang='lat' dir='ltr'>B</span> <span class='ocrx_word' id='word_1_404' title='bbox 443 2700 675 2731; x_wconf 85' lang='lat' dir='ltr'>Lindemanni</span> <span class='ocrx_word' id='word_1_405' title='bbox 713 2703 746 2730; x_wconf 85' lang='lat' dir='ltr'>et</span> <span class='ocrx_word' id='word_1_406' title='bbox 784 2698 894 2731; x_wconf 85' lang='lat' dir='ltr'>Oxou.</span> <span class='ocrx_word' id='word_1_407' title='bbox 928 2707 1032 2731; x_wconf 79' lang='lat' dir='ltr'>unus.</span> <span class='ocrx_word' id='word_1_408' title='bbox 1085 2698 1235 2732; x_wconf 87' lang='lat' dir='ltr'>Videtur</span> <span class='ocrx_word' id='word_1_409' title='bbox 1266 2705 1470 2740; x_wconf 84' lang='lat' dir='ltr'>corruptum</span> <span class='ocrx_word' id='word_1_410' title='bbox 1497 2708 1535 2731; x_wconf 84' lang='lat' dir='ltr'>ex</span> <span class='ocrx_word' id='word_1_411' title='bbox 1562 2699 1600 2730; x_wconf 86' lang='lat' dir='ltr'>L.</span> <span class='ocrx_word' id='word_1_412' title='bbox 1631 2699 1768 2730; x_wconf 69' lang='lat' dir='ltr'>Tlrn’s.</span> <span class='ocrx_word' id='word_1_413' title='bbox 1809 2697 1879 2728; x_wconf 77' lang='lat' dir='ltr'>On.</span> 
     </span>
     <span class='ocr_line' id='line_1_39' title="bbox 123 2744 1883 2786; baseline -0.002 -9"><span class='ocrx_word' id='word_1_414' title='bbox 123 2744 211 2786; x_wconf 84' lang='lat' dir='ltr'>(tum</span> <span class='ocrx_word' id='word_1_415' title='bbox 233 2746 318 2778; x_wconf 80' lang='lat' dir='ltr'>mihi</span> <span class='ocrx_word' id='word_1_416' title='bbox 341 2746 397 2779; x_wconf 81' lang='lat' dir='ltr'>ille</span> <span class='ocrx_word' id='word_1_417' title='bbox 419 2747 586 2779; x_wconf 80' lang='lat' dir='ltr'>secundus</span> <span class='ocrx_word' id='word_1_418' title='bbox 611 2745 733 2778; x_wconf 88' lang='lat' dir='ltr'>Lamb.</span> <span class='ocrx_word' id='word_1_419' title='bbox 763 2744 832 2777; x_wconf 85' lang='lat' dir='ltr'>Csr.</span> <span class='ocrx_word' id='word_1_420' title='bbox 861 2745 884 2776; x_wconf 92' lang='grc'>1.</span> <span class='ocrx_word' id='word_1_421' title='bbox 911 2745 933 2776; x_wconf 95' lang='grc' dir='ltr'>Ι.</span> <span class='ocrx_word' id='word_1_422' title='bbox 959 2746 1002 2779; x_wconf 88' lang='lat' dir='ltr'>de</span> <span class='ocrx_word' id='word_1_423' title='bbox 1029 2745 1142 2783; x_wconf 84' lang='lat' dir='ltr'>Orat.)</span> <span class='ocrx_word' id='word_1_424' title='bbox 1179 2763 1223 2768; x_wconf 96' lang='lat'>—</span> <span class='ocrx_word' id='word_1_425' title='bbox 1265 2746 1298 2777; x_wconf 83' lang='lat'>2.</span> <span class='ocrx_word' id='word_1_426' title='bbox 1326 2752 1432 2779; x_wconf 74' lang='lat' dir='ltr'>natus</span> <span class='ocrx_word' id='word_1_427' title='bbox 1455 2755 1525 2778; x_wconf 82' lang='lat' dir='ltr'>non</span> <span class='ocrx_word' id='word_1_428' title='bbox 1550 2749 1597 2778; x_wconf 84' lang='lat' dir='ltr'>est</span> <span class='ocrx_word' id='word_1_429' title='bbox 1621 2744 1767 2776; x_wconf 71' lang='lat' dir='ltr'>PART:</span> <span class='ocrx_word' id='word_1_430' title='bbox 1809 2752 1883 2775; x_wconf 76' lang='lat' dir='ltr'>non</span> 
     </span>
     <span class='ocr_line' id='line_1_40' title="bbox 125 2789 1882 2835; baseline -0.001 -12"><span class='ocrx_word' id='word_1_431' title='bbox 125 2797 175 2824; x_wconf 78' lang='lat' dir='ltr'>est</span> <span class='ocrx_word' id='word_1_432' title='bbox 199 2797 305 2824; x_wconf 78' lang='lat' dir='ltr'>natus</span> <span class='ocrx_word' id='word_1_433' title='bbox 332 2793 372 2824; x_wconf 88' lang='lat' dir='ltr'>E.</span> <span class='ocrx_word' id='word_1_434' title='bbox 401 2810 441 2816; x_wconf 96' lang='lat'>—</span> <span class='ocrx_word' id='word_1_435' title='bbox 468 2795 527 2835; x_wconf 80' lang='lat' dir='ltr'>qui</span> <span class='ocrx_word' id='word_1_436' title='bbox 551 2797 599 2826; x_wconf 84' lang='lat' dir='ltr'>est</span> <span class='ocrx_word' id='word_1_437' title='bbox 626 2793 794 2824; x_wconf 78' lang='lat' dir='ltr'>secundus</span> <span class='ocrx_word' id='word_1_438' title='bbox 819 2792 914 2824; x_wconf 82' lang='lat' dir='ltr'>heres</span> <span class='ocrx_word' id='word_1_439' title='bbox 937 2793 1015 2824; x_wconf 77' lang='grc' dir='ltr'>ΑΜ.</span> <span class='ocrx_word' id='word_1_440' title='bbox 1035 2816 1044 2831; x_wconf 91' lang='grc'>,</span> <span class='ocrx_word' id='word_1_441' title='bbox 1075 2795 1098 2824; x_wconf 72' lang='grc' dir='ltr'>Ι,</span> <span class='ocrx_word' id='word_1_442' title='bbox 1125 2803 1166 2827; x_wconf 83' lang='lat' dir='ltr'>ex</span> <span class='ocrx_word' id='word_1_443' title='bbox 1192 2793 1384 2826; x_wconf 85' lang='lat' dir='ltr'>Victorini:</span> <span class='ocrx_word' id='word_1_444' title='bbox 1412 2794 1470 2835; x_wconf 83' lang='lat' dir='ltr'>qui</span> <span class='ocrx_word' id='word_1_445' title='bbox 1494 2796 1542 2824; x_wconf 78' lang='lat' dir='ltr'>est</span> <span class='ocrx_word' id='word_1_446' title='bbox 1566 2789 1672 2830; x_wconf 76' lang='lat' dir='ltr'>heres]</span> <span class='ocrx_word' id='word_1_447' title='bbox 1702 2800 1718 2819; x_wconf 71' lang='grc' dir='ltr'>α</span> <span class='ocrx_word' id='word_1_448' title='bbox 1747 2790 1882 2822; x_wconf 87' lang='lat' dir='ltr'>Secun-</span> 
     </span>
     <span class='ocr_line' id='line_1_41' title="bbox 126 2837 1883 2881; baseline -0.001 -11"><span class='ocrx_word' id='word_1_449' title='bbox 126 2840 189 2870; x_wconf 88' lang='lat' dir='ltr'>dus</span> <span class='ocrx_word' id='word_1_450' title='bbox 216 2840 385 2872; x_wconf 82' lang='lat' dir='ltr'>scilicet.»</span> <span class='ocrx_word' id='word_1_451' title='bbox 413 2857 454 2863; x_wconf 96' lang='lat'>—</span> <span class='ocrx_word' id='word_1_452' title='bbox 493 2839 527 2871; x_wconf 90' lang='lat'>3.</span> <span class='ocrx_word' id='word_1_453' title='bbox 556 2841 688 2872; x_wconf 76' lang='lat' dir='ltr'>venerit</span> <span class='ocrx_word' id='word_1_454' title='bbox 712 2839 912 2871; x_wconf 85' lang='lat' dir='ltr'>Victorinus</span> <span class='ocrx_word' id='word_1_455' title='bbox 940 2845 975 2871; x_wconf 80' lang='lat' dir='ltr'>et</span> <span class='ocrx_word' id='word_1_456' title='bbox 1001 2839 1138 2872; x_wconf 80' lang='lat' dir='ltr'>Oxonn.</span> <span class='ocrx_word' id='word_1_457' title='bbox 1167 2845 1356 2881; x_wconf 80' lang='lat' dir='ltr'>quattuor:</span> <span class='ocrx_word' id='word_1_458' title='bbox 1397 2840 1515 2872; x_wconf 81' lang='lat' dir='ltr'>veniat</span> <span class='ocrx_word' id='word_1_459' title='bbox 1539 2837 1711 2874; x_wconf 76' lang='lat' dir='ltr'>PARTE,</span> <span class='ocrx_word' id='word_1_460' title='bbox 1749 2838 1883 2869; x_wconf 80' lang='lat' dir='ltr'>veniret</span> 
     </span>
     <span class='ocr_line' id='line_1_42' title="bbox 127 2883 1884 2922; baseline -0.002 -5"><span class='ocrx_word' id='word_1_461' title='bbox 127 2886 326 2919; x_wconf 80' lang='lat' dir='ltr'>Schntzius.</span> <span class='ocrx_word' id='word_1_462' title='bbox 353 2902 391 2908; x_wconf 96' lang='lat'><strong>—</strong></span> <span class='ocrx_word' id='word_1_463' title='bbox 417 2887 453 2918; x_wconf 69' lang='grc'>4.</span> <span class='ocrx_word' id='word_1_464' title='bbox 479 2891 510 2920; x_wconf 78' lang='lat' dir='ltr'>et</span> <span class='ocrx_word' id='word_1_465' title='bbox 534 2887 645 2919; x_wconf 76' lang='lat' dir='ltr'>PAT:</span> <span class='ocrx_word' id='word_1_466' title='bbox 674 2891 736 2918; x_wconf 81' lang='lat' dir='ltr'>aut</span> <span class='ocrx_word' id='word_1_467' title='bbox 761 2886 836 2917; x_wconf 88' lang='lat' dir='ltr'>RE.</span> <span class='ocrx_word' id='word_1_468' title='bbox 859 2903 896 2908; x_wconf 98' lang='lat'><strong>—</strong></span> <span class='ocrx_word' id='word_1_469' title='bbox 925 2885 959 2917; x_wconf 88' lang='lat'>6.</span> <span class='ocrx_word' id='word_1_470' title='bbox 987 2886 1063 2918; x_wconf 83' lang='lat' dir='ltr'>sola</span> <span class='ocrx_word' id='word_1_471' title='bbox 1089 2895 1156 2919; x_wconf 80' lang='lat' dir='ltr'>esse</span> <span class='ocrx_word' id='word_1_472' title='bbox 1181 2888 1441 2919; x_wconf 82' lang='lat' dir='ltr'>demonstratur</span> <span class='ocrx_word' id='word_1_473' title='bbox 1458 2886 1533 2922; x_wconf 90' lang='lat' dir='ltr'>PR,</span> <span class='ocrx_word' id='word_1_474' title='bbox 1561 2883 1675 2916; x_wconf 84' lang='lat' dir='ltr'>Schol.</span> <span class='ocrx_word' id='word_1_475' title='bbox 1705 2883 1802 2916; x_wconf 89' lang='lat' dir='ltr'>Voss.</span> <span class='ocrx_word' id='word_1_476' title='bbox 1824 2884 1884 2914; x_wconf 81' lang='lat'>11:</span> 
     </span>
     <span class='ocr_line' id='line_1_43' title="bbox 125 2929 1881 2973; baseline -0.003 -8"><span class='ocrx_word' id='word_1_477' title='bbox 125 2933 204 2965; x_wconf 78' lang='lat' dir='ltr'>sola</span> <span class='ocrx_word' id='word_1_478' title='bbox 227 2934 488 2965; x_wconf 75' lang='lat' dir='ltr'>demonstratur</span> <span class='ocrx_word' id='word_1_479' title='bbox 512 2934 617 2966; x_wconf 76' lang='lat' dir='ltr'>A‘I&#39;E.</span> <span class='ocrx_word' id='word_1_480' title='bbox 648 2950 685 2956; x_wconf 95' lang='lat'>—</span> <span class='ocrx_word' id='word_1_481' title='bbox 714 2934 747 2967; x_wconf 81' lang='lat'>7.</span> <span class='ocrx_word' id='word_1_482' title='bbox 774 2930 943 2972; x_wconf 66' lang='lat' dir='ltr'>Alterum]</span> <span class='ocrx_word' id='word_1_483' title='bbox 970 2932 1062 2965; x_wconf 83' lang='lat' dir='ltr'>Illud</span> <span class='ocrx_word' id='word_1_484' title='bbox 1085 2933 1110 2965; x_wconf 88' lang='lat' dir='ltr'><strong>P</strong></span> <span class='ocrx_word' id='word_1_485' title='bbox 1137 2937 1171 2967; x_wconf 87' lang='lat' dir='ltr'>et</span> <span class='ocrx_word' id='word_1_486' title='bbox 1198 2942 1248 2973; x_wconf 87' lang='lat' dir='ltr'>pr.</span> <span class='ocrx_word' id='word_1_487' title='bbox 1276 2934 1329 2972; x_wconf 90' lang='lat' dir='ltr'>R,</span> <span class='ocrx_word' id='word_1_488' title='bbox 1356 2932 1453 2965; x_wconf 83' lang='lat' dir='ltr'>aliud</span> <span class='ocrx_word' id='word_1_489' title='bbox 1478 2940 1544 2971; x_wconf 89' lang='lat' dir='ltr'>mg.</span> <span class='ocrx_word' id='word_1_490' title='bbox 1565 2931 1608 2962; x_wconf 89' lang='lat' dir='ltr'>R.</span> <span class='ocrx_word' id='word_1_491' title='bbox 1636 2929 1806 2970; x_wconf 79' lang='lat' dir='ltr'>(Alterum</span> <span class='ocrx_word' id='word_1_492' title='bbox 1830 2938 1881 2962; x_wconf 82' lang='lat' dir='ltr'>rc.</span> 
     </span>
     <span class='ocr_line' id='line_1_44' title="bbox 128 2977 1884 3019; baseline -0.002 -6"><span class='ocrx_word' id='word_1_493' title='bbox 128 2989 218 3014; x_wconf 89' lang='lat' dir='ltr'>corr.</span> <span class='ocrx_word' id='word_1_494' title='bbox 247 2979 310 3019; x_wconf 89' lang='lat' dir='ltr'>R.)</span> <span class='ocrx_word' id='word_1_495' title='bbox 339 2996 379 3003; x_wconf 95' lang='lat'>—-</span> <span class='ocrx_word' id='word_1_496' title='bbox 407 2980 463 3011; x_wconf 80' lang='lat'>12.</span> <span class='ocrx_word' id='word_1_497' title='bbox 489 2989 527 3013; x_wconf 87' lang='lat' dir='ltr'>eo</span> <span class='ocrx_word' id='word_1_498' title='bbox 552 2980 652 3014; x_wconf 85' lang='lat' dir='ltr'>Leid.</span> <span class='ocrx_word' id='word_1_499' title='bbox 681 2980 709 3011; x_wconf 87' lang='lat'>1.</span> <span class='ocrx_word' id='word_1_500' title='bbox 739 2980 836 3011; x_wconf 91' lang='lat' dir='ltr'>Voss.</span> <span class='ocrx_word' id='word_1_501' title='bbox 865 2979 912 3010; x_wconf 87' lang='lat'>11.</span> <span class='ocrx_word' id='word_1_502' title='bbox 931 3002 939 3016; x_wconf 95' lang='lat'>‚</span> <span class='ocrx_word' id='word_1_503' title='bbox 969 2987 1058 3012; x_wconf 88' lang='lat' dir='ltr'>corr.</span> <span class='ocrx_word' id='word_1_504' title='bbox 1087 2980 1204 3013; x_wconf 84' lang='lat' dir='ltr'>Schol.</span> <span class='ocrx_word' id='word_1_505' title='bbox 1223 3003 1232 3019; x_wconf 92' lang='lat'>,</span> <span class='ocrx_word' id='word_1_506' title='bbox 1262 2981 1311 3011; x_wconf 93' lang='lat' dir='ltr'>L:</span> <span class='ocrx_word' id='word_1_507' title='bbox 1341 2989 1415 3013; x_wconf 84' lang='lat' dir='ltr'>eum</span> <span class='ocrx_word' id='word_1_508' title='bbox 1440 2977 1602 3010; x_wconf 78' lang='lat' dir='ltr'>PARTE.</span> <span class='ocrx_word' id='word_1_509' title='bbox 1622 2993 1665 2999; x_wconf 87' lang='lat'>-</span> <span class='ocrx_word' id='word_1_510' title='bbox 1693 2978 1749 3010; x_wconf 86' lang='lat'>15.</span> <span class='ocrx_word' id='word_1_511' title='bbox 1775 2977 1884 3009; x_wconf 76' lang='lat' dir='ltr'>milite</span> 
     </span>
     <span class='ocr_line' id='line_1_45' title="bbox 128 3023 1881 3065; baseline -0.003 -5"><span class='ocrx_word' id='word_1_512' title='bbox 128 3037 198 3060; x_wconf 89' lang='lat' dir='ltr'>om.</span> <span class='ocrx_word' id='word_1_513' title='bbox 224 3027 297 3058; x_wconf 87' lang='lat' dir='ltr'>PR.</span> <span class='ocrx_word' id='word_1_514' title='bbox 323 3043 365 3050; x_wconf 91' lang='lat'>——</span> <span class='ocrx_word' id='word_1_515' title='bbox 393 3026 448 3059; x_wconf 82' lang='lat'>16.</span> <span class='ocrx_word' id='word_1_516' title='bbox 474 3028 618 3060; x_wconf 81' lang='lat' dir='ltr'>militem</span> <span class='ocrx_word' id='word_1_517' title='bbox 641 3026 759 3058; x_wconf 81' lang='lat' dir='ltr'>ART:</span> <span class='ocrx_word' id='word_1_518' title='bbox 788 3027 937 3058; x_wconf 80' lang='lat' dir='ltr'>militum</span> <span class='ocrx_word' id='word_1_519' title='bbox 962 3026 1033 3058; x_wconf 86' lang='lat' dir='ltr'>PE.</span> <span class='ocrx_word' id='word_1_520' title='bbox 1086 3028 1161 3059; x_wconf 83' lang='lat' dir='ltr'>lloc</span> <span class='ocrx_word' id='word_1_521' title='bbox 1185 3027 1346 3058; x_wconf 82' lang='lat' dir='ltr'>Latinum</span> <span class='ocrx_word' id='word_1_522' title='bbox 1373 3034 1442 3057; x_wconf 91' lang='lat' dir='ltr'>non</span> <span class='ocrx_word' id='word_1_523' title='bbox 1470 3029 1540 3062; x_wconf 85' lang='lat' dir='ltr'>est;</span> <span class='ocrx_word' id='word_1_524' title='bbox 1569 3025 1733 3065; x_wconf 76' lang='lat' dir='ltr'>quocirca</span> <span class='ocrx_word' id='word_1_525' title='bbox 1758 3023 1881 3056; x_wconf 85' lang='lat' dir='ltr'>Lamb.</span> 
     </span>
     <span class='ocr_line' id='line_1_46' title="bbox 129 3070 1885 3114; baseline -0.003 -7"><span class='ocrx_word' id='word_1_526' title='bbox 129 3074 371 3114; x_wconf 82' lang='lat' dir='ltr'>suspicabatur</span> <span class='ocrx_word' id='word_1_527' title='bbox 395 3074 604 3110; x_wconf 76' lang='lat' dir='ltr'>militarem;</span> <span class='ocrx_word' id='word_1_528' title='bbox 634 3074 719 3105; x_wconf 84' lang='lat' dir='ltr'>illud</span> <span class='ocrx_word' id='word_1_529' title='bbox 746 3082 826 3106; x_wconf 85' lang='lat' dir='ltr'>vero</span> <span class='ocrx_word' id='word_1_530' title='bbox 853 3072 1058 3106; x_wconf 85' lang='lat' dir='ltr'>seclusimus</span> <span class='ocrx_word' id='word_1_531' title='bbox 1085 3078 1123 3106; x_wconf 88' lang='lat' dir='ltr'>ut</span> <span class='ocrx_word' id='word_1_532' title='bbox 1147 3073 1248 3114; x_wconf 84' lang='lat' dir='ltr'>gloss.</span> <span class='ocrx_word' id='word_1_533' title='bbox 1276 3082 1307 3105; x_wconf 90' lang='lat' dir='ltr'>v.</span> <span class='ocrx_word' id='word_1_534' title='bbox 1336 3072 1525 3103; x_wconf 77' lang='lat' dir='ltr'>tribunum.</span> <span class='ocrx_word' id='word_1_535' title='bbox 1549 3087 1585 3094; x_wconf 89' lang='lat'><strong>—</strong></span> <span class='ocrx_word' id='word_1_536' title='bbox 1615 3070 1743 3110; x_wconf 74' lang='lat' dir='ltr'>inferre</span> <span class='ocrx_word' id='word_1_537' title='bbox 1768 3071 1818 3109; x_wconf 90' lang='lat' dir='ltr'>R,</span> <span class='ocrx_word' id='word_1_538' title='bbox 1845 3074 1885 3102; x_wconf 84' lang='lat' dir='ltr'>ut</span> 
     </span>
     <span class='ocr_line' id='line_1_47' title="bbox 127 3117 1881 3160; baseline -0.005 -6"><span class='ocrx_word' id='word_1_539' title='bbox 127 3122 168 3159; x_wconf 89' lang='lat' dir='ltr'>L,</span> <span class='ocrx_word' id='word_1_540' title='bbox 196 3121 321 3154; x_wconf 86' lang='lat' dir='ltr'>Graev.</span> <span class='ocrx_word' id='word_1_541' title='bbox 344 3136 380 3142; x_wconf 97' lang='lat'><strong>—</strong></span> <span class='ocrx_word' id='word_1_542' title='bbox 407 3120 464 3152; x_wconf 76' lang='lat'>20.</span> <span class='ocrx_word' id='word_1_543' title='bbox 483 3129 573 3152; x_wconf 78' lang='lat' dir='ltr'>nave</span> <span class='ocrx_word' id='word_1_544' title='bbox 599 3121 707 3152; x_wconf 79' lang='lat' dir='ltr'>PAT:</span> <span class='ocrx_word' id='word_1_545' title='bbox 732 3121 818 3152; x_wconf 75' lang='lat' dir='ltr'>navi</span> <span class='ocrx_word' id='word_1_546' title='bbox 842 3119 916 3151; x_wconf 86' lang='lat' dir='ltr'>RE.</span> <span class='ocrx_word' id='word_1_547' title='bbox 940 3136 979 3143; x_wconf 94' lang='lat'><strong>—</strong></span> <span class='ocrx_word' id='word_1_548' title='bbox 1006 3120 1063 3151; x_wconf 81' lang='lat'>21.</span> <span class='ocrx_word' id='word_1_549' title='bbox 1091 3121 1244 3152; x_wconf 83' lang='lat' dir='ltr'>Eurotae</span> <span class='ocrx_word' id='word_1_550' title='bbox 1266 3119 1410 3150; x_wconf 77' lang='lat' dir='ltr'>PART:</span> <span class='ocrx_word' id='word_1_551' title='bbox 1439 3118 1597 3148; x_wconf 80' lang='lat' dir='ltr'>Eurotae</span> <span class='ocrx_word' id='word_1_552' title='bbox 1612 3117 1766 3160; x_wconf 73' lang='lat' dir='ltr'>fluminis</span> <span class='ocrx_word' id='word_1_553' title='bbox 1784 3117 1823 3149; x_wconf 89' lang='lat' dir='ltr'>E.</span> <span class='ocrx_word' id='word_1_554' title='bbox 1845 3132 1881 3138; x_wconf 96' lang='lat'>—</span> 
     </span>
     <span class='ocr_line' id='line_1_48' title="bbox 127 3163 1885 3209; baseline -0.004 -8"><span class='ocrx_word' id='word_1_555' title='bbox 127 3168 187 3201; x_wconf 63' lang='lat'>24.</span> <span class='ocrx_word' id='word_1_556' title='bbox 213 3168 369 3209; x_wconf 79' lang='lat' dir='ltr'>desendet</span> <span class='ocrx_word' id='word_1_557' title='bbox 385 3167 428 3205; x_wconf 87' lang='lat' dir='ltr'>V,</span> <span class='ocrx_word' id='word_1_558' title='bbox 457 3166 573 3200; x_wconf 87' lang='lat' dir='ltr'>Schol.</span> <span class='ocrx_word' id='word_1_559' title='bbox 601 3167 700 3199; x_wconf 86' lang='lat' dir='ltr'>Voss.</span> <span class='ocrx_word' id='word_1_560' title='bbox 720 3167 749 3198; x_wconf 90' lang='lat'>1.</span> <span class='ocrx_word' id='word_1_561' title='bbox 777 3167 876 3200; x_wconf 86' lang='lat' dir='ltr'>Leid.</span> <span class='ocrx_word' id='word_1_562' title='bbox 898 3167 970 3198; x_wconf 92' lang='lat'>11.:</span> <span class='ocrx_word' id='word_1_563' title='bbox 997 3167 1147 3207; x_wconf 78' lang='lat' dir='ltr'>defendit</span> <span class='ocrx_word' id='word_1_564' title='bbox 1172 3167 1246 3204; x_wconf 86' lang='lat' dir='ltr'>RE,</span> <span class='ocrx_word' id='word_1_565' title='bbox 1272 3165 1423 3204; x_wconf 78' lang='lat' dir='ltr'>defendit</span> <span class='ocrx_word' id='word_1_566' title='bbox 1450 3168 1481 3196; x_wconf 85' lang='lat' dir='ltr'>et</span> <span class='ocrx_word' id='word_1_567' title='bbox 1508 3163 1608 3195; x_wconf 76' lang='grc' dir='ltr'>ΡΑΤ.</span> <span class='ocrx_word' id='word_1_568' title='bbox 1630 3180 1669 3187; x_wconf 91' lang='grc'><strong>-</strong></span> <span class='ocrx_word' id='word_1_569' title='bbox 1697 3164 1754 3196; x_wconf 85' lang='lat'>25.</span> <span class='ocrx_word' id='word_1_570' title='bbox 1772 3164 1885 3196; x_wconf 77' lang='lat' dir='ltr'>maio-</span> 
     </span>
     <span class='ocr_line' id='line_1_49' title="bbox 128 3210 1885 3255; baseline -0.003 -8"><span class='ocrx_word' id='word_1_571' title='bbox 128 3224 201 3248; x_wconf 84' lang='lat' dir='ltr'>rem</span> <span class='ocrx_word' id='word_1_572' title='bbox 225 3220 342 3248; x_wconf 86' lang='lat' dir='ltr'>autem</span> <span class='ocrx_word' id='word_1_573' title='bbox 364 3216 500 3255; x_wconf 84' lang='lat' dir='ltr'>partem</span> <span class='ocrx_word' id='word_1_574' title='bbox 523 3214 574 3254; x_wconf 88' lang='lat' dir='ltr'>L,</span> <span class='ocrx_word' id='word_1_575' title='bbox 602 3213 796 3246; x_wconf 78' lang='lat' dir='ltr'>Schmzius.</span> <span class='ocrx_word' id='word_1_576' title='bbox 835 3229 875 3236; x_wconf 93' lang='grc'>-</span> <span class='ocrx_word' id='word_1_577' title='bbox 918 3213 975 3245; x_wconf 81' lang='lat'>28.</span> <span class='ocrx_word' id='word_1_578' title='bbox 1002 3213 1139 3252; x_wconf 73' lang='lat' dir='ltr'>aliquid</span> <span class='ocrx_word' id='word_1_579' title='bbox 1163 3223 1204 3245; x_wconf 75' lang='lat' dir='ltr'>ex</span> <span class='ocrx_word' id='word_1_580' title='bbox 1228 3213 1299 3251; x_wconf 71' lang='lat' dir='ltr'>[eye</span> <span class='ocrx_word' id='word_1_581' title='bbox 1324 3210 1466 3249; x_wconf 79' lang='lat' dir='ltr'>PART,</span> <span class='ocrx_word' id='word_1_582' title='bbox 1493 3210 1540 3242; x_wconf 83' lang='lat' dir='ltr'>L:</span> <span class='ocrx_word' id='word_1_583' title='bbox 1585 3219 1628 3243; x_wconf 72' lang='lat' dir='ltr'>ex</span> <span class='ocrx_word' id='word_1_584' title='bbox 1651 3210 1722 3251; x_wconf 75' lang='lat' dir='ltr'>leye</span> <span class='ocrx_word' id='word_1_585' title='bbox 1748 3210 1885 3252; x_wconf 76' lang='lat' dir='ltr'>aliquid</span> 
     </span>
     <span class='ocr_line' id='line_1_50' title="bbox 129 3257 1881 3302; baseline -0.004 -8"><span class='ocrx_word' id='word_1_586' title='bbox 129 3262 169 3294; x_wconf 88' lang='lat' dir='ltr'>E.</span> <span class='ocrx_word' id='word_1_587' title='bbox 200 3279 236 3286; x_wconf 91' lang='lat'><strong>—</strong></span> <span class='ocrx_word' id='word_1_588' title='bbox 266 3263 323 3294; x_wconf 87' lang='lat'>31.</span> <span class='ocrx_word' id='word_1_589' title='bbox 351 3260 544 3302; x_wconf 81' lang='lat' dir='ltr'>oportebit,</span> <span class='ocrx_word' id='word_1_590' title='bbox 572 3265 646 3292; x_wconf 87' lang='lat' dir='ltr'>tum</span> <span class='ocrx_word' id='word_1_591' title='bbox 672 3261 888 3293; x_wconf 85' lang='lat' dir='ltr'>distinximus</span> <span class='ocrx_word' id='word_1_592' title='bbox 915 3267 995 3292; x_wconf 92' lang='lat' dir='ltr'>cum</span> <span class='ocrx_word' id='word_1_593' title='bbox 1020 3260 1142 3291; x_wconf 86' lang='lat' dir='ltr'>Lamb.</span> <span class='ocrx_word' id='word_1_594' title='bbox 1171 3263 1205 3292; x_wconf 89' lang='lat' dir='ltr'>et</span> <span class='ocrx_word' id='word_1_595' title='bbox 1229 3258 1414 3290; x_wconf 81' lang='lat' dir='ltr'>Schutzio:</span> <span class='ocrx_word' id='word_1_596' title='bbox 1443 3257 1626 3296; x_wconf 80' lang='lat' dir='ltr'>oportebit.</span> <span class='ocrx_word' id='word_1_597' title='bbox 1664 3258 1749 3289; x_wconf 84' lang='lat' dir='ltr'>Tum</span> <span class='ocrx_word' id='word_1_598' title='bbox 1775 3257 1814 3288; x_wconf 91' lang='lat' dir='ltr'>E.</span> <span class='ocrx_word' id='word_1_599' title='bbox 1843 3273 1881 3280; x_wconf 89' lang='lat'>-</span> 
     </span>
     <span class='ocr_line' id='line_1_51' title="bbox 130 3301 1880 3349; baseline -0.004 -9"><span class='ocrx_word' id='word_1_600' title='bbox 130 3308 187 3340; x_wconf 88' lang='grc'>33.</span> <span class='ocrx_word' id='word_1_601' title='bbox 227 3312 291 3340; x_wconf 83' lang='lat' dir='ltr'>aut</span> <span class='ocrx_word' id='word_1_602' title='bbox 323 3308 409 3349; x_wconf 83' lang='lat' dir='ltr'>quid</span> <span class='ocrx_word' id='word_1_603' title='bbox 440 3310 637 3347; x_wconf 69' lang='lat' dir='ltr'>exspectare</span> <span class='ocrx_word' id='word_1_604' title='bbox 666 3307 752 3341; x_wconf 87' lang='lat' dir='ltr'>Cod.</span> <span class='ocrx_word' id='word_1_605' title='bbox 791 3306 887 3340; x_wconf 77' lang='lat' dir='ltr'>Cass.</span> <span class='ocrx_word' id='word_1_606' title='bbox 923 3306 1022 3347; x_wconf 85' lang='lat' dir='ltr'>prob.</span> <span class='ocrx_word' id='word_1_607' title='bbox 1058 3306 1141 3338; x_wconf 89' lang='lat' dir='ltr'>Ern.</span> <span class='ocrx_word' id='word_1_608' title='bbox 1186 3303 1314 3346; x_wconf 85' lang='lat' dir='ltr'>(nullus</span> <span class='ocrx_word' id='word_1_609' title='bbox 1339 3308 1536 3338; x_wconf 82' lang='lat' dir='ltr'>nostrorum</span> <span class='ocrx_word' id='word_1_610' title='bbox 1561 3312 1679 3345; x_wconf 86' lang='lat' dir='ltr'>neque</span> <span class='ocrx_word' id='word_1_611' title='bbox 1705 3301 1814 3344; x_wconf 88' lang='lat' dir='ltr'>Oud.)</span> <span class='ocrx_word' id='word_1_612' title='bbox 1843 3320 1880 3328; x_wconf 91' lang='lat'>—</span> 
     </span>
     <span class='ocr_line' id='line_1_52' title="bbox 132 3351 641 3395; baseline -0.004 -7"><span class='ocrx_word' id='word_1_613' title='bbox 132 3356 188 3388; x_wconf 68' lang='lat'>34.</span> <span class='ocrx_word' id='word_1_614' title='bbox 213 3356 422 3388; x_wconf 77' lang='lat' dir='ltr'>intendentis</span> <span class='ocrx_word' id='word_1_615' title='bbox 447 3351 502 3395; x_wconf 70' lang='lat' dir='ltr'>pr.</span> <span class='ocrx_word' id='word_1_616' title='bbox 527 3354 641 3387; x_wconf 87' lang='lat' dir='ltr'>Schol.</span> 
     </span>
    </p>
   </div>
  </div>
 </body>
</html>
