2117 3762
243 207 320 248 176
940 204 1009 244 DE
1043 204 1290 246 ORATORE

238 311 437 360 maxima,
482 323 587 367 quae
617 323 726 351 nunc
754 321 920 362 quoque
954 314 1066 355 sunt,
1114 309 1304 362 exposita
1331 308 1518 363 praemia
1550 309 1617 349 vel
1646 307 1697 349 ad
1728 310 1904 362 gratiam
1938 308 2006 351 vel

237 373 288 415 ad
331 388 434 428 opes
474 373 539 415 vel
577 374 629 413 ad
675 370 931 424 dignitatem..
989 369 1161 423 Ingenia
1198 384 1299 413 vero
1343 372 1400 425 (ut
1440 370 1579 412 multis
1613 369 1740 412 rebus
1777 385 1999 424 possumus

235 435 432 488 iudicare)
461 440 700 476 nostrorum
730 432 942 473 hominum
968 431 1141 472 multum
1164 433 1310 474 ceteris
1341 433 1578 476 hominibus
1605 434 1791 474 omnium
1818 435 2001 488 gentium

236 499 547 550 praestiterunt.
611 497 676 536 16.
713 493 874 543 Quibus
913 493 963 535 de
1003 494 1162 542 causis,
1210 493 1301 549 quis
1339 508 1423 537 non
1464 497 1553 536 iure
1596 496 1774 536 miretur
1803 508 1857 536 ex
1888 496 2001 537 omni

207 561 436 602 5memoria
469 564 669 605 aetatum,
715 562 977 610 temporum,
1017 557 1228 598 civitatum
1257 562 1341 598 tam
1373 558 1571 613 exiguum
1602 564 1817 599 oratorum
1848 570 1994 600 nume-

236 636 327 663 rum
357 620 562 663 inveniri?

348 681 428 724 Sed
469 683 578 723 enim
620 681 752 723 maius
791 686 853 723 est
882 682 964 722 hoc
1007 679 1223 735 quiddam,
1269 694 1390 736 quam
1428 684 1617 726 homines
1655 682 1903 736 opinantur,
1957 687 1999 723 et

233 747 423 801 pluribus
459 758 512 785 cx
551 742 709 784 artibus
745 743 975 797 studiisque
1014 743 1248 784 collectum.
1310 747 1359 785 V.
1396 746 1504 795 Quid
1540 746 1649 788 enim
1686 745 1778 801 quis
1814 743 1927 786 aliud
1957 745 1999 785 in

232 810 413 850 maxima
440 806 684 848 discentium
715 805 1004 855 multitudine,
1037 820 1198 847 summa
1225 806 1522 860 magistrorum
1554 809 1695 862 copia,
1729 808 2000 861 praestantis-

183 886 216 910 πο
232 872 344 912 simis
365 870 582 911 hominum
607 868 803 922 ingeniis,
832 867 992 909 infinita
1017 881 1233 908 causarum
1257 870 1483 919 varietate,
1515 871 1779 924 amplissimis
1801 870 2000 925 eloquen-

230 933 313 974 tiae
341 930 573 986 propositis
597 930 795 984 praemiis
824 944 914 972 esse
945 943 1093 972 causae
1121 936 1241 983 putet
1270 932 1349 972 nisi
1384 934 1446 973 rei
1480 933 1684 988 quandam
1709 932 1998 974 incredibilem

229 994 556 1050 magnitudinem
577 1006 624 1034 ac
644 991 954 1034 difficultatem?
1003 995 1069 1033 17.
1102 995 1175 1034 Est
1195 993 1303 1034 enim
1335 999 1377 1035 et
1406 996 1578 1036 scientia
1605 995 1999 1050 comprehendenda

228 1071 369 1100 rerum
398 1057 697 1111 plurimarum,
728 1056 817 1096 sine
846 1070 927 1111 qua
953 1055 1181 1097 verborum
1202 1054 1439 1097 volubilitas
1465 1058 1597 1099 inanis
1626 1063 1751 1113 atque
1783 1058 1997 1100 irridenda

228 1126 307 1170 est;
349 1125 391 1161 et
418 1119 510 1173 ipsa
538 1119 672 1159 oratio
704 1117 1005 1160 conformanda
1034 1132 1119 1160 non
1148 1118 1282 1160 solum
1317 1118 1520 1161 electione
1551 1119 1623 1161 sed
1652 1121 1776 1161 etiam
1805 1125 1997 1161 constru-

179 1196 213 1221 ιε
229 1182 365 1224 ctione
396 1180 645 1230 verborum3
695 1186 736 1221 et
774 1193 919 1221 omnes
959 1182 1195 1222 animorum
1234 1187 1395 1230 motus,
1445 1196 1549 1238 quos
1590 1182 1807 1223 hominum
1847 1182 1992 1235 generi

228 1259 367 1288 rerum
407 1250 554 1286 natura
592 1242 756 1290 tribuit,
810 1245 977 1296 penitus
1020 1243 1323 1297 pernoscendi;
1373 1244 1485 1300 quod
1529 1243 1664 1285 omnis
1703 1244 1765 1286 vis
1806 1244 1996 1300 ratioque

228 1307 393 1350 dicendi
426 1309 469 1349 in
503 1320 669 1355 eorum,
717 1307 787 1360 qui
820 1307 1018 1355 audiunt,
1067 1306 1279 1348 mentibus
1310 1312 1382 1347 aut
1420 1305 1613 1348 sedandis
1649 1312 1721 1348 aut
1766 1305 1996 1348 excitandis

228 1372 516 1426 expromenda
556 1374 633 1410 est.
693 1370 876 1410 Accedat
913 1370 1062 1410 eodem
1098 1374 1270 1422 oportet
1305 1368 1424 1422 lepos
1460 1369 1629 1425 quidam
1657 1369 1916 1424 facetiaeque
1955 1373 1997 1409 et

227 1434 405 1476 eruditio
433 1433 569 1475 libero
600 1432 725 1485 digna
755 1430 1028 1486 celeritasque
1059 1437 1100 1472 et
1121 1430 1301 1472 brevitas
1322 1437 1362 1472 et
1383 1431 1665 1485 respondendi
1698 1437 1740 1472 et
1765 1430 1996 1472 lacessendi

177 1512 211 1537 20
227 1496 367 1540 subtili
392 1499 607 1538 venustate
636 1499 760 1549 atque
788 1492 1027 1535 urbanitate
1058 1493 1291 1535 coniuncta.
1357 1496 1422 1535 18.
1457 1496 1655 1535 Tenenda
1684 1499 1901 1549 praeterea
1932 1498 1995 1534 est

227 1560 360 1600 omnis
384 1558 607 1614 antiquitas
633 1555 1005 1610 exemplorumque
1030 1558 1112 1606 vis;
1143 1570 1278 1611 neque
1301 1556 1440 1611 legum
1461 1571 1509 1597 ac
1529 1558 1632 1598 iuris
1660 1556 1794 1598 civilis
1822 1557 1995 1597 scientia

223 1621 475 1676 negligenda
505 1625 580 1660 est.
639 1621 743 1659 Nam
775 1619 874 1674 quid
902 1632 982 1671 ego
1014 1621 1064 1660 de
1095 1621 1258 1661 actione
1288 1620 1380 1672 ipsa
1405 1619 1525 1672 plura
1555 1621 1719 1660 dicam?
1750 1633 1856 1675 quae
1878 1624 1994 1660 motu

224 1683 438 1738 corporis,
470 1695 576 1737 quae
604 1686 744 1736 gestu,
776 1694 882 1735 quae
909 1683 1042 1728 vultu,
1075 1696 1182 1735 quae
1213 1682 1328 1723 vocis
1359 1683 1692 1723 conformatione
1716 1695 1764 1723 ac
1791 1681 1992 1724 varietate

223 1747 480 1789 moderanda
507 1750 585 1795 est;
617 1757 723 1800 quae
750 1743 838 1784 sola
863 1757 940 1796 per
966 1757 1009 1784 se
1036 1744 1127 1795 ipsa
1152 1749 1307 1799 quanta
1331 1743 1405 1792 sit,
1438 1744 1691 1785 histrionum
1722 1744 1824 1786 levis
1853 1758 1921 1785 ars
1951 1749 1992 1785 et

175 1825 209 1849 25
225 1824 348 1852 scena
376 1808 582 1858 declarat3
615 1808 659 1847 in
681 1820 761 1862 qua
792 1819 885 1846 cum
910 1819 1054 1846 omnes
1076 1807 1118 1846 in
1147 1805 1232 1846 oris
1261 1812 1303 1847 et
1324 1806 1438 1848 vocis
1469 1811 1509 1847 et
1537 1812 1674 1848 motus
1703 1805 1992 1848 moderatione

223 1875 462 1920 elaborent,
495 1870 586 1926 quis
607 1869 795 1923 ignorat,
829 1882 953 1923 quam
982 1869 1104 1921 pauci
1138 1868 1220 1908 sint
1251 1867 1518 1922 fuerintque,
1553 1882 1657 1922 quos
1687 1870 1826 1910 animo
1853 1882 1990 1923 aequo

222 1941 412 1990 spectare
435 1935 670 1989 possimus?
722 1930 831 1980 Quid
862 1930 998 1971 dicam
1031 1933 1082 1971 de
1114 1930 1309 1972 thesauro
1339 1944 1480 1972 rerum
1514 1930 1723 1979 omnium,
1758 1931 1990 1972 memoria?

223 2011 329 2054 quae
359 1996 439 2038 nisi
469 2000 607 2037 custos
640 1994 816 2034 inventis
842 1993 1118 2048 cogitatisque
1140 1995 1268 2035 rebus
1297 1999 1338 2035 et
1369 1992 1507 2035 verbis
1537 1993 1808 2040 adhibeatur,
1839 1992 1991 2034 intelli-

222 2062 357 2115 gimus
387 2059 550 2107 omnia,
594 2055 756 2098 etiamsi
786 2053 1121 2108 praeclarissima
1150 2055 1307 2096 fuerint
1339 2054 1381 2096 in
1414 2061 1605 2103 oratore,
1651 2055 1856 2108 peritura.
1921 2057 1987 2096 19.

172 2124 506 2173 30Quamobrem
536 2119 680 2160 mirari
717 2117 974 2165 desinamus,
1023 2130 1128 2172 quae
1167 2132 1289 2158 causa
1328 2119 1379 2159 sit
1418 2117 1702 2171 eloquentium
1737 2116 1985 2172 paucitatis,

221 2199 316 2227 cum
345 2198 396 2226 ex
422 2183 472 2225 iis
497 2181 621 2224 rebus
647 2180 852 2222 universis
881 2179 1118 2234 eloquentia
1153 2186 1339 2229 constet,
1387 2179 1430 2220 in
1465 2179 1614 2235 quibus
1644 2179 1815 2233 singulis
1846 2178 1988 2221 elabo-

220 2262 315 2290 rare
355 2259 631 2301 permagnum
673 2248 760 2292 est,
808 2244 1107 2296 hortemurque
1148 2244 1289 2297 potius
1325 2242 1483 2283 liberos
1515 2247 1682 2283 nostros
1716 2247 1984 2297 ceterosque,

220 2324 399 2367 quorum
427 2307 561 2363 gloria
586 2305 708 2348 nobis
747 2310 787 2346 et
827 2304 1003 2358 dignitas
1043 2319 1137 2346 cara
1170 2311 1248 2351 est,
1297 2310 1343 2346 ut
1376 2305 1514 2345 animo
1555 2306 1616 2345 rei
1658 2306 1988 2359 magnitudinem

219 2371 547 2426 complectantur
570 2382 707 2425 neque
732 2368 790 2409 eis
820 2373 891 2408 aut
920 2369 1153 2420 praeceptis
1181 2373 1253 2408 aut
1274 2366 1480 2421 magistris
1504 2373 1576 2408 aut
1598 2366 1983 2416 exercitationibus,

170 2456 205 2481 35
220 2435 373 2489 quibus
399 2438 572 2474 utuntur
603 2444 769 2480 omnes,
804 2431 875 2471 sed
908 2429 998 2470 aliis
1023 2429 1270 2486 quibusdam
1299 2443 1343 2471 se
1374 2429 1439 2477 id,
1491 2432 1604 2484 quod
1635 2434 1856 2484 expetunt,
1888 2443 1987 2471 con-

219 2497 337 2552 sequi
364 2509 488 2550 posse
516 2493 738 2536 confidant.
798 2494 869 2534 VI.
902 2495 970 2533 20.
1012 2496 1070 2534 Ac
1102 2506 1195 2533 mea
1227 2491 1394 2548 quidem
1425 2492 1631 2533 sententia
1664 2506 1789 2534 nemo
1828 2491 1986 2545 poterit

219 2572 310 2601 esse
335 2557 448 2599 omni
482 2556 603 2599 laude
629 2555 861 2597 cumulatus
900 2559 1063 2603 orator,
1108 2555 1188 2596 nisi
1228 2555 1306 2596 erit
1337 2554 1522 2596 omnium
1558 2568 1700 2596 rerum
1739 2568 1984 2608 magnarum

218 2628 343 2677 atque
386 2621 538 2662 artium
570 2618 783 2661 scientiam
827 2623 1086 2660 consecutus.
1148 2617 1314 2659 Etenim
1343 2631 1397 2658 ex
1423 2630 1564 2658 rerum
1592 2617 1829 2671 cognitione
1866 2615 1983 2659 efflo-

218 2689 353 2727 rescat
383 2689 424 2725 et
448 2684 656 2725 redundet
684 2686 852 2736 oportet
882 2681 1016 2722 oratio
1027 2695 1037 2731 3
1091 2693 1221 2735 quae,
1266 2679 1347 2721 nisi
1377 2681 1457 2721 sint
1493 2681 1545 2720 ab
1578 2685 1748 2721 oratore
1783 2684 1982 2733 percepta

311 2831 345 2863 1.
370 2830 552 2871 proposita
577 2827 698 2860 Aldus.
729 2827 860 2863 (Codex
896 2825 1044 2866 nullus.)
1085 2841 1125 2848 -
1163 2825 1196 2857 3.
1223 2824 1418 2856 hominibus
1458 2823 1599 2856 seclusit
1635 2823 1676 2854 E.
1731 2822 1801 2856 Cl'r.
1831 2823 1980 2855 Heusin-

219 2887 277 2918 ger
302 2878 345 2911 ad
371 2878 439 2909 Off.
467 2878 500 2915 1,
528 2877 584 2907 22.
614 2884 647 2915 p.
677 2874 756 2906 184.
784 2873 884 2906 Wolf
906 2875 947 2905 ad
975 2873 1116 2905 Tuscul.
1145 2872 1179 2910 1,
1206 2870 1243 2912 §-
1273 2873 1307 2903 2.
1332 2887 1368 2893 —
1398 2871 1432 2903 7.
1461 2872 1550 2902 enim
1576 2871 1602 2902 B
1629 2871 1782 2910 allique:
1811 2871 1979 2902 nimirum

216 2924 292 2956 RE.
315 2940 353 2947 -
380 2924 414 2955 8.
442 2924 534 2964 Quid
559 2923 649 2954 enim
672 2922 746 2963 quis
771 2921 870 2953 aliud
895 2921 946 2952 B:
977 2919 1067 2961 Quid
1093 2921 1183 2950 enim
1207 2919 1307 2950 aliud
1332 2918 1405 2950 RE.
1428 2934 1464 2940 --
1494 2918 1548 2948 10.
1570 2927 1753 2949 causarum
1780 2925 1850 2948 om.
1879 2917 1919 2948 B.
1936 2931 1977 2940 —-

217 2971 276 3002 20.
303 2975 350 3001 esc
375 2980 443 3003 om.
470 2971 513 3002 R.
537 2986 573 2991 —
601 2969 658 3001 21.
684 2977 793 3008 neque
817 2969 870 2998 vis
894 2968 1075 3009 lequmB,
1106 2968 1157 2997 vis
1182 2974 1288 3005 neque
1311 2966 1367 2996 ius
1393 2965 1504 3004 legyum
1530 2964 1573 2995 R.
1597 2981 1633 2987 -
1662 2973 1704 2996 ac
1731 2963 1842 2996 Codd.
1869 2964 1974 3004 aliq.:

217 3020 283 3049 aut
307 3017 409 3048 BRE.
446 3034 491 3039 --
528 3017 638 3048 civilis
662 3016 751 3046 iuris
776 3015 818 3046 R.
857 3031 899 3035 —
943 3015 1000 3046 22.
1025 3013 1133 3054 plura
1157 3015 1357 3051 suspectum
1384 3011 1558 3042 Ernestio.
1585 3010 1684 3050 (Om.
1712 3011 1773 3051 Lg.
1803 3011 1973 3051 quinque.

219 3063 288 3096 Sed
316 3064 376 3095 err.
404 3064 575 3095 Kirchner
601 3063 642 3094 ad
670 3062 790 3094 Horat.
820 3061 890 3093 Sat.
916 3061 956 3091 T.
985 3062 1013 3091 Ι.
1044 3070 1077 3099 p.
1100 3059 1195 3095 190.)
1213 3075 1253 3081 -
1280 3059 1336 3090 23.
1364 3057 1615 3097 informatione
1640 3057 1805 3089 Ellendtii
1832 3065 1973 3095 operae.

221 3127 260 3134 -
288 3110 344 3141 25.
373 3112 403 3141 et
428 3114 507 3142 ante
533 3114 646 3141 motus
672 3117 740 3140 om.
769 3108 810 3139 B.
841 3125 877 3131 —
907 3108 964 3139 26.
992 3107 1149 3139 laborent
1174 3105 1249 3136 BR.
1271 3122 1311 3127 —
1339 3105 1477 3144 iynoret
1502 3105 1543 3136 B.
1574 3121 1615 3127 —-
1642 3104 1698 3136 28.
1727 3101 1971 3144 vanitatisque]

219 3156 458 3196 ordinatisque
483 3166 521 3189 ex
546 3156 740 3196 Augustino
766 3155 900 3194 (Princ.
929 3155 1017 3186 rhet.
1047 3163 1080 3193 p.
1107 3151 1204 3193 295.)
1233 3151 1452 3183 Schuetzius.
1484 3168 1526 3174 —
1551 3150 1663 3182 verbis
1690 3153 1722 3181 et
1745 3151 1845 3182 rebus
1870 3150 1914 3181 R.
1932 3167 1969 3174 —

218 3204 276 3235 31.
302 3204 342 3234 in
368 3203 488 3243 quibus
514 3202 623 3234 Codd.
652 3203 776 3242 pleriq.
804 3203 858 3234 R:
903 3202 1026 3241 quibus
1051 3202 1089 3232 in
1114 3200 1183 3231 BE.
1212 3215 1253 3222 -
1297 3197 1353 3229 34.
1382 3199 1429 3230 eis
1455 3198 1508 3229 R:
1544 3199 1588 3229 iis
1613 3197 1685 3229 BE.
1716 3212 1751 3217 —
1795 3196 1852 3229 35.
1879 3206 1913 3229 se
1936 3197 1973 3229 id

219 3259 289 3282 om.
317 3249 357 3280 B.
387 3264 425 3272 -
465 3248 521 3280 37.
548 3258 825 3289 maynarumque
851 3249 983 3281 artium
1006 3248 1048 3279 R.
1087 3263 1128 3269 —-
1169 3245 1226 3277 38.
1253 3244 1414 3287 florescat
1441 3245 1482 3277 B.
1517 3259 1559 3266 —
1601 3243 1658 3276 39.
1694 3245 1763 3275 sinc
1789 3244 1831 3276 ab
1858 3242 1968 3277 Co'dd.

219 3297 326 3340 aliq-2
354 3297 400 3329 sit
425 3295 467 3328 ab
494 3296 574 3336 BR,
601 3297 713 3328 subest
737 3305 791 3329 res
817 3296 859 3328 ab
886 3304 963 3329 cum
987 3295 1078 3327 Aldo
1105 3294 1145 3325 E.
1175 3293 1421 3335 (Desumptum
1448 3292 1513 3326 hoc
1538 3294 1590 3325 est.
1615 3300 1653 3324 ex
1678 3288 1715 3331 ἕ.
1742 3290 1812 3335 50.)
