2117 3762
304 243 359 284 42
971 246 1038 286 AD
1074 246 1386 289 HERENNIUM

306 354 422 391 acuta
452 356 575 405 atque
604 355 806 392 attenuata
842 349 962 391 nimis
992 350 1303 400 acclamatione,
1348 359 1388 395 et
1417 353 1450 395 si
1481 356 1570 409 quis
1600 352 1795 408 splendor
1824 357 1885 396 est
1913 356 2048 405 vocis,

306 412 561 454 consumitur
597 427 680 454 uno
722 413 899 454 clamore
938 411 1178 465 universus;
1227 421 1267 455 et
1309 429 1392 457 uno
1437 418 1582 471 spiritu
1627 415 1886 457 continenter
1924 418 2049 459 multa

307 473 447 514 dicere
489 474 531 515 in
573 482 756 516 extrema
795 472 987 515 convenit
1023 475 1231 524 oratione3
1281 475 1419 520 fauces
1450 479 1557 520 enim
1588 478 1776 520 calefiunt
1806 484 1846 520 et
1875 481 2049 522 arteriae

306 536 562 591 complentur
592 543 630 578 et
658 550 764 593 vox⁷
794 550 899 590 quae
928 541 1098 578 tractata
1127 537 1240 578 varie
1271 545 1348 588 est,
1379 540 1591 582 reducitur
1618 542 1659 582 in
1681 540 1883 596 quendam
1904 555 2050 586 sonum

275 598 562 653 ⁵aequahilem
592 606 714 654 atque
745 606 1011 644 constantem.
1071 603 1201 656 Saepe
1231 614 1371 643 rerum
1401 609 1570 644 naturae
1591 604 1718 658 gratia
1740 603 1939 659 quaedam
1961 604 2052 647 iure

307 659 501 709 debetur,
552 661 662 702 velut
691 662 835 703 accidit
864 664 906 706 in
935 668 1010 706 hac
1038 678 1097 706 re.
1157 666 1257 704 Nam
1289 677 1393 718 quae
1424 664 1602 708 diximus
1631 666 1682 707 ad
1712 680 1855 707 vocem
1885 680 2053 709 conser-

305 722 478 763 vandam
521 722 737 777 prodesse,
784 725 925 768 eadem
955 727 1126 769 attinent
1155 728 1204 767 ad
1236 725 1537 768 suavitudinem
1576 728 1939 783 pronuntiationis,
1984 736 2049 778 ut,

307 787 417 839 quod
449 791 611 826 nostrae
642 786 733 827 voci
764 788 911 842 prosit,
961 790 1071 831 idem
1111 787 1320 842 voluptate
1351 788 1549 831 auditoris
1579 790 1792 845 probetur.
1849 793 1915 832 22.
1947 791 2053 833 Utile

306 853 366 888 est
395 847 445 888 ad
476 846 767 890 firmitudinem
798 851 935 893 sedata
965 866 1049 894 vox
1079 851 1120 892 in
1149 850 1368 906 principio,
1428 851 1534 899 Quid
1572 852 1781 894 insuavius
1820 867 1942 908 quam
1972 853 2052 895 cla-

256 925 291 950 ιο
307 921 399 949 mor
427 908 468 949 in
499 910 674 952 exordio
705 918 880 954 causae?
925 913 1141 955 Intervalla
1171 926 1317 954 vocem
1349 912 1610 963 confirmant;
1657 914 1800 956 eadem
1832 915 2052 956 sententias

305 970 590 1013 concinniores
628 973 830 1017 divisione
870 976 1048 1018 reddunt
1078 982 1117 1017 et
1146 974 1324 1017 auditori
1356 973 1531 1029 spatium
1561 976 1765 1029 cogitandi
1795 977 2050 1033 relinquunt.

306 1034 528 1075 Conservat
557 1048 701 1077 vocem
732 1038 913 1079 continui
943 1038 1134 1080 clamoris
1164 1037 1375 1086 remissio;
1408 1042 1447 1077 et
1476 1036 1707 1079 auditorem
1733 1038 1899 1094 quidem
1920 1039 2055 1081 varie-

304 1102 364 1136 tas
403 1099 579 1138 maxime
621 1097 815 1149 delectat,
867 1115 959 1142 cum
1000 1114 1191 1142 sermone
1226 1099 1405 1140 animum
1439 1098 1526 1139 eius
1555 1099 1704 1141 retinet
1732 1106 1802 1141 aut
1831 1101 2054 1144 exsuscitat

304 1158 496 1200 clamore.
554 1162 681 1202 Acuta
728 1163 970 1204 exclamatio
1010 1177 1153 1205 vocem
1203 1161 1256 1216 [et
1291 1160 1442 1215 fauces]
1491 1161 1696 1212 vulnerat;
1749 1165 1892 1204 eadem
1930 1164 2055 1206 laedit

256 1233 290 1258 15
306 1220 560 1272 auditorem;
605 1225 727 1265 habet
757 1225 867 1266 enim
902 1225 1095 1280 quiddam
1126 1224 1323 1265 illiberale
1354 1229 1394 1264 et
1423 1222 1474 1264 ad
1503 1223 1748 1265 muliebrem
1777 1225 1914 1279 potius
1943 1226 2056 1268 voci-

303 1281 547 1325 ferationem
593 1299 715 1340 quam
761 1287 811 1328 ad
842 1288 1002 1328 virilem
1041 1287 1277 1341 dignitatem
1308 1285 1350 1326 in
1381 1285 1554 1327 dicendo
1585 1286 1951 1330 accommodatum.
2010 1290 2057 1329 In

305 1352 489 1388 extrema
521 1348 707 1390 oratione
738 1350 950 1391 continens
979 1363 1062 1391 vox
1102 1348 1289 1390 remedio
1330 1354 1390 1389 est
1429 1348 1532 1389 voci.
1593 1348 1723 1397 Quid,
1775 1348 1875 1390 haec
1913 1349 2057 1391 eadem

306 1423 443 1450 nonne
491 1409 672 1451 animum
719 1412 1076 1454 vehementissime
1116 1411 1302 1453 calefacit
1340 1410 1540 1452 auditoris
1570 1411 1611 1451 in
1641 1412 1764 1453 totius
1794 1411 2056 1454 conclusione

306 1475 482 1514 causae?
534 1473 737 1522 Quoniam
774 1474 901 1528 igitur
931 1488 997 1515 res
1029 1474 1196 1515 eaedem
1229 1473 1340 1515 vocis
1371 1472 1613 1514 firmitudini
1644 1480 1683 1514 et
1712 1474 2057 1528 pronuntiationis

257 1547 294 1572 20
307 1535 554 1576 suavitudini
583 1542 776 1591 prosunt,
823 1540 873 1578 de
903 1544 1077 1592 utraque
1108 1550 1153 1576 re
1185 1536 1306 1576 simul
1337 1535 1414 1576 erit
1443 1535 1485 1576 in
1514 1536 1747 1590 praesentia
1787 1536 1960 1584 dictum,
2006 1535 2057 1578 de

307 1595 579 1645 firmitudine,
627 1613 732 1653 quae
772 1599 857 1640 visa
900 1605 1014 1647 sunt,
1063 1602 1114 1640 de
1153 1597 1431 1645 suavitudine‚
1483 1611 1587 1652 quae
1623 1598 1838 1639 coniuncta
1867 1597 2053 1640 fuerunt:

309 1667 443 1700 cetera
481 1673 556 1701 suo
593 1659 685 1702 loco
724 1661 861 1715 paullo
891 1667 984 1716 post
1013 1660 1212 1702 dicemus.
1271 1662 1385 1700 XIII.
1415 1662 1483 1700 23.
1517 1659 1732 1701 Mollitudo
1761 1661 1887 1714 igitur
1915 1660 2055 1709 vocis,

309 1725 503 1776 quoniam
546 1722 678 1763 omnis
722 1723 769 1763 ad
817 1723 996 1764 rhetoris
1039 1722 1374 1777 praeceptionem
1414 1721 1611 1776 pertinet,
1663 1721 1899 1777 diligentius
1938 1721 2058 1764 nobis

307 1783 604 1825 consideranda
635 1789 706 1828 est.
763 1788 863 1826 Eam
894 1784 1115 1826 dividimus
1145 1785 1186 1825 in
1217 1798 1476 1833 sermonem,
1519 1784 1845 1833 contentionem,
1888 1785 2060 1840 amplifi-

258 1846 523 1888 25cationem.
582 1848 727 1888 Sermo
773 1853 834 1889 est
878 1848 1011 1889 oratio
1054 1848 1227 1889 remissa
1265 1852 1304 1888 et
1341 1846 1511 1888 finitima
1552 1846 1812 1902 quotidianae
1841 1847 2057 1898 locutioni;

307 1910 515 1951 contentio
546 1917 606 1952 est
635 1910 768 1952 oratio
799 1910 924 1958 acris,
957 1916 996 1951 et
1026 1910 1077 1951 ad
1107 1909 1433 1951 confirmandum
1455 1908 1565 1950 etad
1587 1908 1878 1951 confutandum
1900 1922 2060 1951 accom-

307 1972 493 2023 modata;
543 1973 804 2028 amplificatio
835 1979 895 2014 est
925 1973 1083 2022 oratio,
1131 1986 1235 2028 quae
1275 1978 1344 2013 aut
1372 1971 1413 2012 in
1442 1971 1695 2012 iracundiam
1726 1971 1880 2013 inducit
1910 1977 1979 2013 aut
2007 1971 2060 2013 ad

308 2034 635 2077 misericordiam
665 2038 786 2077 trahit
817 2035 1017 2077 auditoris
1047 2035 1243 2077 animum.
1302 2037 1448 2076 Sermo
1480 2034 1676 2076 dividitur
1704 2035 1746 2075 in
1776 2040 1913 2089 partes
1945 2039 2061 2090 quat-

309 2103 427 2146 tuor,
468 2097 725 2151 dignitatem,
765 2098 1181 2145 demonstrationem,
1221 2097 1520 2145 narrationem,
1552 2097 1817 2142 iocationem.
1874 2096 2060 2151 Dignitas

261 2174 296 2199 so
311 2165 371 2200 est
411 2160 542 2201 oratio
587 2174 679 2201 cum
724 2160 858 2216 aliqua
895 2161 1092 2215 gravitate
1131 2167 1170 2201 et
1210 2160 1324 2201 vocis
1361 2160 1624 2209 remissione;
1674 2158 1970 2201 demonstratio
2001 2164 2062 2201 est

311 2223 465 2270 oratio,
515 2237 619 2278 quae
658 2223 777 2265 docet
806 2224 977 2264 remissa
1007 2236 1129 2270 voce,
1181 2221 1391 2277 quomodo
1422 2221 1520 2276 quid
1548 2221 1639 2262 fieri
1668 2222 1851 2276 potuerit
1879 2227 1950 2263 aut
1978 2236 2061 2263 non

310 2285 507 2340 potuerit;
543 2286 722 2327 narratio
754 2292 814 2327 est
842 2300 982 2327 rerum
1014 2292 1220 2338 gestarum
1252 2289 1320 2325 aut
1350 2285 1522 2339 perinde
1542 2290 1587 2325 ut
1607 2290 1813 2338 gestarum
1836 2284 2059 2339 expositi03

311 2348 459 2389 iocatio
493 2353 552 2388 est
583 2348 738 2396 oratio,
773 2363 876 2403 quae
909 2364 961 2389 ex
993 2348 1130 2402 aliqua
1158 2362 1205 2389 re
1233 2347 1362 2389 risum
1393 2346 1614 2402 pudentem
1635 2352 1675 2387 et
1695 2345 1906 2388 liberalem
1926 2352 2063 2402 potest

312 2425 568 2466 comparare.
641 2413 856 2453 Contentio
906 2411 1104 2452 dividitur
1148 2411 1190 2452 in
1235 2409 1584 2451 continuationem
1631 2416 1671 2451 et
1719 2408 2061 2452 distributionem.

264 2473 573 2515 3⁵Continuatio
605 2478 665 2514 est
694 2473 892 2514 orationis
923 2472 1194 2514 enuntiandae
1224 2472 1468 2514 acceleratio
1500 2472 1702 2521 clamosa;
1737 2470 1971 2513 distributio
2003 2478 2063 2513 est

312 2536 355 2577 in
386 2535 647 2577 contentione
693 2536 826 2577 oratio
862 2535 1056 2591 frequens
1093 2548 1186 2576 cum
1226 2534 1331 2576 raris
1371 2540 1410 2575 et
1444 2534 1640 2576 brevibus
1682 2533 1929 2581 intervallis,
1978 2533 2062 2574 acri

313 2597 619 2642 vociferatione.
676 2601 744 2639 24.
778 2597 1047 2653 Amplilicatio
1079 2596 1275 2638 dividitur
1305 2597 1347 2638 in
1377 2597 1703 2639 cohortationem
1734 2602 1773 2637 et
1802 2595 2062 2651 conquestio-

314 2674 421 2702 nem.
482 2660 719 2701 Cohortatio
751 2667 810 2700 cst
841 2660 994 2709 oratio,
1041 2673 1144 2715 quae
1184 2659 1351 2714 aliquod
1380 2665 1592 2714 peccatum
1623 2657 1872 2713 amplificans
1902 2659 2062 2699 audito·

315 2738 403 2764 rem
434 2722 484 2764 ad
513 2722 765 2764 iracundiam
797 2722 980 2771 adducit;
1013 2722 1255 2776 conquestio
1287 2727 1348 2763 est
1376 2721 1532 2770 oratio,
1568 2734 1672 2776 quae
1700 2720 2060 2762 incommodorum

267 2784 628 2840 ‘ooamplificatione
672 2785 853 2826 animum
899 2784 1098 2826 auditoris
1143 2783 1193 2825 ad
1230 2783 1555 2825 misericordiam
1593 2782 1795 2838 perducit.
1858 2782 2062 2832 Quoniam

316 2848 441 2901 igitur
478 2847 693 2889 mollitudo
732 2847 847 2888 vocis
887 2847 928 2888 in
958 2854 1040 2889 tres
1070 2852 1206 2902 partes
1238 2846 1367 2887 divisa
1398 2852 1459 2887 est
1488 2851 1527 2887 et
1555 2845 1631 2886 hae
1660 2852 1797 2900 partes
1827 2844 1941 2900 ipsae
1970 2850 2064 2886 sunt

410 2954 445 2985 [ι.
471 2959 623 2985 tractata
646 2955 744 2985 varie
767 2949 815 2985 est
838 2953 977 2985 PABR:
1018 2957 1172 2986 tractata
1197 2959 1243 2985 est
1268 2955 1366 2984 varie
1389 2952 1466 2989 FT,
1500 2952 1599 2982 varic
1625 2955 1780 2983 tractata
1806 2955 1854 2983 est
1879 2952 1919 2983 Ε.
1949 2969 1986 2975 -
2027 2951 2061 2983 6.

320 3002 592 3032 conservandam
618 3000 725 3032 ABR:
753 3001 960 3032 servandam
984 3000 1112 3031 PFTE.
1151 3017 1189 3023 —
1227 3000 1260 3030 7.
1288 2999 1548 3030 suavitudinem
1574 2998 1632 3029 BR
1649 3022 1657 3035 ,
1687 3009 1726 3032 ex
1751 2998 1825 3030 aliis
1852 2998 1955 3030 Sch.:
1982 3007 2063 3029 sua-

319 3048 462 3077 vitatem
486 3048 555 3078 TE.
588 3045 705 3085 (ceteri
733 3050 838 3078 nostri
867 3045 1049 3087 corrupti.)
1091 3062 1127 3068 ——-
1171 3047 1205 3078 9.
1231 3046 1475 3088 firmitudinem
1501 3045 1665 3076 PABFT:
1703 3046 1947 3087 firmitudinem
1971 3047 2063 3076 vocis

321 3094 392 3125 RE.
418 3108 462 3114 ——
501 3094 555 3124 13.
582 3094 650 3124 eius
676 3103 743 3125 om.
763 3093 867 3130 PAF,
895 3095 967 3125 eius
993 3095 1146 3125 animum
1171 3093 1213 3124 R.
1248 3108 1291 3114 —
1329 3092 1383 3123 14.
1412 3095 1441 3121 et
1478 3091 1595 3131 fauces
1632 3101 1699 3123 om.
1727 3092 1897 3130 PAFRT,
1935 3090 2062 3131 (fauces

321 3144 352 3171 et
377 3147 490 3170 vocem
515 3139 568 3176 B.)
616 3140 684 3171 Nos
710 3141 926 3172 seclusimus,
948 3156 987 3162 —
1012 3141 1069 3171 20.
1096 3139 1310 3171 suavitudini
1334 3138 1500 3169 PABFR:
1535 3140 1706 3170 suavitati
1728 3139 1798 3170 TE.
1821 3155 1858 3161 —
1887 3138 1944 3168 21.
1971 3136 2060 3178 visa]

321 3187 434 3217 divisa
461 3185 501 3215 Τ.
530 3203 564 3207 -
594 3187 814 3218 suavitudine
839 3187 979 3218 PAFR:
1015 3186 1232 3218 suavitudini
1260 3194 1310 3223 pr.
1331 3186 1379 3223 B,
1406 3182 1581 3216 suavitate*
1606 3186 1665 3216 TE
1690 3189 1723 3217 et
1748 3194 1834 3217 corr.
1860 3184 1901 3216 B.
1932 3200 1971 3206 —
2005 3185 2061 3216 30.

324 3237 355 3264 et
380 3232 471 3263 vocis
496 3232 695 3262 remissione
720 3243 786 3263 om.
806 3233 872 3264 PF.
902 3249 936 3254 —
965 3233 1020 3265 31.
1047 3234 1192 3264 remissa
1217 3240 1297 3263 voce
1323 3241 1390 3263 om.
1410 3231 1537 3262 PAFT.
1558 3248 1601 3253 —
1625 3232 1682 3263 41.
1709 3236 1791 3264 sunt
1815 3232 1852 3262 in
1876 3235 1952 3262 octo
1975 3239 2060 3270 par-

326 3285 372 3311 tes
398 3279 488 3309 alias
513 3278 715 3309 distributae
740 3279 843 3317 PBT,
868 3285 947 3311 sunt
973 3281 1010 3311 in
1035 3283 1111 3310 octo
1137 3279 1226 3310 alias
1250 3279 1454 3309 distributae
1479 3279 1506 3308 Α
1524 3302 1532 3316 ,
1565 3284 1645 3310 sunt
1669 3280 1705 3310 in
1729 3278 1818 3309 alias
1839 3281 1958 3317 partes
1984 3281 2059 3309 octo

325 3325 531 3356 distributae
556 3324 604 3360 R,
634 3324 837 3364 quibuscum
864 3336 895 3358 v.
914 3331 994 3357 sunt
1019 3330 1096 3358 ante
1124 3335 1154 3357 v.
1174 3327 1211 3356 in
1238 3325 1498 3357 collocavimus:
1526 3326 1563 3357 in
1587 3331 1663 3358 octo
1686 3328 1805 3366 partes
1829 3324 1919 3356 alias
1944 3324 2060 3356 distri-

325 3372 425 3404 butae
452 3371 534 3413 (om.
555 3371 648 3410 sunt)
673 3371 717 3409 F,
744 3373 780 3402 ‘in
805 3375 877 3403 octo
904 3373 995 3403 alias
1018 3373 1221 3405 distributae
1245 3375 1323 3404 sunt
1349 3372 1389 3403 E.
