2117 3762
235 249 316 290 350
1010 242 1208 283 BRUTUS

234 357 350 408 putat
386 353 429 393 in
468 352 550 393 hoc
590 352 770 391 erratum
809 346 1019 400 vitamque
1048 346 1192 388 Naevii
1221 345 1412 402 producit
1440 342 1619 399 longius.
1689 344 1793 385 Nam
1821 342 1991 386 Plautus

234 415 279 457 P.
301 413 496 462 Claudio,
529 415 576 454 L.
600 412 749 452 Porcio
779 409 923 462 viginti
954 409 1070 449 annis
1091 413 1188 462 post
1215 408 1329 457 illos,
1361 421 1463 464 quos
1484 412 1578 448 ante
1600 403 1717 454 dixi,
1750 405 1990 448 consulibus

237 481 425 519 mortuus
457 480 538 521 est,
574 475 727 515 Catone
758 483 944 514 censore.

347 541 415 579 61.
449 539 569 578 Hunc
597 534 724 589 igitur
746 536 972 587 Cethegum
1003 536 1248 573 consecutus
1278 537 1341 574 est
1369 536 1502 574 aetate
1534 532 1653 578 Cato,
1686 532 1758 585 qui
1787 529 1904 572 annis
1926 543 1988 572 lx.

207 607 329 658 spost
359 617 451 643 eum
487 600 564 641 fuit
593 595 751 639 consul.
812 599 917 637 Eum
947 608 1024 636 nos
1053 599 1098 634 ut
1118 599 1377 649 perveterem
1398 593 1617 641 habemus,
1650 593 1720 649 qui
1741 596 1788 635 L.
1814 593 1989 642 Marcio,

236 667 302 706 Μ’.
336 662 502 705 Manilio
543 660 781 701 consulibus
818 664 1006 700 mortuus
1046 661 1130 705 est,
1174 656 1292 698 annis
1322 670 1511 698 Lxxxw.
1544 656 1642 711 ipsis
1673 663 1767 700 ante
1797 670 1862 698 me
1893 669 1994 698 con-

237 728 384 768 sulem.
444 724 554 765 XVI.
598 724 682 763 Nec
723 735 822 762 vero
863 722 1002 762 habeo
1039 731 1288 774 quemquam
1326 718 1626 774 antiquiorem,
1676 719 1792 761 cuius
1823 720 1993 774 quidem

237 790 386 843 scripta
425 784 677 841 proferenda
715 789 882 839 putem,
928 780 1010 823 nisi
1050 794 1172 835 quem
1211 779 1337 833 Appii
1368 780 1490 822 Caeci
1527 782 1659 823 oratio
1691 783 1791 823 haec
1821 783 1912 836 ipsa
1941 782 1992 822 de

235 851 393 905 Pyrrho
440 853 480 889 et
523 845 745 889 nonnullae
790 850 1053 886 mortuorum
1096 842 1354 884 laudationes
1394 841 1500 884 forte
1538 843 1757 885 delectant.
1828 846 1896 884 62.
1942 845 1996 884 Et

186 912 424 954 10hercules
455 924 528 953 eae
559 909 728 966 quidem
761 913 942 950 exstant:
987 907 1102 961 ipsae
1143 906 1252 946 enim
1289 903 1469 945 familiae
1499 918 1574 946 sua
1604 906 1722 960 quasi
1751 909 1996 948 ornamenta

235 990 281 1017 ac
311 979 579 1017 monumenta
610 969 831 1014 servabant
861 976 900 1012 et
924 968 975 1010 ad
996 981 1142 1016 usum,
1176 967 1210 1008 si
1237 967 1328 1022 quis
1356 965 1539 1008 eiusdem
1564 970 1727 1021 generis
1755 968 1991 1016 occidisset,

235 1043 276 1080 et
319 1039 371 1079 ad
415 1037 658 1078 memoriam
696 1033 866 1075 laudum
906 1032 1225 1074 domesticarum
1266 1034 1306 1070 et
1337 1028 1388 1070 ad
1418 1028 1703 1072 illustrandam
1733 1030 1994 1073 nobilitatem

234 1115 365 1143 suam.
428 1101 690 1154 Quamquam
719 1096 782 1138 his
812 1095 1117 1137 laudationibus
1147 1091 1320 1134 historia
1351 1105 1492 1133 rerum
1522 1097 1759 1135 nostrarum
1791 1099 1853 1134 est
1884 1091 1991 1134 sacta

234 1163 487 1206 mendosior.
560 1160 688 1202 Multa
719 1161 828 1201 enim
858 1159 1010 1213 scripta
1039 1163 1133 1198 sunt
1162 1155 1205 1196 in
1237 1155 1318 1202 eis,
1359 1168 1464 1210 quae
1495 1155 1602 1195 facta
1632 1168 1716 1197 non
1745 1160 1862 1205 sunt,
1903 1154 1996 1196 falsi

185 1238 222 1263 1⁵
235 1226 458 1281 triumphi,
490 1224 631 1280 plures
661 1222 918 1270 consulatus,
965 1233 1120 1275 genera
1156 1216 1280 1259 etiam
1308 1216 1409 1258 falsa
1440 1223 1479 1260 et
1509 1220 1559 1258 ad
1591 1216 1757 1272 plebem
1789 1219 1999 1259 transitio-

235 1304 333 1339 nes,
367 1304 460 1330 cum
490 1286 677 1329 homines
708 1284 953 1328 humiliores
982 1284 1025 1324 in
1056 1282 1236 1323 alienum
1262 1280 1448 1321 eiusdem
1470 1279 1649 1321 nominis
1680 1279 1999 1322 infunderentur

236 1366 387 1408 genus:
422 1356 489 1398 ut,
521 1349 556 1392 si
587 1362 665 1403 ego
696 1363 762 1390 me
793 1362 815 1389 a
846 1349 912 1390 Μ’.
937 1345 1073 1388 Tullio
1104 1358 1194 1385 esse
1227 1344 1436 1391 dicerem,
1473 1343 1543 1396 qui
1569 1342 1768 1397 patricius
1789 1356 1881 1384 cum
1905 1343 1999 1383 Ser-

236 1416 306 1459 vio
338 1413 520 1470 Sulpicio
551 1410 695 1454 consul
734 1423 843 1452 anno
887 1411 1049 1451 decimo
1087 1410 1182 1463 post
1220 1410 1389 1447 exactos
1428 1418 1549 1459 reges
1579 1404 1671 1446 fuit.
1734 1407 1801 1447 63.
1833 1403 1999 1448 Catonis

238 1484 375 1521 autem
407 1475 616 1518 orationes
646 1488 730 1515 non
760 1472 898 1514 minus
928 1470 1080 1512 multae
1110 1468 1199 1510 fere
1229 1473 1323 1509 sunt
1353 1481 1476 1522 quam
1506 1467 1630 1509 Attici
1663 1467 1837 1522 Lysiae,
1882 1468 1999 1509 cuius

189 1557 225 1583 20
240 1543 422 1583 arbitror
451 1537 648 1594 plurimas
679 1550 792 1586 esse;
834 1540 895 1577 est
924 1535 1035 1576 enim
1065 1532 1248 1580 Atticus,
1295 1528 1490 1586 quoniam
1521 1534 1634 1571 certe
1664 1529 1835 1571 Athenis
1867 1535 1929 1571 est
1958 1533 2000 1571 et

238 1610 358 1647 natus
398 1608 439 1645 et
469 1606 658 1643 mortuus
689 1604 730 1640 et
758 1597 923 1640 functus
954 1595 1068 1639 omni
1100 1594 1251 1636 civium
1281 1605 1478 1642 munere:
1527 1606 1776 1648 quamquam
1807 1593 2000 1633 Timaeus

240 1682 335 1710 eum
378 1665 494 1721 quasi
525 1663 684 1704 Licinia
722 1667 762 1703 et
792 1662 925 1703 Mucia
963 1660 1056 1714 lege
1090 1656 1240 1712 repetit
1277 1656 1514 1710 Syracusas.
1573 1658 1625 1696 Et
1662 1657 1842 1711 quodam
1874 1656 2001 1697 modo

241 1736 303 1773 est
332 1729 534 1771 nonnulla
562 1726 606 1767 in
637 1726 699 1766 his
741 1724 865 1766 etiam
896 1723 1003 1764 inter
1032 1724 1148 1775 ipsos
1178 1718 1436 1761 similitudo:
1484 1717 1593 1759 acuti
1624 1723 1742 1767 sunt,
1776 1718 2000 1774 elegantes,

239 1793 386 1841 faceti,
431 1794 606 1840 breves;
653 1789 727 1830 sed
766 1787 835 1828 ille
879 1788 1060 1827 Graecus
1097 1782 1148 1824 ab
1188 1780 1299 1822 omni
1339 1780 1459 1821 laude
1500 1779 1674 1822 felicior.
1749 1781 1817 1822 64.
1866 1781 2004 1822 Habet

191 1870 227 1897 25
243 1858 350 1899 enim
391 1860 528 1896 certos
568 1853 631 1894 sui
662 1850 892 1898 studiosos,
938 1849 1008 1904 qui
1038 1860 1122 1888 non
1153 1849 1237 1885 tam
1267 1842 1432 1885 habitus
1464 1843 1651 1898 corporis
1683 1844 1847 1899 opimos
1877 1856 2002 1898 quam

243 1918 491 1976 gracilitates
522 1919 838 1964 consectentur;
887 1925 1015 1967 quos,
1059 1906 1254 1952 valetudo
1284 1907 1409 1948 modo
1442 1907 1553 1947 bona
1583 1906 1658 1955 sit,
1704 1907 1881 1947 tenuitas
1910 1906 2001 1960 ipsa

243 1984 433 2026 delectat.
496 1981 755 2032 Quamquam
786 1977 828 2017 in
860 1974 980 2030 Lysia
1011 1978 1104 2014 sunt
1133 1984 1258 2023 saepe
1290 1969 1413 2009 etiam
1444 1967 1606 2016 lacerti,
1639 1968 1698 2010 sic
1718 1974 1766 2009 ut
1785 1966 1879 2008 fieri
1897 1966 2001 2008 nihil

241 2047 371 2103 possit
391 2043 607 2086 valentius.
665 2041 821 2081 Verum
845 2043 906 2079 est
926 2041 1039 2078 certe
1061 2046 1212 2089 genere
1233 2036 1322 2073 toto
1343 2029 1584 2084 strigosior:
1618 2032 1693 2071 sed
1713 2031 1842 2071 habet
1860 2033 2000 2070 tamen

243 2122 341 2151 suos
371 2107 629 2151 laudatores,
662 2103 733 2157 qui
762 2103 838 2142 hac
869 2099 959 2153 ipsa
985 2097 1073 2139 eius
1094 2095 1318 2138 subtilitate
1339 2091 1562 2134 admodum
1585 2095 1808 2146 gaudeant.
1868 2093 2001 2135 XVII.

193 2183 229 2210 ³0
245 2174 312 2214 65.
355 2171 551 2212 Catonem
597 2177 700 2207 vero
733 2162 825 2218 quis
862 2166 1103 2203 nostrorum
1143 2162 1380 2205 oratorum,
1428 2156 1500 2210 qui
1538 2154 1707 2209 quidem
1744 2167 1854 2196 nunc
1892 2158 2002 2204 sunt,

242 2233 377 2288 legit?
421 2236 492 2273 aut
521 2227 612 2285 quis
643 2225 759 2268 novit
788 2225 992 2266 omnino?
1033 2226 1084 2264 At
1116 2233 1240 2275 quem
1269 2220 1431 2266 virum,
1473 2216 1514 2258 di
1544 2219 1677 2258 boni!
1720 2219 1838 2259 mitto
1870 2217 2004 2259 civem

244 2302 315 2340 aut
343 2299 578 2338 senatorem
611 2294 681 2331 aut
720 2289 1047 2341 imperatorem:
1100 2288 1311 2325 oratorem
1350 2280 1460 2322 enim
1499 2279 1579 2321 hoc
1608 2280 1703 2322 loco
1733 2281 2002 2336 quaerimus3

245 2360 338 2415 quis
377 2357 447 2399 illo
481 2354 648 2410 gravior
676 2352 719 2391 in
750 2348 990 2391 laudando?
1037 2344 1229 2388 acerbior
1258 2344 1301 2386 in
1340 2342 1654 2397 vituperando?
1703 2342 1747 2384 in
1791 2343 2004 2384 sententiis

246 2420 462 2477 argutior?
500 2417 544 2459 in
575 2412 761 2457 docendo
793 2411 1146 2464 edisserendoque
1176 2408 1399 2449 subtilior?
1447 2406 1639 2448 Refertae
1669 2410 1766 2448 sunt
1795 2406 2004 2448 orationes

197 2495 233 2523 ³⁵
247 2484 424 2539 amplius
453 2485 618 2523 centum
640 2475 955 2532 quinquaginta,
987 2486 1088 2529 quas
1119 2469 1287 2527 quidem
1318 2470 1452 2510 adhuc
1480 2468 1712 2511 invenerim
1743 2474 1785 2510 et
1811 2467 2002 2522 legerim,

248 2553 291 2591 et
317 2545 455 2590 verbis
487 2548 529 2586 et
555 2540 682 2584 rebus
712 2537 956 2581 lllustribus.
1030 2537 1147 2576 Licet
1176 2547 1229 2575 ex
1258 2532 1321 2574 his
1351 2531 1506 2586 eligant
1535 2544 1606 2581 ea,
1655 2544 1760 2585 quae
1789 2530 2004 2572 notatione

249 2616 290 2653 et
309 2610 432 2652 laude
454 2606 577 2661 digna
597 2605 707 2652 sint,
740 2614 885 2644 omnes
907 2598 1113 2641 oratoriae
1134 2596 1307 2639 virtutes
1327 2594 1371 2636 in
1400 2596 1450 2635 iis
1479 2593 1755 2647 reperientur.
1817 2594 1885 2634 66.
1918 2594 2005 2634 Iam

248 2688 351 2717 vero
384 2669 575 2725 Origines
607 2668 696 2708 eius
726 2679 848 2720 quem
879 2665 1025 2705 florem
1046 2666 1116 2702 aut
1137 2660 1247 2716 quod
1267 2657 1405 2700 lumen
1427 2655 1689 2712 eloquentiae
1709 2669 1794 2698 non
1813 2656 2001 2696 hahent?

249 2739 468 2778 Amatores
498 2731 595 2774 huic
626 2731 794 2775 desunt,
826 2727 946 2768 sicuti
976 2723 1113 2766 multis
1143 2724 1225 2763 iam
1246 2725 1340 2762 ante
1362 2718 1509 2761 seculis
1531 2723 1571 2759 et
1591 2717 1761 2759 Philisto
1785 2715 2004 2775 Syracusio

201 2807 236 2835 ‘¹0
252 2805 292 2842 et
320 2799 402 2853 ipsi
431 2791 673 2849 Thucydidi.
729 2792 858 2838 Nam,
899 2793 946 2829 ut
973 2790 1122 2829 horum
1152 2782 1327 2826 concisis
1358 2780 1592 2829 sententiis,
1634 2779 1843 2822 interdum
1880 2778 2004 2821 etiam

249 2860 2000 2889 Μ-

343 2925 378 2957 2.
405 2921 595 2956 consulibus
619 2919 823 2952 Manutius:
851 2914 1006 2948 consules
1030 2913 1103 2945 RE.
1131 2911 1239 2951 (Libri
1265 2907 1400 2949 Coss.)
1428 2923 1463 2930 —
1504 2907 1537 2940 6.
1564 2915 1707 2939 Lxxxm.
1734 2907 1796 2948 Lg.
1822 2906 1880 2940 56.
1908 2914 1999 2938 corr.

253 2971 288 3004 8.
315 2976 349 3005 ct
374 2973 456 3002 item
475 2977 564 3001 corr.
590 2967 675 2999 51.:
702 2972 837 2997 Lxxxm
862 2971 940 2994 cum
967 2963 1091 2993 ceteris
1118 2959 1227 2991 Codd.
1246 2958 1288 2989 E.
1313 2973 1350 2980 -
1380 2956 1414 2987 8.
1439 2956 1510 2986 nisi
1523 2955 1554 2987 si
1570 2954 1763 2986 Manutius.
1793 2971 1831 2977 -
1860 2954 1916 2986 10.
1943 2960 2004 2986 eae

254 3019 342 3051 Ven.
370 3018 402 3049 1.
430 3018 486 3048 R:
532 3016 596 3047 hae
621 3021 698 3045 cum
725 3011 848 3044 ceteris
874 3010 914 3042 E.
955 3006 1038 3047 (Eae
1064 3011 1115 3040 est
1138 3006 1230 3038 idem
1257 3005 1328 3036 sere
1361 3006 1466 3043 atque
1502 3001 1696 3034 «eiusmodi
1734 3001 2000 3037 laudationes»;

256 3066 320 3096 hae
345 3064 458 3096 toret:
489 3064 686 3102 «quotquot
710 3059 847 3091 habitae
874 3058 998 3093 sunt»;
1025 3054 1059 3086 id
1085 3053 1178 3094 quod
1205 3049 1384 3091 probabile
1410 3058 1479 3081 non
1506 3052 1568 3082 est.
1597 3046 1680 3088 Oa.)
1706 3064 1751 3069 -
1776 3048 1832 3080 15.
1861 3047 1908 3079 ad
1930 3046 2002 3085 ple-

256 3111 330 3143 bem
346 3111 423 3141 libri
445 3117 588 3142 omnes:
615 3117 637 3139 a
653 3106 748 3148 plebe
769 3103 887 3136 Lamb.
908 3103 950 3134 E.
980 3117 1017 3124 -
1046 3101 1102 3133 18.
1131 3099 1248 3131 consul
1272 3096 1349 3128 libri
1377 3104 1495 3128 omnes
1527 3100 1562 3128 et
1585 3095 1637 3127 R:
1665 3094 1801 3127 consule
1826 3102 1902 3125 cum
1927 3093 2000 3124 Iac.

258 3157 431 3189 Gronovio
458 3157 499 3187 Ε.
525 3171 569 3177 —-
606 3155 663 3187 19.
690 3154 757 3195 sere
783 3152 860 3183 libri
888 3153 922 3182 et
947 3149 1000 3180 R:
1038 3155 1141 3179 verae
1165 3146 1332 3184 Repetitt.
1359 3142 1480 3175 Lamb.
1508 3142 1608 3174 Grut.
1637 3141 1676 3173 E.
1710 3157 1753 3163 —-
1791 3140 1849 3173 23.
1877 3140 1929 3171 his
1953 3138 1998 3170 D.

257 3204 326 3236 Gu.
354 3204 387 3234 1.
415 3202 560 3234 Lamb.:
601 3203 644 3233 iis
669 3208 747 3232 cum
774 3197 898 3231 ceteris
923 3196 965 3227 E.
1006 3211 1045 3217 —
1087 3194 1146 3225 27.
1172 3193 1316 3224 delectat
1341 3189 1443 3221 libri:
1481 3190 1618 3221 delectet
1643 3188 1669 3219 E
1704 3188 1796 3220 coni.
1834 3203 1876 3209 -
1917 3187 2001 3217 sunt

256 3258 362 3290 saepe
388 3249 464 3280 libri
491 3257 633 3287 omnes,
659 3248 715 3279 R:
756 3253 857 3285 saepe
882 3246 964 3274 sunt
990 3240 1088 3273 Grut.
1117 3240 1158 3272 E.
1186 3256 1226 3262 -
1266 3238 1323 3270 31.
1350 3238 1386 3268 di
1410 3237 1472 3277 Lg.
1499 3236 1532 3268 8.
1558 3236 1614 3268 51.
1641 3234 1731 3267 Ven.
1758 3236 1817 3266 1.:
1845 3232 1895 3264 dii
1920 3239 2000 3264 cum

258 3298 382 3331 ceteris
409 3295 449 3327 E.
476 3311 519 3316 —
557 3294 615 3326 40.
641 3293 821 3325 sententiis
845 3289 1017 3322 interdum
1043 3289 1169 3323 etiam,
1206 3292 1278 3318 non
1302 3284 1388 3317 satis
1414 3285 1545 3326 apertis
1568 3284 1682 3315 aulem
1704 3289 1778 3315 cum
1804 3278 1871 3313 Gu.
1899 3279 1931 3311 1.
1961 3279 1998 3312 2.

256 3343 386 3379 Dresd.
413 3340 528 3385 (Peter
552 3348 691 3381 pravam
716 3340 805 3373 hanc
829 3339 908 3372 lect.
935 3335 1095 3375 recepit.)
