2117 3762
699 228 797 266 LlB.
833 226 884 265 ll.
945 227 986 267 C.
1018 227 1084 266 27.
1116 227 1184 265 28.
1218 226 1286 265 29.
1813 226 1861 265 31

111 335 398 393 comparandis
445 332 572 376 rebus
613 330 782 372 alteram
821 344 908 372 rem
948 330 1118 378 efferre,
1168 329 1218 371 de
1260 344 1304 371 re
1342 329 1469 370 altera
1502 330 1752 370 mentionem
1784 345 1865 371 non

111 399 247 441 sacere
278 406 348 440 aut
378 393 650 451 negligentius
681 393 911 447 disputare;
964 401 1008 434 ut
1038 394 1093 441 si,
1127 408 1218 434 cum
1250 399 1532 447 comparetur,
1570 399 1708 432 utrum
1742 392 1866 432 satius

111 463 163 503 sit
194 461 392 518 populum
424 459 677 500 frumentum
708 455 916 510 accipere,
949 470 998 496 au
1031 471 1135 502 non,
1176 470 1280 510 quae
1312 453 1528 496 commoda
1559 457 1638 494 siut
1670 453 1707 494 iu
1740 453 1866 494 altera

111 538 175 571 re,
219 531 337 565 curet
374 532 645 566 enumerare-3
698 532 802 573 quae
847 518 884 558 iu
925 518 1051 558 altera
1092 518 1354 558 incommoda
1384 516 1486 562 sint,
1535 515 1645 556 velut
1676 514 1868 567 depressa

112 591 343 642 praetereat
381 591 449 625 aut
486 597 558 628 ea,
600 594 704 636 quae
736 580 902 621 minima
934 580 1034 627 sint,
1067 578 1187 619 dicat.
1247 582 1346 619 ltem
1380 578 1572 618 vitiosum
1601 577 1723 618 estin
1747 580 1898 618 rcbuss

113 646 399 704 comparandis
430 657 597 686 neccsse
628 649 771 698 putare
803 642 971 683 alteram
994 656 1080 683 rem
1104 640 1333 694 vituperari
1353 673 1362 687 ‚
1395 654 1487 682 cum
1510 642 1680 681 alteram
1703 639 1868 680 laudes:

113 711 224 767 quod
255 722 404 764 genus,
436 707 468 749 si
498 712 736 762 quaeratur,
775 705 878 746 utris
911 705 1042 745 maior
1073 706 1208 744 bonor
1238 702 1451 743 habendus
1483 701 1556 749 sit,
1604 700 1870 749 Albensibus,

113 788 165 815 au
195 771 370 814 Vestinis
402 769 690 814 Piumnsibus,
724 766 833 822 quod
866 767 924 807 rei
958 764 1144 820 publicae
1178 766 1316 820 populi
1349 765 1520 806 Romani
1545 764 1799 820 profuerint,
1833 770 1873 805 et

113 835 171 882 is,
203 833 274 889 qui
305 832 412 873 dicat
441 830 492 871 ab
523 830 681 876 alteris,
714 829 865 870 alteros
897 828 1040 869 laedat.
1102 831 1192 869 Nou
1223 828 1329 868 enim
1363 842 1530 868 necesse
1554 835 1634 873 est,
1667 827 1699 868 si
1721 827 1872 868 alteros

113 909 363 952 praeponas,
394 893 546 935 alteros
578 892 833 944 vitupei·a1·e;
884 890 973 931 lieri
1004 889 1112 930 enim
1144 897 1298 945 potest,
1346 897 1406 936 ut,
1448 904 1538 930 cum
1571 890 1723 931 alteros
1745 889 1922 943 magisio

114 957 320 1005 laudaris,
368 956 545 1011 aliquam
591 954 731 995 alteris
771 952 902 994 laudis
942 960 1098 1007 partem
1138 952 1360 1000 attribuas,
1411 966 1461 992 ne
1493 953 1639 1007 cupide
1670 966 1873 1007 pugnasse

113 1027 258 1062 contra
286 1018 500 1060 veritatem
532 1016 702 1072 puteris.
761 1018 862 1057 Item
894 1014 1087 1056 vitiosum
1119 1021 1180 1056 est
1210 1014 1260 1055 de
1291 1014 1457 1055 nomine
1490 1021 1530 1055 et
1560 1014 1762 1056 vocabulo
1785 1014 1874 1056 eius

113 1082 174 1125 rei
203 1080 531 1124 controversiam
562 1086 745 1123 struere,
778 1091 902 1133 quam
933 1090 1023 1117 rem
1054 1077 1311 1119 consuetudo
1334 1077 1487 1132 optime
1512 1084 1646 1131 potest
1668 1077 1872 1126 iudicare;

114 1145 225 1187 velut
255 1143 480 1200 Sulpicius,
513 1142 582 1198 qui
613 1141 924 1187 intercesserat,
957 1153 1007 1180 ne
1039 1141 1201 1191 exules,
1248 1138 1398 1195 quibus
1429 1153 1593 1180 causam
1624 1140 1762 1181 dicere
1792 1154 1874 1181 non

114 1207 320 1255 licuisset,
352 1209 675 1250 reducerentur,
716 1201 850 1250 idem,
893 1203 1099 1256 posterius
1130 1203 1341 1244 immutata
1374 1202 1606 1250 voluntate,
1656 1217 1748 1244 cum
1781 1214 1923 1244 ean-¹⁵

116 1269 211 1311 dem
242 1268 375 1323 legem
408 1267 558 1314 seri-et,
601 1265 721 1306 aliam
753 1278 842 1305 sese
872 1262 984 1306 ferre
1022 1265 1184 1307 dicebat
1230 1271 1404 1320 propter
1443 1263 1658 1305 nominum
1688 1279 1874 1306 commu-

115 1331 334 1380 tationem;
385 1345 479 1372 nam
510 1343 592 1370 non
624 1326 791 1374 exules,
829 1330 901 1368 sed
933 1328 971 1367 vi
1004 1328 1157 1370 eiectos
1188 1341 1230 1369 se
1262 1326 1463 1368 reducere
1495 1325 1655 1375 aiebat3
1703 1326 1874 1379 perinde

115 1394 231 1449 quasi
263 1393 303 1435 id
332 1393 477 1436 suisset
505 1392 547 1433 in
577 1388 886 1437 controversia,
920 1403 1003 1444 quo
1036 1390 1094 1431 illi
1125 1389 1295 1431 nomine
1326 1388 1632 1444 appellarentur
1662 1403 1685 1429 a
1717 1388 1873 1444 populo

115 1459 325 1504 Romano,
358 1462 428 1497 aut
456 1453 629 1511 perinde
660 1451 776 1508 quasi
807 1466 892 1492 non
922 1465 1086 1499 omues,
1120 1451 1269 1508 quibus
1299 1465 1405 1507 aqua
1436 1458 1476 1493 et
1507 1451 1589 1505 igni
1613 1451 1875 1493 interdictum

115 1523 198 1566 est,
248 1517 392 1560 exules
421 1516 694 1573 appellentur.
754 1518 912 1556 Verum
941 1515 1001 1556 illi
1030 1515 1204 1557 fortasse
1234 1515 1510 1569 ignoscimus,
1560 1514 1593 1555 si
1634 1527 1726 1555 cum
1757 1528 1927 1556 causa2o

116 1579 238 1630 secit3
271 1594 347 1622 nos
376 1586 514 1621 tamen
541 1577 818 1631 intelligamus
848 1576 1040 1619 vitiosum
1072 1592 1162 1620 esse
1192 1577 1406 1620 intendere
1435 1576 1760 1618 controversiam
1783 1591 1881 1633 pro-

116 1648 211 1698 pter
240 1642 455 1684 nominum
485 1640 867 1683 commutationem.

228 1706 382 1746 XXIX.
420 1707 490 1746 46.
525 1703 731 1754 Quoniam
762 1703 981 1745 exornatio
1011 1709 1170 1745 constat
1200 1717 1252 1745 ex
1282 1702 1484 1745 similibus
1516 1709 1556 1745 et
1587 1705 1790 1757 exemplis
1824 1702 1879 1757 [et

118 1765 518 1823 amplificationibus]
559 1772 600 1807 et
638 1769 760 1808 rebus
790 1765 981 1807 iudicatis
1012 1773 1052 1807 et
1081 1768 1229 1808 ceteris
1260 1765 1406 1814 rebus,
1455 1780 1560 1822 quae
1592 1766 1799 1821 pertinent
1828 1770 1877 1808 ad

119 1829 451 1885 exaggerandam
480 1835 520 1870 et
549 1828 942 1883 collocupletandam
974 1828 1390 1884 argumentationem,
1424 1842 1529 1883 quae
1560 1831 1640 1869 sint
1669 1829 1731 1870 his
1753 1827 1879 1870 rebus
1894 1842 1928 1868 23

117 1892 238 1941 vitia,
271 1891 595 1935 consideremus.
659 1891 800 1932 Simile
830 1891 1026 1932 vitiosum
1058 1898 1138 1939 est,
1171 1890 1282 1945 quod
1304 1904 1356 1931 ex
1377 1890 1513 1946 aliqua
1536 1897 1651 1945 parte
1683 1891 1880 1932 dissimile

119 1960 182 1996 est
212 1968 287 1996 nec
318 1953 442 1996 babet
472 1967 614 2010 parem
642 1953 847 1994 rationem
878 1953 1217 2008 comparationis,
1264 1959 1333 1994 aut
1362 1953 1441 2008 ipsi
1471 1952 1611 2001 obest,
1649 1953 1719 2009 qui
1749 1953 1880 1995 affert.

118 2017 367 2073 Exemplum
397 2015 591 2058 vitiosum
621 2021 702 2063 est,
735 2015 769 2057 si
799 2021 868 2056 aut
896 2014 1048 2057 salsum
1080 2021 1163 2064 est,
1197 2020 1242 2057 ut
1271 2014 1622 2071 reprehendatur;
1654 2022 1723 2057 aut
1752 2016 1786 2057 si
1807 2015 1883 2057 im-

119 2079 325 2136 probum,
369 2084 414 2121 ut
443 2093 526 2121 non
556 2078 608 2120 sit
636 2077 902 2125 imitandum,
947 2084 1017 2118 aut
1045 2077 1177 2119 maius
1207 2084 1276 2119 aut
1306 2078 1461 2125 minus,
1494 2091 1618 2133 quam
1646 2091 1713 2119 res
1742 2084 1884 2133 postu-

120 2141 233 2184 labit.
292 2146 372 2184 Res
413 2140 590 2183 iudicata
629 2140 779 2182 vitiose
818 2139 1052 2196 profertur,
1099 2140 1133 2182 si
1172 2146 1242 2182 aut
1271 2139 1459 2182 dissimili
1490 2139 1540 2181 de
1570 2154 1617 2181 re
1648 2140 1932 2196 proseraturao

122 2210 194 2247 aut
222 2203 273 2246 de
304 2218 352 2246 ea
380 2217 448 2252 re,
481 2217 561 2260 qua
592 2202 643 2245 de
673 2202 957 2245 controversia
987 2216 1071 2244 non
1101 2208 1181 2253 est;
1215 2209 1284 2245 aut
1304 2205 1338 2244 si
1359 2201 1547 2258 improba
1573 2208 1643 2244 aut
1663 2202 1881 2251 eiusmodi,

121 2273 168 2309 ut
205 2273 275 2308 aut
316 2266 457 2323 plures
499 2273 571 2308 aut
608 2266 738 2320 magis
777 2266 953 2308 idoneae
994 2279 1062 2307 res
1101 2265 1304 2307 iudicatae
1344 2263 1395 2306 ab
1426 2264 1674 2306 adversariis
1704 2264 1885 2321 proferri

123 2329 294 2386 possint.
354 2332 456 2371 ltem
486 2329 681 2372 vitiosum
712 2336 793 2377 est,
823 2328 868 2370 id
897 2327 1010 2384 quod
1040 2327 1269 2370 adversarii
1297 2327 1447 2370 sactum
1480 2342 1570 2370 esse
1600 2326 1884 2375 confiteantur,

217 2439 251 2470 1.
279 2438 319 2471 de
349 2447 387 2470 re
419 2438 531 2470 attera
568 2438 768 2470 PABFRT:
811 2439 852 2470 de
888 2438 1003 2470 altera
1040 2438 1080 2470 E.
1125 2454 1166 2460 —
1211 2437 1242 2469 2.
1278 2439 1308 2469 εἰ
1340 2447 1416 2469 cum
1447 2441 1668 2478 comparetur
1706 2437 1812 2469 PAT:
1856 2436 1887 2467 si

125 2490 348 2526 comparetur
374 2484 513 2524 (omisso
533 2489 622 2526 cum)
647 2486 756 2524 BRE,
782 2486 812 2516 .ςὶ
830 2490 1120 2524 compararentur
1144 2485 1182 2516 F.
1213 2500 1254 2506 —
1287 2485 1320 2515 3.
1350 2494 1397 2516 an
1413 2495 1485 2516 non
1505 2485 1659 2523 accipere
1677 2484 1752 2521 PB,
1779 2483 1817 2514 L.
1843 2499 1885 2505 —

125 2532 160 2564 4.
188 2537 280 2565 curet
306 2531 423 2563 Libri:
452 2541 549 2563 cures
578 2533 602 2563 E
629 2535 720 2564 coni.
750 2548 787 2555 —
833 2533 867 2564 5.
891 2536 1093 2572 praetereat
1119 2532 1237 2563 Libri:
1265 2535 1465 2571 praetereas
1491 2531 1531 2562 E.
1560 2532 1652 2562 coni.
1683 2547 1721 2554 —
1748 2532 1886 2561 minora

126 2579 169 2611 Τ.
201 2595 235 2601 -
264 2577 420 2620 (Habent
441 2580 511 2610 sint
532 2579 732 2616 PABFRT,
761 2582 800 2610 ut
825 2588 864 2611 ex
891 2581 983 2610 coni.
1005 2587 1066 2618 pro
1083 2583 1164 2610 sunt
1190 2578 1286 2610 dedit
1313 2578 1367 2617 E).
1397 2596 1435 2601 —
1470 2579 1564 2609 dicat
1590 2578 1706 2609 Libri:
1736 2577 1831 2608 dicas
1858 2576 1884 2607 E

128 2627 218 2658 coni.
247 2643 285 2648 —
325 2625 359 2657 8.
393 2624 538 2657 Vestinis
564 2626 788 2658 I’t'nnensibus
823 2626 933 2657 eodo.
964 2628 1066 2666 pauci
1094 2631 1127 2658 et
1153 2635 1204 2665 pr.
1228 2625 1254 2656 P
1289 2624 1362 2664 (sed
1388 2625 1661 2665 pennensibus):
1708 2622 1887 2654 Venusinis

130 2673 177 2710 E,
215 2672 249 2704 id
276 2671 370 2713 quod
396 2675 563 2713 originem
591 2673 694 2705 debet
720 2674 827 2705 errori
853 2672 963 2704 AFT:
992 2682 1039 2704 an
1062 2673 1239 2704 venusini}
1265 2681 1312 2703 an
1334 2671 1578 2712 pennensibus.
1608 2671 1675 2709 (aiii
1695 2671 1794 2701 aliter
1812 2677 1887 2701 cor-

129 2721 251 2760 romi.)
276 2735 321 2740 —
355 2720 564 2761 prosuerunt
587 2720 658 2751 FT.
699 2736 736 2742 —
779 2719 812 2751 9.
840 2719 936 2751 dicat
969 2720 1013 2750 ab
1045 2719 1168 2750 alteris
1205 2728 1284 2750 cum
1315 2718 1427 2750 Ursini
1464 2718 1550 2750 Cod.
1586 2718 1631 2756 (·?)
1662 2716 1883 2748 Lauemand:

131 2766 227 2797 dicat
260 2766 379 2798 alteris
415 2766 499 2797 PAF
527 2767 574 2805 E,
613 2768 726 2803 dicat,
763 2766 892 2797 alteros
925 2766 1041 2798 laedat
1071 2766 1162 2797 BRT
1197 2771 1231 2797 et
1256 2775 1308 2806 pr.
1331 2765 1370 2797 P.
1408 2781 1451 2787 -—
1491 2767 1547 2796 10.
1575 2766 1749 2802 vituperes
1774 2763 1816 2794 'l'-
1845 2778 1887 2786 —

131 2814 189 2844 11.
217 2812 339 2852 cupide
363 2812 564 2844 PABFRT:
605 2813 765 2853 cupidius
799 2813 891 2851 (eum
919 2813 1004 2844 Cod.
1041 2812 1219 2851 Zuiceav.)
1256 2813 1302 2850 E,
1342 2811 1435 2852 quod
1465 2815 1579 2842 tamen
1606 2811 1743 2842 videtur
1768 2809 1811 2842 ab
1838 2811 1888 2841 in-

132 2859 357 2898 terpolatore.
399 2875 436 2881 —
477 2861 533 2891 12.
562 2865 593 2892 et
618 2861 659 2891 de
683 2859 852 2890 vocabulo
878 2860 927 2898 R,
962 2859 1042 2891 Sch.
1081 2877 1123 2882 —
1165 2861 1237 2890 eius
1261 2861 1312 2890 rei
1339 2869 1407 2891 om.
1433 2857 1559 2889 PABF.
1600 2873 1637 2879 -
1678 2857 1733 2888 13.
1764 2857 1889 2895 optime

131 2909 239 2947 potest
265 2905 434 2937 ABFRT:
459 2912 571 2946 potest
598 2907 724 2946 optime
749 2906 817 2938 PE.
840 2923 876 2929 —
907 2905 963 2937 16.
991 2915 1023 2937 se
1048 2905 1209 2937 PAFRT.
1231 2923 1269 2928 —
1296 2906 1352 2938 22,
1381 2904 1683 2936 commutationem
1709 2903 1820 2940 ΛΒΤ,
1840 2903 1887 2934 L:

131 2952 360 2983 mutationem
383 2952 516 2985 PFRE.
559 2968 601 2974 -
638 2953 694 2984 24.
725 2953 786 2984 Vv.
823 2956 856 2983 et
891 2953 1220 2993 amplificationibus
1256 2957 1416 2992 suspecta
1455 2951 1614 2982 Ernestto
1647 2950 1834 2989 deletaque
1869 2959 1889 2982 a

134 2999 310 3034 Schutzio,
341 3001 423 3038 quia
442 3001 474 3031 in
493 3008 594 3040 seqq.
622 3000 715 3031 nulia
740 2999 1020 3038 amplificationis
1047 3003 1177 3031 mentio
1205 3000 1262 3036 fit,
1291 3001 1443 3032 retinent
1468 2996 1578 3028 Codd.
1608 2999 1715 3029 nostri
1743 2998 1806 3030 etsi
1833 3003 1891 3027 va-

134 3048 185 3079 rio
212 3046 347 3077 ordine.
376 3060 416 3067 —
449 3050 479 3077 et
504 3047 604 3078 rebus
628 3047 792 3078 iudicatis
818 3046 960 3078 ABRT:
998 3051 1028 3078 et
1053 3047 1217 3077 iudicatis
1245 3046 1290 3082 E,
1319 3055 1386 3078 om.
1409 3045 1494 3075 haec
1521 3043 1585 3074 PF.
1614 3061 1656 3066 —
1689 3045 1788 3076 rebus
1815 3047 1891 3082 post

134 3103 166 3127 v.
184 3094 302 3125 ceteris
321 3093 447 3124 omittit
465 3091 505 3124 L.
527 3093 636 3124 Codd.
658 3095 764 3124 nostri
789 3098 939 3125 servant.
965 3109 999 3115 —
1029 3093 1085 3124 25.
1115 3093 1391 3131 locupletandum
1409 3090 1456 3125 R.
1488 3089 1527 3120 L.
1548 3105 1588 3111 —
1615 3091 1669 3121 his
1686 3090 1886 3122 PABFR'I':

134 3140 183 3171 iis
209 3139 248 3170 E.
283 3155 326 3161 -—
365 3136 479 3178 rebus]
520 3139 698 3179 yenert'bus
731 3139 840 3170 (lodd.
869 3141 950 3180 aliq.
977 3143 1012 3171 et
1039 3139 1076 3169 L.
1106 3141 1225 3172 (nostri
1252 3142 1351 3173 non.)
1400 3135 1564 3168 Variandi
1597 3137 1712 3170 studio
1739 3138 1804 3169 hoc
1833 3138 1890 3167 tri-

136 3185 315 3218 buendum
341 3185 491 3217 videtur.
521 3202 559 3208 —
601 3185 658 3217 27.
686 3190 750 3217 aut
775 3187 842 3217 sibi
867 3188 933 3227 ipsi
959 3185 1118 3216 PBFRT.
1147 3186 1200 3216 Ab
1227 3187 1255 3216 Α
1281 3185 1345 3216 sibi
1371 3183 1507 3216 videtur
1531 3183 1667 3215 abesse.
1698 3201 1736 3207 —
1777 3183 1833 3214 28.
1860 3182 1891 3213 εἰ

137 3237 214 3274 post
230 3236 293 3264 aut
311 3241 378 3264 om.
398 3230 534 3269 PAFT,
560 3231 599 3264 L.
626 3247 670 3253 —
695 3232 752 3263 29.
777 3234 933 3271 postulat
953 3232 1088 3269 PAFT,
1113 3232 1313 3272 postulabat
1333 3231 1374 3262 R.
1399 3246 1442 3252 —
1473 3229 1529 3260 30.
1550 3230 1674 3261 vitiose
1690 3229 1891 3271 proferetur

136 3279 276 3315 PABF,
302 3279 340 3310 L·
369 3294 410 3300 —
437 3286 473 3309 re
494 3279 690 3319 proferetur
715 3278 820 3316 PFR,
847 3289 884 3311 re
906 3280 1088 3319 profertur
1113 3278 1184 3311 ΒΤ.
1212 3295 1256 3300 ——-
1283 3277 1339 3310 31.
1366 3278 1394 3310 εἰ
1420 3285 1489 3309 om.
1512 3276 1641 3308 PAFT.
1671 3294 1708 3302 -
1736 3276 1792 3310 33.
1819 3279 1887 3318 est,

138 3326 230 3371 quod
253 3326 284 3359 R
309 3329 344 3359 et
368 3333 421 3365 pr.
445 3325 487 3358 T.
538 3324 581 3357 Ut
605 3333 687 3365 noS,
714 3324 829 3358 PABF
857 3330 891 3359 et
916 3334 993 3358 corr
1019 3325 1060 3356 T.
