2117 3762
228 257 310 301 254
913 255 983 296 DE
1016 255 1263 297 ORATORE

229 365 400 407 Crassus
431 364 695 406 adolescens:
746 361 838 401 Non
868 358 903 400 si
933 359 1142 414 Opimium
1172 359 1415 409 defendisti,
1463 355 1620 405 Carbo,
1658 356 1812 399 idcirco
1843 361 1883 400 te
1913 357 1980 399 isti

226 426 384 469 bonum
427 427 558 469 civem
595 425 811 480 putabunt.
873 421 1096 464 Simulasse
1133 427 1174 465 te
1215 428 1257 465 et
1296 422 1406 464 aliud
1447 419 1546 477 quid
1578 419 1789 475 quaesisse
1818 419 1981 474 perspi-

227 503 349 531 cuum
388 494 475 538 est,
527 485 639 542 quod
684 485 746 526 Ti.
781 484 951 525 Gracchi
991 489 1170 526 mortem
1210 498 1333 540 saepe
1363 486 1406 526 in
1437 484 1700 525 contionibus
1731 482 1978 538 deplorasti,

228 554 340 607 quod
369 553 413 594 P.
434 550 612 594 Africani
642 545 754 588 necis
784 547 920 588 socius
951 544 1087 595 fuisti,
1122 549 1235 601 quod
1265 562 1355 589 eam
1382 547 1517 602 legem
1537 547 1578 588 in
1599 546 1814 587 tribunatu
1835 543 1979 593 tulisti,

196 616 339 670 ⁵quod
370 626 533 667 semper
561 625 585 651 a
613 607 735 650 bonis
766 607 989 650 dissedisti.
1053 610 1146 650 171.
1179 611 1243 650 Ex
1264 609 1396 652 causis
1426 615 1564 651 autem
1594 622 1735 650 rerum
1765 606 1845 649 sic:
1878 609 1983 649 Ava-

226 677 363 718 ritiam
395 675 430 716 si
458 674 605 715 tollere
637 671 782 721 vultis,
814 676 946 713 mater
976 673 1065 713 eius
1097 676 1158 713 est
1186 671 1391 722 tollenda,
1425 672 1622 714 luxuries.
1679 673 1741 712 Ex
1760 670 1811 712 iis
1832 674 1981 716 autem,

226 753 332 793 quae
362 741 456 779 sunt
484 741 576 777 orta
606 736 656 776 de
688 736 843 776 causis:
897 735 939 775 Si
971 735 1120 775 aerarii
1151 734 1283 787 copiis
1314 739 1354 775 et
1383 737 1435 776 ad
1463 734 1561 777 belli
1591 735 1828 776 adiumenta
1858 737 1898 773 et
1928 729 1980 772 ad

226 804 469 844 ornamenta
498 799 611 853 pacis
641 797 822 846 utimur,
854 797 1126 852 vectigalibus
1156 796 1397 838 serviamus.
1460 800 1552 840 172.
1588 797 1746 840 Maiora
1775 800 1912 838 autem
1944 798 1985 835 et

226 864 387 904 minora
417 867 458 903 et
485 860 602 917 paria
632 859 964 916 comparabimus
994 860 1074 902 sic:
1109 874 1161 901 ex
1183 859 1362 901 maiore:
1394 860 1436 901 Si
1456 862 1566 903 bona
1596 859 1847 902 existimatio
1879 856 1985 899 divi-

176 937 213 962 10
227 924 292 966 tiis
322 929 505 978 praestat
534 928 576 965 et
603 923 781 978 pecunia
809 928 923 965 tanto
955 936 1084 978 opere
1114 923 1347 979 expetitur,
1395 928 1547 979 quanto
1589 922 1723 979 gloria
1759 921 1892 978 magis
1923 923 1985 962 est

227 985 478 1043 expetenda!
530 989 595 1029 Ex
625 989 810 1030 minore:

782 1105 837 1113 —
855 1083 935 1123 Hic
957 1095 1109 1135 parvae
1137 1081 1429 1122 consuetudinis

451 1145 581 1187 Causa
608 1145 727 1186 huius
755 1151 920 1186 mortem
950 1151 1032 1186 tam
1057 1146 1135 1198 fert
1159 1144 1442 1198 familiariter:

452 1208 583 1260 Quid,
614 1209 651 1249 si
679 1209 762 1261 ipse
791 1209 988 1249 amasset?
1031 1208 1125 1262 quid
1152 1207 1251 1247 mihi
1279 1207 1344 1247 hic
1368 1207 1488 1260 faciet
1509 1206 1654 1260 patri?

175 1320 211 1346 15
224 1304 287 1344 Ex
314 1300 408 1357 pari
436 1300 517 1342 sic:
561 1303 633 1343 Est
661 1301 849 1343 eiusdem
880 1305 920 1343 et
950 1302 1110 1357 eripere
1141 1305 1181 1343 et
1210 1305 1354 1342 contra
1382 1313 1472 1342 rem
1502 1300 1711 1356 publicam
1743 1299 1881 1355 largiri
1909 1312 1983 1356 pe-

226 1365 379 1406 cunias.
440 1365 533 1405 173.
565 1362 684 1405 Foris
715 1368 853 1406 autem
883 1369 1149 1406 assumuntur
1179 1377 1251 1413 ea,
1284 1377 1389 1418 quae
1418 1376 1504 1405 non
1533 1376 1608 1404 sua
1631 1362 1673 1405 vi
1693 1364 1766 1404 sed
1788 1367 1986 1405 extranea

225 1428 520 1476 sublevantur,
566 1430 613 1467 ut
648 1427 772 1468 haec:
824 1427 915 1467 Hoc
951 1440 1099 1469 verum
1129 1431 1214 1477 est;
1266 1427 1371 1468 dixit
1401 1427 1510 1467 enim
1542 1426 1593 1476 Q.
1625 1427 1827 1468 Lutatius.
1893 1426 1986 1466 Hoc

225 1489 374 1532 falsum
415 1495 498 1539 est;
544 1490 687 1531 hahita
722 1490 832 1531 enim
871 1490 1059 1545 quaestio
1098 1494 1174 1530 est.
1236 1490 1328 1530 Hoc
1363 1489 1482 1544 sequi
1518 1502 1688 1530 necesse
1720 1493 1802 1539 est;
1852 1488 1984 1530 recito

227 1554 338 1595 enim
368 1553 546 1594 tabulas.
606 1554 666 1593 De
699 1565 782 1607 quo
812 1565 964 1606 genere
995 1557 1084 1594 toto
1114 1551 1253 1606 paullo
1289 1557 1382 1593 ante
1413 1551 1516 1593 dixi.
1577 1553 1682 1593 XLI.
1716 1554 1810 1594 174.
1843 1552 1983 1600 Haec,

177 1632 214 1658 20
226 1621 273 1658 ut
308 1614 553 1657 brevissime
593 1613 674 1656 dici
712 1620 962 1670 potuerunt,
1014 1616 1070 1656 ita
1101 1629 1124 1656 a
1153 1628 1219 1656 me
1249 1616 1357 1656 dicta
1387 1620 1493 1656 sunt.
1553 1616 1603 1656 Ut
1633 1615 1744 1657 enim
1775 1615 1810 1656 si
1839 1627 1988 1656 aurum

228 1679 319 1728 cui,
352 1679 465 1734 quod
495 1682 603 1720 esset
631 1677 900 1719 multifariam
931 1676 1167 1726 defossum,
1201 1683 1528 1719 commonstrare
1558 1677 1730 1726 vellem,
1767 1678 1864 1718 satis
1895 1690 1986 1718 esse

227 1740 418 1788 deberet,
460 1741 493 1781 si
533 1740 650 1795 signa
690 1746 732 1781 et
768 1746 886 1782 notas
926 1742 1188 1782 ostenderem
1219 1740 1434 1790 locorum,
1484 1741 1633 1797 quibus
1678 1741 1854 1795 cognitis
1899 1739 1989 1795 ipse

226 1805 306 1845 sibi
334 1803 500 1845 foderet
528 1809 570 1845 et
598 1805 668 1852 id,
702 1805 814 1859 quod
834 1804 983 1853 vellet,
1015 1805 1189 1859 parvulo
1221 1803 1391 1853 labore,
1425 1803 1538 1845 nullo
1571 1817 1716 1845 errore
1747 1802 1980 1845 inveniret:

226 1867 284 1908 sic
312 1869 385 1908 has
418 1880 494 1922 ego
526 1872 867 1921 argumentorum
896 1871 1015 1908 notas
1045 1867 1260 1922 quaerenti
1291 1866 1592 1915 demonstravi,
1638 1864 1710 1907 ubi
1741 1865 1847 1916 sint3
1890 1863 1987 1906 reli-

177 1945 213 1971 25
227 1944 308 1985 qua
337 1944 436 1970 cura
465 1934 507 1971 et
535 1928 784 1984 cogitatione
816 1935 1031 1971 eruuntur.
1097 1932 1190 1972 175.
1226 1931 1349 1979 Quod
1379 1934 1516 1971 autem
1546 1933 1886 1983 argumentorum
1918 1940 1989 1981 ge-

226 2007 304 2034 nus
335 1991 485 2047 cuique
515 2005 733 2033 causarum
765 1992 909 2046 generi
938 1991 1119 2033 maxime
1151 1992 1391 2041 conveniat,
1423 2006 1508 2033 non
1539 1997 1601 2033 est
1631 1993 1727 2033 artis
1759 1991 1988 2046 exquisitae

226 2054 535 2111 praescribere,
581 2053 653 2096 sed
692 2060 754 2096 est
783 2056 1005 2096 mediocris
1035 2056 1191 2109 ingenii
1221 2053 1420 2096 iudicare.
1483 2057 1628 2110 Neque
1660 2054 1769 2096 enim
1799 2067 1909 2094 nunc
1939 2051 1982 2093 id

227 2119 413 2172 agimus,
445 2122 492 2159 ut
520 2123 650 2158 artem
680 2119 861 2173 aliquam
893 2116 1056 2159 dicendi
1089 2116 1367 2172 explicemus,
1401 2116 1473 2159 sed
1495 2123 1541 2159 ut
1570 2115 1820 2159 doctissimis
1849 2113 1989 2157 homi-

227 2180 350 2222 nibus
390 2194 490 2222 usus
527 2181 660 2221 nostri
700 2181 815 2236 quasi
852 2182 1056 2234 quaedam
1084 2180 1240 2221 monita
1270 2181 1494 2224 tradamus.
1553 2179 1628 2221 His
1657 2180 1786 2234 igitur
1814 2178 1916 2221 locis
1945 2178 1988 2220 in

178 2259 215 2285 ao
227 2248 367 2285 mente
398 2248 439 2284 et
468 2244 719 2298 cogitatione
749 2242 895 2284 defixis
926 2247 967 2283 et
995 2243 1038 2282 in
1068 2243 1180 2283 omni
1212 2256 1256 2283 re
1287 2243 1339 2282 ad
1369 2242 1591 2283 dicendum
1621 2243 1756 2296 posita
1786 2242 1988 2290 excitatis,

227 2305 331 2348 nihil
361 2307 459 2357 erit,
490 2305 603 2361 quod
632 2310 842 2347 oratorem
874 2303 1057 2360 effugere
1087 2306 1219 2361 possit
1247 2318 1331 2346 non
1361 2307 1486 2346 modo
1517 2304 1560 2346 in
1590 2303 1828 2347 forensibus
1858 2304 1990 2346 disce-

226 2367 481 2424 ptationibus
511 2367 584 2410 sed
614 2369 783 2411 omnino
815 2369 857 2409 in
887 2367 973 2410 ullo
994 2381 1145 2422 genere
1166 2367 1345 2409 dicendi.
1410 2369 1502 2409 176.
1535 2366 1578 2409 Si
1599 2381 1700 2410 vero
1722 2372 1983 2423 assequetur,

227 2436 275 2472 ut
302 2430 395 2473 talis
425 2429 636 2479 videatur,
682 2431 846 2488 qualem
876 2446 920 2473 se
951 2432 1084 2473 videri
1114 2430 1236 2480 velit,
1283 2435 1324 2472 et
1353 2431 1513 2472 animos
1542 2444 1689 2472 eorum
1719 2431 1776 2472 ita
1815 2429 1984 2478 afficiat,

229 2495 339 2549 apud
368 2507 474 2550 quos
503 2499 617 2549 aget,
649 2499 696 2536 ut
726 2507 822 2544 eos,
856 2507 1107 2550 quocunque
1137 2494 1261 2543 velit,
1294 2493 1361 2536 vel
1389 2495 1556 2535 trahere
1575 2493 1643 2536 vel
1663 2507 1810 2549 rapere
1830 2491 1984 2548 possit,

319 2645 354 2677 2.
384 2648 417 2677 et
438 2645 572 2687 aliquid
596 2645 623 2677 B
648 2643 789 2685 aliique.
818 2644 881 2683 (Ex
906 2644 935 2676 A
959 2645 1044 2677 nihil
1070 2648 1226 2677 notatum
1252 2641 1334 2686 est.)
1355 2661 1391 2668 —-
1420 2643 1455 2676 4.
1482 2640 1610 2684 socius]
1636 2644 1792 2675 conscius
1817 2643 1900 2685 Lag.
1928 2651 1988 2677 sex

231 2692 421 2726 deteriores
437 2717 446 2732 ,
473 2697 512 2724 ut
537 2692 607 2725 volt
630 2692 774 2724 Bakius.
804 2707 844 2713 —
872 2691 966 2731 quod
991 2691 1080 2733 eam]
1109 2691 1245 2732 quidem
1269 2692 1310 2725 A.
1338 2708 1383 2713 —
1407 2691 1441 2723 5.
1470 2691 1646 2723 dissedisti
1670 2691 1699 2722 A
1726 2691 1883 2732 aliique:
1918 2690 1989 2722 dis-

231 2741 369 2772 sensisti
393 2737 473 2782 (132)
500 2740 572 2771 RE.
599 2754 644 2762 —
668 2738 701 2770 9.
730 2738 1022 2779 comparabimus]
1050 2747 1251 2780 quaeremus
1275 2739 1324 2777 Β,
1351 2747 1420 2770 om.
1447 2738 1490 2770 R.
1529 2753 1565 2760 —
1607 2738 1669 2777 sic]
1696 2738 1749 2769 hic
1774 2737 1817 2770 A.
1849 2755 1885 2762 -
1927 2738 1985 2770 10.

231 2790 332 2819 tanto
358 2795 458 2827 opere
483 2786 592 2819 Codd.
621 2785 730 2825 aliq.:
758 2788 938 2825 tantopere
964 2785 1053 2826 (AB)
1080 2786 1151 2817 RE.
1180 2803 1216 2808 —
1248 2787 1303 2817 11.
1331 2784 1521 2824 expetenda
1547 2787 1596 2816 est
1619 2785 1663 2816 R.
1691 2801 1732 2807 —
1769 2786 1903 2817 minore
1927 2784 1987 2816 AB

233 2834 390 2874 aliique:
429 2834 562 2866 minore
585 2833 634 2865 sic
658 2832 729 2865 RE.
757 2848 802 2856 —
843 2833 899 2864 13.
928 2837 1002 2864 tam
1026 2833 1093 2872 fert
1120 2831 1277 2873 (Terent.
1304 2832 1412 2863 Andr.
1443 2833 1459 2862 1
1478 2855 1486 2869 ‚
1515 2832 1555 2869 1,
1583 2830 1657 2872 83.)
1697 2831 1787 2863 AB:
1822 2831 1888 2872 fert
1913 2836 1988 2864 tam

233 2880 305 2912 RE.
334 2897 374 2903 -
416 2880 474 2912 14.
514 2881 567 2912 hic
591 2880 677 2911 mihi
702 2879 776 2910 BR.
814 2895 855 2900 —
894 2880 950 2912 15.
987 2880 1072 2920 pari
1097 2888 1114 2912 e
1141 2879 1252 2911 Codd.
1281 2879 1322 2910 T.
1357 2880 1441 2918 pari
1465 2879 1514 2910 sic
1538 2880 1688 2911 retinere
1713 2879 1878 2912 videntur
1900 2877 1985 2916 AB,

233 2930 360 2959 retinet
384 2927 426 2959 R.
457 2944 495 2951 —
521 2931 552 2960 et
577 2931 702 2958 contra
726 2927 753 2957 B
779 2926 934 2965 aliique:
971 2931 1095 2958 contra
1119 2924 1203 2968 (A‘I)
1229 2926 1304 2958 RE.
1333 2941 1372 2947 —
1399 2925 1528 2965 laryiri
1553 2925 1663 2957 Codd.
1691 2926 1761 2958 al.:
1805 2930 1836 2957 et
1862 2924 1989 2967 laryiri

233 2973 308 3004 RE.
336 2974 400 3013 (De
427 2973 484 3006 AB
510 2983 580 3006 non
606 2971 744 3014 liquet.)
771 2989 813 2994 —
840 2973 895 3004 17.
925 2971 980 3013 Q.]
1008 2982 1097 3015 quae
1120 2973 1162 3004 A.
1192 2990 1232 2995 —
1260 2971 1422 3003 Lucanus
1446 2972 1488 3003 R.
1519 2989 1556 2995 —
1593 2972 1649 3004 21.
1678 2973 1755 3009 cui,
1782 2970 1889 3013 quod]
1917 2979 1986 3012 quo

233 3019 271 3050 id
295 3021 385 3060 quod
410 3021 460 3059 A,
487 3021 578 3061 quod
604 3021 642 3051 id
666 3021 758 3062 quod
781 3019 822 3051 Β.
849 3035 891 3041 —-
929 3021 986 3051 22.
1013 3021 1086 3060 ipse
1112 3020 1177 3051 sibi
1200 3019 1282 3050 AB:
1309 3019 1367 3050 ille
1391 3019 1464 3059 ipse
1489 3018 1556 3050 sibi
1580 3018 1609 3050 R
1624 3042 1633 3057 ‚
1669 3020 1728 3051 ille
1750 3019 1816 3052 sibi
1839 3020 1911 3059 ipse
1935 3018 1984 3056 E,

233 3065 300 3096 sibi
325 3067 396 3106 ipse
422 3067 462 3098 T.
493 3084 531 3091 —-
559 3066 616 3099 23.
641 3075 733 3107 paro
760 3063 837 3106 (sic)
863 3066 909 3101 Β,
934 3075 1049 3105 parvo
1075 3067 1116 3098 T.
1148 3082 1184 3089 —
1213 3065 1270 3097 24.
1297 3070 1399 3097 notas
1427 3065 1534 3097 Vetus
1560 3064 1752 3106 Stephani,
1779 3066 1838 3107 Lg.
1864 3066 1898 3096 2.
1926 3064 1984 3096 13.

233 3112 291 3143 20.
319 3112 402 3145 36.:
441 3115 523 3146 novi
547 3118 649 3146 notas
674 3122 751 3146 cum
778 3112 887 3145 Codd.
914 3114 1030 3146 multis
1057 3114 1083 3145 E
1101 3136 1110 3151 ,
1137 3112 1212 3145 erui
1234 3115 1336 3143 notas
1362 3120 1439 3143 curn
1468 3112 1544 3144 aliis
1570 3112 1624 3151 R,
1658 3113 1754 3144 volui
1776 3117 1882 3144 notas
1906 3119 1986 3143 cum

233 3159 309 3191 aliis
334 3159 376 3190 T.
404 3157 542 3196 (Omnia
569 3169 609 3193 ex
635 3159 993 3200 interpolationibus.)
1029 3178 1067 3183 —
1096 3159 1275 3201 quaerenti
1301 3166 1378 3189 cum
1405 3159 1515 3191 Codd.
1549 3159 1598 3190 T:
1624 3160 1709 3191 mihi
1733 3158 1915 3200 quaerenti
1932 3157 1984 3197 A,

233 3213 322 3246 quae
345 3204 409 3236 illa
432 3206 517 3237 mihi
541 3208 724 3245 quaerenti
749 3205 831 3247 (Bi)
856 3207 928 3238 RE.
960 3225 996 3231 —
1036 3206 1270 3239 demonstravi
1295 3205 1404 3237 Palat.
1431 3206 1458 3238 I.
1488 3209 1522 3239 et
1548 3214 1635 3238 corr.
1662 3207 1710 3238 Z:
1751 3205 1986 3237 demonstrari

234 3252 296 3293 Lg.
322 3251 356 3282 2.
383 3251 419 3284 4.
446 3252 501 3284 13.
529 3253 607 3290 36.,
645 3255 883 3286 demonstrant
908 3253 983 3291 RE,
1014 3253 1251 3286 demonstrare
1276 3252 1484 3285 Ellendtius.
1512 3269 1554 3275 —
1591 3257 1674 3285 sunt
1698 3252 1739 3283 B.
1775 3252 1985 3288 (Ellendtius

235 3301 341 3339 igitur
366 3301 476 3329 totum
504 3298 616 3331 locum
642 3302 730 3333 male
756 3301 918 3333 affectum
944 3304 993 3334 sic
1020 3300 1177 3334 exhibet:
1207 3300 1255 3330 sic
1281 3299 1343 3331 has
1368 3307 1427 3341 eqo
1456 3303 1739 3341 arqumentorum
1762 3299 1858 3330 volui
1882 3303 1986 3331 notas

235 3345 414 3387 quaerenti
437 3345 688 3383 demonstrare,
715 3347 774 3380 ubi
797 3348 894 3391 sint.)
912 3365 952 3371 -—
979 3347 1036 3380 32.
1061 3347 1156 3380 nullo
1180 3346 1224 3379 R.
1245 3363 1281 3370 —
1310 3345 1368 3379 33.
1395 3355 1429 3380 se
1447 3355 1517 3380 om.
1535 3346 1579 3380 Α.
1599 3363 1640 3371 -
1666 3345 1723 3379 34.
1747 3346 1926 3388 repperire
1941 3345 1983 3378 B.
