2117 3762
261 262 342 304 366
1040 262 1235 304 BRUTUS

261 372 459 423 quantum
490 368 586 408 satis
617 370 726 407 esset
755 365 935 415 oratori3
978 370 1019 405 et
1050 366 1218 408 Servius
1249 366 1507 423 eloquentiae
1538 369 1695 407 tantum
1723 370 2011 424 assumpsisse,

260 437 305 472 ut
334 431 397 471 ius
428 430 547 471 civile
576 428 693 469 facile
722 432 864 482 posset
903 427 1036 477 tueri;
1087 433 1323 484 aetatesque
1362 435 1545 477 vestrae,
1592 433 1638 469 ut
1673 428 1861 478 illorum,
1911 431 2014 473 nihil

261 499 331 534 aut
366 506 448 534 non
485 493 569 532 fere
610 488 782 530 multum
820 487 1029 532 differunt.
1086 489 1196 530 XLI.
1231 493 1323 532 151.
1365 494 1417 532 Et
1448 505 1548 545 ego,
1590 492 1651 531 De
1689 504 1779 540 me,
1826 493 2012 547 inquam,

262 553 397 596 dicere
426 555 528 595 nihil
559 557 620 593 est
650 564 845 601 necesse;
895 553 946 592 de
985 551 1130 593 Servio
1166 557 1301 593 autem
1333 559 1374 595 et
1405 560 1447 594 tu
1478 551 1609 607 probe
1641 552 1741 594 dicis
1771 558 1811 594 et
1841 567 1918 607 ego
1951 556 2015 596 di-

231 628 372 665 ⁵cam‚
420 615 531 671 quod
571 615 718 655 sentio.
781 616 873 655 Non
913 613 1022 654 enim
1059 612 1178 654 facile
1224 628 1348 669 quem
1386 617 1564 658 dixerim
1603 615 1693 670 plus
1732 614 1855 656 studii
1893 630 2015 670 quam

258 680 371 721 illum
393 685 433 720 et
455 680 505 719 ad
527 676 747 718 dicendum
769 682 808 717 et
828 678 879 717 ad
909 690 1054 718 omnes
1086 678 1290 718 bonarum
1321 692 1462 720 rerum
1494 678 1730 731 disciplinas
1761 676 2013 721 adhibuisse.

259 744 360 783 Nam
393 746 433 782 et
461 742 503 780 in
533 738 679 780 iisdem
719 740 1090 780 exercitationibus
1130 740 1298 780 ineunte
1337 746 1468 782 aetate
1506 742 1658 782 fuimus
1690 746 1730 781 et
1759 746 1905 796 postea
1934 756 2016 785 una

257 802 448 844 Rhodum
479 802 548 843 ille
579 803 702 842 etiam
732 801 945 855 profectus
975 807 1057 850 051,
1092 816 1173 858 quo
1212 803 1363 843 melior
1393 808 1501 844 esset
1532 809 1572 845 et
1601 803 1783 853 docti0r;
1826 809 1887 854 et,
1919 803 2015 846 inde

257 872 303 906 ut
331 866 474 913 rediit,
521 863 686 906 videtur
716 864 816 906 mihi
846 866 887 905 in
919 866 1100 906 secunda
1130 869 1218 906 arte
1249 865 1408 920 primus
1449 879 1537 907 esse
1577 867 1772 907 maluisse
1803 880 1928 922 quam
1968 867 2012 909 in

208 929 390 984 10prima
421 930 640 969 secundus.
699 931 832 983 Atque
869 929 983 969 haud
1023 930 1131 976 scio,
1179 942 1232 968 an
1272 941 1348 983 par
1378 927 1633 983 principibus
1664 943 1754 971 esse
1785 932 2013 984 potuisset:

256 993 329 1033 sed
358 992 536 1032 fortasse
566 990 731 1038 maluit,
780 990 823 1031 id
854 992 966 1046 quod
999 996 1062 1031 est
1091 993 1293 1044 adeptus,
1345 991 1469 1045 longe
1501 991 1687 1032 omnium
1717 1005 1801 1034 non
1832 993 2018 1033 eiusdem

256 1053 382 1096 modo
412 1054 577 1102 aetatis,
626 1052 698 1094 sed
730 1066 875 1094 eorum
907 1054 1055 1101 etiam,
1102 1054 1171 1107 qui
1200 1051 1400 1102 fuissent,
1446 1054 1488 1093 in
1519 1054 1609 1094 iure
1641 1054 1751 1096 civili
1782 1068 1874 1096 0550
1904 1055 2018 1108 prin·

256 1131 368 1171 ceps.
433 1119 523 1158 152.
554 1117 631 1156 Hic
652 1119 829 1164 Brutus,
862 1117 940 1157 Ain
963 1119 1035 1157 tu?
1066 1117 1212 1171 inquit.
1270 1116 1463 1156 Etiamne
1496 1116 1547 1165 Q.
1574 1116 1797 1159 Scaevolae
1827 1117 2017 1160 Servium

255 1186 442 1222 nostrum
472 1181 719 1233 anteponis?
769 1177 836 1219 Sic
867 1180 1001 1227 enim,
1050 1179 1246 1233 inquam,
1293 1180 1446 1227 Brute,
1490 1179 1706 1229 existimo,
1754 1181 1856 1222 iuris
1886 1180 2018 1222 civilis

205 1247 241 1274 1⁵
256 1256 450 1298 magnum
478 1256 600 1283 usum
631 1247 671 1283 et
701 1243 811 1295 apud
845 1242 1087 1283 Scaevolam
1119 1246 1158 1282 et
1185 1240 1295 1295 apud
1325 1240 1478 1282 multos
1508 1242 1658 1292 fuisse3
1706 1247 1835 1284 artem
1866 1245 1908 1284 in
1938 1245 2019 1285 hoc

254 1320 361 1348 uno:
416 1305 528 1362 quod
558 1319 768 1361 nunquam
801 1303 1003 1345 effecisset
1033 1304 1165 1359 ipsius
1195 1305 1296 1345 iuris
1327 1303 1515 1351 scientia,
1563 1305 1642 1345 nisi
1679 1319 1771 1345 eam
1802 1312 2019 1361 praeterea

256 1369 466 1411 didicisset
496 1374 652 1417 artem,
686 1381 790 1423 quae
815 1369 986 1409 doceret
1014 1380 1103 1408 rem
1134 1368 1370 1409 universam
1402 1366 1589 1408 tribuere
1619 1368 1662 1408 in
1692 1373 1856 1421 partes,
1890 1369 2019 1411 laten-

254 1438 338 1474 tem
370 1433 580 1487 explicare
611 1429 870 1479 definiendo,
919 1432 1141 1472 obscuram
1181 1429 1401 1483 explanare
1442 1430 1777 1483 interpretando,
1824 1431 2020 1486 ambigua

254 1496 434 1550 primum
464 1495 630 1542 videre,
663 1492 813 1534 deinde
844 1492 1122 1547 distinguere,
1156 1499 1367 1549 postremo
1401 1490 1559 1533 habere
1580 1492 1788 1547 regulam,
1820 1508 1901 1549 qua
1920 1508 2021 1537 vera

207 1567 242 1593 '20
257 1564 298 1600 et
339 1557 441 1599 falsa
481 1557 765 1598 iudicarentur
803 1560 844 1596 et
884 1570 1009 1611 quae,
1058 1557 1208 1611 quibus
1252 1555 1481 1610 propositis
1527 1561 1666 1597 essent
1705 1570 1894 1612 quaeque
1934 1572 2020 1599 non

257 1627 395 1663 essent
424 1620 735 1674 consequentia.
800 1620 894 1659 153.
934 1619 1011 1659 Hic
1043 1618 1153 1659 enim
1184 1619 1319 1660 attulit
1350 1620 1458 1659 hanc
1489 1623 1621 1659 artem
1650 1619 1835 1660 omnium
1868 1619 2019 1661 artium

255 1684 477 1725 maximam
508 1682 626 1737 quasi
654 1682 789 1723 lucem
820 1680 871 1722 ad
904 1695 974 1730 ea,
1021 1695 1126 1737 quae
1158 1680 1328 1723 confuse
1359 1682 1409 1722 ab
1441 1679 1528 1722 aliis
1561 1687 1630 1723 aut
1660 1683 2021 1736 respondebantur

255 1751 325 1788 aut
354 1747 595 1800 agebantur.
656 1745 784 1785 XLII.
830 1742 1094 1784 Dialecticam
1125 1743 1226 1786 mihi
1255 1743 1410 1785 videris
1441 1742 1596 1791 dicere,
1654 1742 1803 1797 inquit.
1866 1747 2015 1794 Recte,

254 1810 446 1864 inquam,
477 1807 695 1861 intelligis:
729 1805 802 1847 sed
828 1805 1017 1847 adiunxit
1039 1808 1161 1848 etiam
1184 1813 1224 1848 et
1243 1806 1475 1847 litterarum
1506 1805 1721 1847 scientiam
1753 1812 1793 1848 et
1821 1807 2022 1863 loquendi

204 1879 240 1905 2⁵
259 1872 524 1927 elegantiam,
567 1884 670 1925 quae
702 1883 755 1910 ex
784 1869 946 1922 scriptis
978 1868 1092 1918 eius,
1137 1882 1314 1925 quorum
1346 1867 1497 1909 similia
1526 1867 1636 1909 nulla
1668 1873 1785 1918 sunt,
1825 1871 2020 1912 facillime

256 1936 435 1990 perspici
464 1939 614 1990 potest.
680 1933 773 1973 154.
809 1932 994 1987 Cumque
1026 1932 1209 1973 discendi
1232 1945 1354 1972 causa
1376 1930 1539 1972 duobus
1559 1930 1821 1986 peritissimis
1844 1946 2018 1988 operam

256 1998 457 2045 dedisset,
502 1998 549 2037 L.
574 1994 732 2036 Lucilio
763 1993 892 2035 Balbo
925 1999 965 2035 et
995 1995 1039 2035 C.
1064 1996 1230 2049 Aquilio
1264 1995 1407 2041 Gallo,
1449 1993 1579 2042 Galli,
1625 1994 1806 2035 hominis
1837 1994 1947 2036 acuti
1978 2000 2020 2036 et

257 2058 492 2107 exercitati,
539 2063 773 2113 promptam
806 2063 847 2098 et
874 2062 1060 2112 paratam
1093 2058 1135 2097 in
1168 2056 1328 2111 agendo
1360 2061 1401 2097 et
1430 2057 1473 2096 in
1502 2055 1795 2111 respondendo
1833 2057 2020 2100 celerita-

256 2129 339 2165 tem
370 2121 594 2164 subtilitate
626 2121 924 2175 diligentiaque
955 2120 1190 2174 superavit:
1240 2118 1376 2166 Balbi,
1419 2119 1530 2159 docti
1561 2123 1602 2159 et
1632 2120 1782 2160 eruditi
1811 2119 2018 2170 hominis,

207 2192 243 2218 ³0
256 2187 299 2228 in
335 2191 510 2241 utraque
551 2199 595 2225 re
637 2182 939 2224 consideratam
970 2182 1205 2223 tarditatem
1235 2182 1336 2224 vicit
1368 2180 1638 2234 expediendis
1670 2180 2020 2238 conficiendisque

255 2251 408 2299 rebus3
460 2247 519 2288 sic
555 2251 595 2288 et
630 2243 781 2294 habet,
830 2245 942 2300 quod
980 2249 1155 2299 uterque
1197 2258 1342 2286 eorum
1374 2243 1537 2291 habuit,
1583 2248 1624 2284 et
1654 2243 1857 2299 explevit,
1907 2246 2020 2300 quod

255 2313 423 2367 utrique
455 2307 598 2351 defuit.
659 2309 753 2348 155.
792 2308 956 2362 Itaque,
1001 2312 1046 2348 ut
1087 2308 1255 2348 Crassus
1290 2307 1391 2349 mihi
1421 2308 1584 2349 videtur
1614 2307 1839 2363 sapientius
1869 2307 2018 2350 fecisse

257 2388 381 2431 quam
412 2372 632 2415 Scaevola:
667 2368 747 2423 (hic
778 2369 888 2410 enim
920 2383 1063 2411 causas
1095 2370 1278 2412 studiose
1304 2371 1560 2426 recipiebat,
1593 2369 1635 2411 in
1657 2370 1807 2426 quibus
1828 2385 1851 2412 a
1872 2373 2018 2413 Crasso

257 2438 554 2494 superabatur3
600 2432 670 2474 ille
702 2446 745 2473 50
777 2431 936 2473 00051111
966 2431 1159 2482 nolebat,
1204 2448 1257 2475 ne
1289 2448 1369 2489 qua
1398 2435 1441 2475 in
1471 2447 1518 2474 re
1548 2434 1723 2475 inferior
1754 2439 1864 2475 esset
1893 2447 2019 2489 quam

206 2497 498 2552 ³⁵Scaevolaz)
540 2497 598 2537 sic
631 2494 796 2536 Servius
828 2494 1151 2550 sapientissime,
1186 2510 1279 2538 cum
1310 2496 1415 2538 duae
1446 2495 1588 2538 civiles
1618 2501 1727 2537 artes
1757 2509 1804 2537 ac
1832 2497 2020 2538 forenses

256 2562 484 2617 plurimum
514 2565 555 2601 et
583 2558 715 2601 laudis
745 2557 945 2599 haberent
987 2564 1027 2599 et
1064 2558 1246 2612 gratiae,
1295 2559 1493 2615 perfecit,
1542 2565 1589 2600 ut
1625 2559 1753 2601 altera
1791 2565 2022 2615 praestaret

258 2624 472 2675 omnibus,
524 2637 576 2664 ex
614 2624 743 2663 altera
780 2626 939 2663 tantum
979 2627 1233 2671 assumeret,
1281 2629 1481 2678 quantum
1519 2628 1628 2664 esset
1665 2623 1786 2663 etad
1817 2621 2018 2665 tuendum

258 2688 323 2729 ius
365 2686 484 2729 civile
522 2691 563 2727 et
598 2684 651 2726 ad
692 2683 962 2726 obtinendam
1006 2684 1265 2726 consularem
1311 2685 1554 2740 dignitatem
1601 2686 1712 2729 satis.
1775 2687 1867 2726 156.
1915 2688 2021 2727 Tum

260 2750 435 2798 Brutus,
470 2750 529 2790 Ita
558 2761 752 2802 prorsus,
785 2747 939 2802 inquit,
972 2752 1013 2788 et
1043 2753 1161 2789 antea
1192 2750 1415 2803 putabam:
1454 2747 1592 2789 audivi
1624 2748 1733 2788 enim
1764 2761 1896 2803 nuper
1925 2762 2021 2791 eum

211 2817 247 2846 ‘⁵⁰
259 2812 444 2855 studiose
475 2817 517 2853 et
544 2810 787 2866 frequenter
819 2811 953 2858 Sami,
1002 2823 1094 2850 cum
1127 2825 1180 2852 ex
1209 2824 1259 2852 eo
1290 2810 1354 2851 ius
1384 2815 1573 2851 nostrum
1612 2808 1888 2865 pontificium,
1935 2824 2017 2867 qua

259 2890 312 2917 ex
340 2879 457 2932 parte
487 2888 581 2916 cum
609 2875 700 2915 iure
730 2872 842 2914 civili
872 2873 1136 2914 coniunctum
1167 2878 1296 2922 esset,
1330 2872 1480 2915 vellem
1511 2885 1787 2927 cognoscere;
1834 2878 1875 2914 et
1903 2887 2015 2915 nunc

350 3023 384 3054 2.
408 3024 523 3063 posset
549 3020 634 3054 Cod.
662 3020 752 3061 Reg.
778 3018 822 3050 D.
849 3018 971 3050 Lamb.
999 3019 1033 3050 in
1059 3027 1127 3059 mg.
1154 3018 1345 3058 Repetitt.:
1385 3019 1497 3057 possit
1532 3027 1610 3052 cum
1644 3021 1768 3053 ceteris
1794 3019 1870 3052 RE.
1900 3036 1938 3043 -
1979 3019 2014 3051 5.

260 3077 461 3109 quemquam
494 3068 616 3100 Lamb.
654 3084 699 3089 —
741 3066 797 3098 18.
835 3067 1036 3108 ambiguam
1071 3066 1189 3105 Libri,
1224 3065 1265 3097 R.
1309 3065 1465 3097 Correxit
1498 3066 1620 3098 Lamb.
1663 3083 1700 3090 —
1744 3067 1801 3098 20.
1824 3065 2015 3106 propositis

261 3115 361 3151 libri,
381 3116 429 3147 R:
453 3116 579 3156 positis
596 3114 717 3146 Lamb.
737 3116 877 3145 auctore
893 3113 934 3144 E.
957 3129 996 3135 —-
1022 3111 1079 3144 23.
1106 3113 1241 3153 inquit,
1273 3111 1386 3144 dicere
1400 3112 1442 3142 D.
1469 3112 1535 3145 Gu.
1557 3115 1589 3145 1.
1610 3113 1644 3144 2.
1670 3113 1798 3145 Dresd.
1816 3117 1934 3145 contra
1951 3112 2015 3152 Lg.

262 3170 380 3194 omnes
406 3167 609 3202 ceterosque
636 3160 797 3193 Ellendtii
824 3163 858 3192 et
882 3160 925 3191 R.
955 3176 993 3182 --
1034 3158 1092 3190 24.
1119 3162 1150 3190 et
1179 3156 1356 3198 loquendi]
1389 3159 1571 3200 eloquendi
1599 3160 1670 3199 (om
1689 3158 1733 3201 et)
1763 3160 1806 3191 Ι).
1838 3159 1904 3191 Gu.
1925 3160 1958 3190 1.
1978 3159 2013 3190 2.

262 3208 403 3246 Dresd„
430 3213 459 3240 et
484 3209 662 3250 eloquendi
686 3207 790 3239 habet
816 3207 870 3243 R,
910 3207 972 3239 etsi
1009 3205 1144 3237 dubitat
1175 3204 1302 3242 Peter,
1341 3205 1520 3245 eloquendi
1554 3206 1729 3238 dumtaxat
1754 3208 1784 3239 ei
1811 3206 1933 3237 tribuit
1958 3205 2016 3236 El-

262 3254 370 3287 lendt.
395 3268 437 3274 —
462 3255 519 3285 27.
548 3258 579 3286 et
598 3255 633 3286 C.
661 3255 758 3286 libri:
788 3254 824 3286 C.
852 3253 934 3293 (om.
957 3250 1000 3292 et)
1027 3252 1104 3283 RE.
1131 3268 1172 3274 —
1211 3251 1354 3291 Aquilio
1373 3252 1473 3284 libri:
1500 3252 1651 3294 Aquillio
1670 3253 1708 3284 E.
1730 3269 1771 3275 —
1797 3250 1854 3283 34.
1882 3251 2017 3284 solebat

261 3301 338 3333 libri
358 3302 392 3333 et
408 3299 451 3331 R.
477 3301 676 3334 correctum
700 3303 734 3333 in
760 3300 904 3333 Ascens.
931 3299 1097 3331 secunda.
1125 3314 1166 3322 —·
1192 3297 1248 3330 35.
1277 3300 1545 3338 sapientissime,
1584 3309 1659 3333 cum
1684 3300 1774 3333 duae
1798 3298 1875 3331 libri
1903 3302 1936 3333 et
1959 3298 2011 3331 R:

262 3347 525 3390 sapientissime.
576 3348 660 3380 Cum
694 3348 783 3382 enim
811 3348 904 3380 duae
927 3346 1073 3379 Ascens.
1101 3353 1170 3378 sec.
1198 3345 1316 3379 Lamb.
1344 3346 1385 3378 E.
