2117 3762
259 214 340 256 478
787 211 1088 253 ORATORIAE
1118 212 1465 256 PARTITIONES

257 321 394 374 ponit,
427 317 633 360 concludit
661 316 833 365 acriter,
867 314 1080 358 confirmat
1109 314 1278 367 tabulis,
1318 320 1519 368 decretis,
1558 320 1805 362 testimoniis
1835 335 2004 365 accura-

259 382 420 436 tiusque
456 381 497 422 in
536 378 702 433 singulis
741 383 1043 426 commoratur,
1092 381 1451 438 perorationisque
1495 384 1750 437 praeceptis,
1802 397 1908 439 quae
1954 387 2006 427 ad

257 443 484 485 incitandos
514 443 671 483 animos
702 439 859 488 valent,
890 445 930 481 et
949 441 991 480 in
1021 440 1180 497 reliqua
1211 445 1398 486 oratione
1428 444 1656 499 paullulum
1687 444 1922 500 digrediens
1954 450 2006 489 de

258 520 381 548 cursu
410 505 569 546 dicendi
599 502 726 544 utitur
747 507 787 543 et
806 504 1090 545 vehementius
1110 503 1151 545 in
1171 509 1423 559 perorando.
1484 510 1556 549 Est
1586 508 1696 550 enim
1726 510 2002 563 propositum,

229 574 302 611 sut
331 570 476 609 iratum
506 565 656 607 efficiat
684 564 879 606 iudicem.
939 566 989 606 V.
1026 567 1091 606 15.
1126 568 1170 608 C.
1194 569 1239 607 F.
1266 568 1376 616 Quid
1396 568 1631 610 faciendum
1653 575 1714 610 est
1735 577 1879 612 contra
1901 575 2006 613 reo?

258 633 297 675 C,
327 632 371 671 P.
404 629 550 669 Omnia
585 629 707 680 longe
745 640 877 668 secus.
941 627 1150 669 Sumenda
1184 628 1390 682 principia
1419 633 1471 672 ad
1501 630 1836 674 benevolentiam
1867 633 2007 675 conci-

255 692 450 741 liandam;
499 691 756 731 narrationes
787 695 856 730 aut
885 692 1182 742 amputandae,
1223 704 1329 744 quae
1357 691 1549 742 laedunt,
1591 699 1661 734 aut
1689 694 2004 750 relinquendae,

254 757 287 797 si
318 760 424 795 totae
456 758 549 795 sunt
579 754 805 802 molestae;
845 751 1102 793 firmamenta
1134 751 1185 793 ad
1213 751 1338 794 fidem
1368 755 1503 808 posita
1533 762 1603 797 aut
1631 769 1707 811 per
1737 771 1780 798 se
1811 757 2007 801 diluenda

253 823 322 859 aut
351 817 609 857 obscuranda
638 820 708 856 aut
737 813 1061 869 digressionibus
1093 814 1332 866 obruenda;
1366 819 1652 869 perorationes
1683 825 1821 861 autem
1853 823 1905 862 ad
1930 821 2006 863 mi-

203 877 518 920 1osericordiam
561 876 852 919 conferendae.
915 877 958 919 C.
998 879 1044 918 F.
1084 879 1314 931 Semperne
1357 877 1483 932 igitur
1521 879 1709 922 ordinem
1752 882 2004 933 collocandi,

251 956 373 998 quem
403 941 615 989 volumus,
647 946 789 981 tenere
819 942 1067 993 possumus?
1103 942 1146 982 C.
1170 942 1214 981 P.
1239 942 1332 982 Non
1362 954 1477 990 sane;
1510 955 1604 983 nam
1625 943 1862 986 auditorum
1884 959 2006 988 aures

249 1006 516 1046 moderantur
555 1005 710 1045 oratori
748 1002 941 1058 prudenti
972 1008 1012 1045 et
1041 1004 1218 1058 provido
1251 1007 1315 1052 et,
1363 1004 1475 1058 quod
1512 1010 1732 1059 respuunt,
1778 1007 2005 1051 immutan-

249 1065 346 1107 dum
375 1071 449 1107 est.

360 1129 424 1170 16.
478 1128 522 1169 C.
552 1130 596 1170 F.
637 1130 810 1182 Expone
855 1127 1075 1183 deinceps,
1127 1142 1234 1184 quae
1278 1127 1409 1182 ipsius
1448 1128 1648 1171 orationis
1692 1129 2003 1190 verborumque

199 1207 234 1232 15
247 1194 464 1245 praecepta
501 1191 595 1231 sint.
657 1193 700 1233 C.
738 1192 783 1231 P.
828 1192 961 1232 Unum
1003 1205 1132 1245 genus
1172 1197 1235 1233 est
1275 1192 1497 1247 eloquendi
1539 1205 1612 1233 sua
1651 1199 1799 1248 sponte
1838 1194 2000 1248 fusum3

245 1252 420 1294 alterum
459 1266 624 1294 versum
663 1258 786 1308 atque
820 1259 1038 1295 mutatum.
1098 1255 1238 1296 Prima
1277 1255 1340 1296 vis
1380 1259 1441 1295 est
1475 1254 1517 1294 in
1548 1254 1804 1311 simplicibus
1834 1259 2000 1308 verbis,

244 1315 286 1355 in
315 1314 545 1356 coniunctis
575 1317 770 1356 secunda.
832 1316 1041 1371 Simplicia
1070 1316 1321 1359 invenienda
1342 1321 1462 1366 sunt;
1496 1318 1734 1359 coniunctio
1757 1319 1999 1363 collocanda

245 1383 319 1420 est.
389 1381 441 1420 Et
487 1378 688 1434 simplicia
733 1381 864 1421 verba
902 1380 1053 1435 partim
1092 1380 1232 1421 nativa
1275 1384 1393 1427 sunt,
1439 1378 1591 1433 partim
1620 1387 1798 1435 reperta.
1858 1383 2003 1426 Nativa

245 1454 314 1490 ea,
345 1454 450 1496 quae
481 1441 706 1496 significata
737 1450 831 1483 sunt
860 1456 1007 1493 sensu3
1039 1448 1228 1498 reperta,
1262 1455 1368 1497 quae
1390 1454 1441 1482 ex
1461 1442 1526 1482 his
1547 1442 1654 1483 facta
1675 1450 1769 1485 sunt
1790 1450 1830 1486 et
1848 1452 2000 1489 novata

196 1518 231 1544 20
245 1510 316 1547 aut
343 1503 613 1546 similitudine
641 1510 710 1546 aut
739 1505 968 1547 imitatione
999 1511 1068 1547 aut
1096 1506 1323 1547 inflexione
1353 1509 1425 1545 aut
1454 1505 1719 1547 adiunctione
1755 1506 1998 1551 verborum.

246 1569 312 1608 17.
344 1569 477 1623 Atque
508 1566 630 1608 etiam
662 1572 725 1608 est
744 1566 845 1608 haec
875 1567 1080 1609 distinctio
1109 1569 1153 1608 in
1183 1566 1341 1610 verbis:
1391 1567 1520 1608 altera
1549 1573 1721 1618 natura,
1755 1571 2001 1613 tractatione

243 1629 390 1672 altera:
440 1635 609 1678 natura,
657 1635 703 1671 ut
732 1631 814 1671 sint
843 1629 921 1671 alia
952 1631 1212 1679 sonantiora,
1250 1628 1496 1684 grandiora,
1537 1628 1697 1672 leviora
1727 1637 1768 1672 et
1797 1632 1998 1688 quodam-

242 1695 366 1734 modo
397 1692 615 1741 nitidiora,
647 1691 727 1733 alia
756 1698 921 1743 contra;
952 1694 1200 1735 tractatione
1229 1698 1392 1741 autem,
1425 1706 1519 1733 cum
1549 1698 1621 1734 aut
1641 1694 1808 1749 propria
1831 1710 2001 1738 sumun-

243 1761 308 1797 tur
346 1768 485 1797 rerum
525 1754 729 1797 vocabula
768 1760 838 1796 aut
876 1757 1014 1796 addita
1055 1757 1107 1796 ad
1148 1769 1302 1797 nomen
1341 1760 1411 1796 aut
1440 1767 1549 1796 nova
1581 1760 1650 1796 aut
1679 1757 1816 1809 prisca
1845 1765 1916 1801 aut
1946 1758 2000 1800 ab

193 1835 228 1862 2⁵
242 1823 408 1860 oratore
436 1817 671 1860 modificata
700 1822 740 1859 et
767 1816 920 1859 inflexa
951 1817 1133 1873 quodam
1160 1820 1311 1868 mod03
1347 1816 1484 1872 qualia
1512 1822 1607 1858 sunt
1636 1831 1705 1866 ea,
1737 1832 1843 1874 quae
1865 1825 2000 1863 trans-

240 1879 430 1923 feruntur
458 1886 526 1923 aut
554 1883 845 1929 immutantur,
892 1887 962 1922 aut
994 1895 1064 1929 ea,
1110 1879 1259 1936 quibus
1298 1885 1508 1934 tamquam
1546 1879 1779 1929 abutimur,
1830 1886 1900 1923 aut
1929 1895 1997 1930 ea,

242 1957 346 1999 quae
367 1946 659 1993 obscuramus,
691 1957 797 1999 quae
816 1943 1118 1986 incredibiliter
1138 1944 1343 1992 tollimus,
1378 1954 1567 1996 quaeque
1586 1942 1841 1992 mirabilius,
1874 1958 1998 1999 quam

243 2008 443 2049 sermonis
473 2006 730 2049 consuetudo
759 2008 936 2062 patitur,
985 2022 1193 2049 ornamus.
1252 2008 1321 2048 Vl.
1357 2006 1421 2046 18.
1468 2004 1513 2045 C.
1546 2005 1592 2046 F.
1634 2006 1784 2047 Habeo
1820 2005 1872 2047 de
1902 2007 2000 2048 sim-

241 2069 415 2123 plicibus
452 2068 611 2120 verbis3
655 2082 765 2111 nunc
805 2073 857 2111 de
895 2069 1186 2111 coniunctione
1226 2081 1397 2123 quaero.
1459 2069 1502 2109 C.
1534 2067 1580 2108 P.
1625 2068 1798 2110 Numeri
1828 2068 1998 2125 quidam

196 2147 231 2173 ao
243 2139 335 2173 sunt
364 2134 406 2174 in
437 2131 727 2174 coniunctione
758 2133 951 2175 servandi
981 2131 1307 2187 consecutioque
1337 2131 1577 2172 verborum.
1638 2133 1841 2172 Numeros
1872 2145 1996 2174 aures

241 2193 355 2250 ipsae
384 2196 633 2245 metiuntur,
678 2209 731 2236 ne
762 2201 832 2236 aut
861 2209 945 2237 non
975 2194 1182 2251 compleas
1222 2192 1385 2242 verbis,
1435 2191 1547 2248 quod
1582 2194 1879 2247 proposueris,
1926 2198 1998 2236 aut

240 2257 459 2300 redundes.
520 2257 765 2301 Consecutio
797 2262 956 2307 autem,
987 2272 1039 2299 ne
1069 2257 1319 2312 generibus,
1352 2257 1556 2303 numeris,
1588 2255 1871 2310 temporibus,
1901 2269 1997 2312 per-

243 2320 376 2370 sonis,
407 2319 569 2363 casibus
598 2319 867 2377 perturbetur
896 2322 1044 2363 oratio.
1102 2323 1224 2368 Nam,
1257 2324 1301 2360 ut
1330 2320 1374 2360 in
1404 2316 1659 2374 simplicibus
1689 2317 1849 2368 verbis,
1883 2321 1995 2374 quod

240 2396 324 2424 non
354 2389 416 2425 est
442 2385 657 2433 Latinum,
704 2385 762 2425 sic
790 2385 832 2425 in
862 2385 1113 2431 coniunctis,
1156 2384 1271 2438 quod
1299 2395 1385 2423 non
1415 2386 1477 2423 est
1505 2394 1787 2436 consequens,
1833 2381 1996 2437 vitupe-

193 2445 413 2488 ssrandum
453 2452 528 2488 est.
591 2449 658 2488 19.
709 2445 953 2489 Communia
992 2451 1130 2487 autem
1174 2444 1421 2500 simplicium
1461 2445 1861 2500 coniunctorumque
1900 2449 1995 2486 sunt

239 2510 341 2549 haec
362 2509 542 2565 quinque
563 2508 681 2565 quasi
701 2508 880 2559 lumina,
912 2508 1164 2558 dilucidum,
1196 2506 1348 2557 breve,
1380 2505 1615 2562 probabile,
1647 2506 1831 2557 illustre,
1852 2520 1992 2550 suave.

239 2570 475 2612 Dilucidum
504 2571 550 2613 fit
577 2573 736 2614 usitatis
766 2571 930 2622 verbis,
977 2572 1185 2627 propriis,
1227 2569 1459 2626 dispositis,
1503 2575 1574 2610 aut
1603 2570 1993 2625 circumscriptione

242 2633 434 2676 conclusa
471 2640 542 2676 aut
578 2637 881 2677 intermissione
919 2641 991 2677 aut
1020 2635 1257 2677 concisione
1286 2635 1543 2683 verborum;
1595 2635 1819 2675 obscurum
1850 2638 1990 2675 autem

241 2700 309 2736 aut
337 2697 614 2750 longitudine,
649 2703 717 2739 aut
748 2699 1028 2740 contractione
1060 2697 1257 2739 orationis
1288 2701 1357 2737 aut
1385 2695 1653 2751 ambiguitate
1673 2701 1743 2737 aut
1762 2695 1991 2737 inflexione

193 2769 228 2795 40
243 2762 361 2811 atque
387 2759 671 2802 immutatione
697 2759 939 2803 verborum.
999 2761 1187 2803 Brevitas
1216 2764 1353 2800 autem
1381 2757 1597 2800 conficitur
1618 2757 1876 2812 simplicibus
1898 2771 1991 2800 ver-

242 2817 323 2868 bis,
368 2822 497 2864 semel
532 2838 614 2865 una
651 2837 814 2880 quaque
850 2838 897 2866 re
938 2824 1137 2873 dicenda,
1183 2822 1287 2864 nulli
1316 2822 1380 2862 rei
1411 2820 1514 2870 nisi,
1561 2825 1607 2862 ut
1636 2820 1816 2863 dilucide
1847 2820 1985 2872 dicas,

333 2972 367 3004 5.
393 2973 539 3006 iudicem
563 2973 691 3016 efficiat
714 2974 757 3006 R.
793 2991 839 2996 -
879 2975 935 3007 15.
962 2978 1043 3007 sunt
1066 2974 1095 3007 V
1121 2973 1253 3016 (contra
1280 2980 1385 3014 quam
1410 2974 1527 3004 narrat
1553 2971 1654 3011 Ern.)
1688 2972 1786 3006 Man.
1814 2971 1916 3004 Grut.
1945 2989 1983 2996 -

248 3016 355 3049 Unum
379 3029 482 3060 genus
505 3021 618 3052 YRv:
650 3021 757 3053 Unum
780 3022 891 3062 igitur
914 3030 1018 3063 yenus
1044 3021 1085 3053 E.
1115 3038 1153 3045 —
1182 3021 1238 3052 17.
1268 3020 1467 3052 coniunctio
1491 3019 1694 3052 collocanda
1719 3023 1767 3052 est
1786 3018 1851 3052 Gu.
1873 3019 1983 3052 YBV:

243 3065 446 3104 coniuncta,
482 3075 653 3107 superscr.
679 3069 848 3100 convictio
886 3066 959 3109 (sic)
984 3068 1189 3100 collocanda
1212 3070 1262 3099 est
1287 3067 1341 3104 R,
1381 3066 1567 3098 coniuncta
1598 3066 1802 3099 collocanda
1835 3070 1918 3098 sunt
1942 3066 1983 3098 E.

245 3109 313 3142 Cfr-
341 3109 379 3150 ὃ.
406 3112 461 3144 18.
500 3131 541 3137 -
579 3114 635 3147 18.
676 3115 785 3147 verba
810 3124 877 3147 om.
907 3115 936 3147 V
962 3119 1048 3147 teste
1075 3116 1159 3147 Ern.
1208 3113 1295 3146 Mihi
1329 3116 1490 3145 notatum
1527 3121 1597 3145 non
1623 3117 1687 3146 est.
1730 3130 1772 3137 —
1818 3112 1874 3145 19.
1901 3115 1985 3144 sanc

240 3158 356 3196 primo
380 3166 479 3190 sensu
504 3160 648 3199 Quintil.
675 3161 717 3196 8,
744 3162 784 3200 3,
822 3161 879 3193 36.
910 3179 948 3185 —
990 3163 1047 3194 2-2.
1076 3162 1350 3194 consonantior-a
1373 3159 1462 3192 Edd.
1490 3163 1574 3193 vett.
1602 3164 1636 3193 et
1663 3159 1763 3192 Grut.
1808 3158 1865 3200 (Ut
1905 3168 1980 3197 nos,

242 3201 361 3243 YRV.)
389 3221 428 3227 —
453 3207 644 3245 yrandiora
668 3208 754 3241 RV:
782 3209 949 3249 yraviora
976 3208 1014 3240 E.
1057 3224 1097 3231 —
1138 3208 1195 3240 24.
1222 3206 1393 3239 vocabula
1414 3215 1531 3238 rerum
1556 3207 1598 3238 R.
1629 3222 1668 3230 —
1706 3207 1764 3239 27.
1792 3206 1982 3238 admirabi-

242 3249 309 3282 lius
332 3250 373 3282 R.
401 3267 441 3274 —
468 3251 524 3282 29.
551 3255 743 3286 coniunctis
766 3255 807 3286 V.
838 3272 873 3279 -—
904 3254 959 3287 35.
986 3255 1066 3287 haec
1091 3259 1172 3287 sunt
1194 3254 1235 3287 R.
1267 3271 1303 3278 -—
1332 3253 1390 3284 37.
1416 3254 1474 3297 fiet
1498 3253 1540 3287 R.
1569 3270 1609 3279 -
1643 3254 1843 3295 compositis
1867 3252 1910 3286 V.
1937 3269 1980 3277 --

241 3295 299 3331 38.
324 3297 519 3331 conclusum
543 3307 595 3339 pr.
621 3300 669 3341 V,
696 3302 834 3335 concisa
857 3301 930 3335 ΥΒ.
957 3316 1000 3325 -·
1023 3302 1081 3335 40.
1110 3299 1227 3343 atque]
1255 3305 1317 3336 aut
1340 3300 1385 3334 R.
