2117 3762
245 270 327 311 308
940 268 1010 309 DE
1043 268 1289 312 ORATORE

243 376 410 430 vimque
440 372 676 421 doctrinae,
708 385 793 414 non
822 371 948 414 modo
979 387 1064 414 non
1092 387 1168 429 pro
1193 390 1260 418 me
1290 375 1363 418 sed
1393 381 1534 417 contra
1563 390 1630 418 me
1662 383 1725 419 est
1753 380 1914 433 potius;
1946 402 2001 411 —

243 451 327 480 non
367 438 497 485 enim,
544 435 642 491 quid
673 448 773 488 egO,
819 433 892 476 sed
931 435 1030 489 quid
1070 441 1213 478 orator
1251 441 1408 493 possit,
1454 440 1642 494 disputo:
1676 463 1730 470 —
1762 445 1885 495 atque
1923 443 2001 483 hos

243 514 406 548 omnes,
453 501 520 554 qui
551 503 660 539 artes
690 496 918 538 rhetoricas
949 504 1189 553 exponunt,
1232 500 1522 555 perridiculos.
1583 501 1778 544 Scribunt
1808 503 1917 545 enim
1948 506 1999 545 de

241 563 372 604 litium
412 574 564 615 genere
605 564 646 600 et
683 558 733 600 de
773 559 988 615 principiis
1027 566 1068 601 et
1099 562 1150 601 de
1179 563 1502 605 narrationibus.
1565 566 1632 605 76.
1664 564 1738 605 Illa
1768 566 1831 607 vis
1862 571 2000 607 autem

213 623 504 680 seloquentiae
535 626 645 662 tanta
675 625 759 670 est,
791 627 836 663 ut
866 621 1051 663 omnium
1081 637 1242 671 rerum,
1273 626 1493 674 virtutum,
1526 625 1760 669 officiorum
1781 629 1998 682 omnisque

243 694 432 734 naturae,
466 699 570 740 quae
592 697 729 726 mores
750 686 985 733 hominum,
1018 699 1122 739 quae
1145 687 1330 735 animos,
1367 702 1472 743 quae
1493 688 1620 731 vitam
1645 691 1843 739 continet,
1877 692 2003 745 origi-

242 764 354 796 nem,
386 750 469 790 vim
490 748 821 803 mutationesque
841 753 1005 797 teneat,
1040 750 1186 789 eadem
1210 762 1360 797 mores,
1394 750 1519 804 leges,
1551 753 1641 793 iura
1664 753 1890 801 describat,
1911 767 2002 795 rem

239 811 445 867 publicam
467 814 602 864 regat,
634 811 783 857 omnia,
807 825 913 865 quae
935 812 986 852 ad
1007 824 1294 867 quamcunque
1316 825 1404 852 rem
1425 814 1673 867 pertineant,
1698 822 1840 857 ornate
1862 816 2004 871 copio-

240 889 367 928 seque
388 873 509 914 dicat.
571 874 637 917 77.
666 874 714 913 In
745 887 828 928 quo
858 887 1010 928 genere
1041 888 1116 916 nos
1148 874 1317 929 quidem
1348 889 1562 917 versamur
1590 882 1770 925 tantum,
1803 883 2002 933 quantum

190 949 225 973 10
240 950 476 990 possumus,
498 941 696 989 quantum
717 937 898 990 ingenio,
920 942 1119 992 quantum
1142 937 1343 978 mediocri
1365 939 1562 987 doctrina,
1584 946 1780 994 quantum
1797 955 1875 981 usu
1893 940 2004 981 vale-

238 1012 356 1050 mus3
390 1011 526 1054 neque
546 1003 686 1040 tamen
714 998 803 1040 istis
821 1032 831 1047 ,
862 1000 932 1055 qui
953 1001 996 1040 in
1015 1014 1097 1041 una
1118 999 1385 1055 philosophia
1409 1000 1526 1055 quasi
1556 1003 1869 1043 tabernaculum
1893 1002 2001 1043 vitae

237 1075 336 1103 suae
358 1063 633 1110 collocarunt,
665 1063 842 1103 multum
864 1076 961 1103 sane
982 1061 1023 1103 in
1046 1062 1324 1115 disputatione
1347 1063 1626 1105 concedimus.
1672 1067 1785 1106 XXI.
1802 1066 1871 1106 78.
1893 1065 2002 1114 Quid

238 1125 347 1166 enim
378 1138 495 1167 meus
524 1122 739 1166 familiaris
771 1125 815 1169 C.
847 1124 1029 1168 Velleius
1061 1128 1211 1166 afferre
1242 1131 1398 1180 potest,
1431 1125 1703 1180 quamobrem
1735 1129 1928 1181 voluptas
1951 1127 2004 1169 sit

237 1201 444 1229 summum
473 1189 653 1235 honum,
701 1189 814 1243 quod
846 1203 923 1243 ego
954 1202 1040 1230 non
1071 1188 1279 1243 copiosius
1311 1188 1468 1244 possim
1499 1189 1564 1231 vel
1594 1191 1745 1238 tutari,
1794 1192 1827 1231 si
1856 1191 1998 1239 velim,

185 1260 221 1285 15
235 1249 301 1292 vel
329 1251 524 1293 refellere
554 1263 611 1292 ex
639 1250 722 1292 illis
752 1250 878 1298 locis,
918 1265 1021 1307 quos
1053 1252 1248 1306 exposuit
1277 1251 1504 1300 Antonius,
1539 1254 1614 1292 hac
1646 1251 1809 1294 dicendi
1841 1253 2000 1294 exerci-

234 1312 421 1363 tatione,
472 1314 517 1354 in
562 1327 644 1369 qua
688 1312 871 1355 Velleius
913 1319 976 1354 est
1011 1315 1149 1362 rudis,
1199 1328 1305 1355 unus
1348 1314 1524 1370 quisque
1562 1317 1751 1356 nostrum
1781 1318 2000 1356 versatus?

236 1375 346 1425 Quid
376 1382 462 1425 est,
496 1378 609 1431 quod
640 1381 713 1417 aut
743 1378 836 1420 Sex.
865 1376 1086 1431 Pompeius
1115 1381 1187 1417 aut
1218 1378 1301 1418 duo
1331 1375 1447 1417 Balbi
1477 1382 1547 1417 aut
1577 1390 1695 1418 meus
1718 1378 1896 1426 amicus,
1930 1376 2002 1432 qui

235 1452 329 1480 cum
374 1440 570 1480 Panaetio
609 1439 734 1488 vixit,
785 1441 842 1480 M.
882 1438 1085 1493 Vigellius
1137 1441 1188 1480 de
1232 1440 1384 1481 virtute
1426 1439 1616 1481 homines
1667 1439 1796 1481 Stoici
1839 1441 1998 1495 possint

235 1501 396 1551 dicere,
430 1517 512 1557 qua
540 1503 582 1543 in
613 1503 891 1557 disputatione
923 1515 999 1556 ego
1032 1501 1094 1542 his
1127 1500 1299 1542 debeam
1331 1507 1404 1542 aut
1436 1504 1620 1543 vestrum
1651 1502 1868 1557 quisquam
1901 1515 2000 1543 con-

185 1574 221 1599 20
236 1564 410 1606 cedere?
456 1567 524 1606 79.
560 1567 652 1605 Non
683 1570 744 1605 est
775 1565 885 1605 enim
915 1564 1180 1619 philosophia
1211 1564 1357 1606 similis
1388 1565 1538 1605 artium
1568 1564 1837 1619 reliquarum.
1898 1567 2001 1605 Nam

235 1627 334 1683 quid
362 1626 484 1670 faciet
512 1627 555 1669 in
586 1629 840 1682 geometria,
875 1629 946 1683 qui
976 1641 1061 1669 non
1092 1627 1309 1669 didicerit?
1340 1628 1439 1681 quid
1468 1627 1511 1667 in
1541 1627 1738 1668 musicis?
1768 1629 1849 1668 Aut
1869 1631 2003 1668 taceat

235 1689 448 1743 oportebit
477 1696 548 1731 aut
577 1704 630 1731 ne
660 1705 782 1732 sanus
814 1692 981 1747 quidem
1012 1690 1233 1732 iudicetur.
1295 1692 1409 1731 Haec
1438 1703 1561 1739 vero,
1593 1704 1699 1744 quae
1729 1691 1889 1731 suntin
1910 1690 2003 1745 phi-

232 1752 442 1808 losophia,
483 1753 657 1807 ingeniis
689 1760 894 1797 eruuntur
922 1756 973 1795 ad
1003 1755 1066 1800 id,
1106 1755 1219 1809 quod
1248 1752 1291 1794 in
1323 1766 1489 1808 quoque
1520 1755 1610 1794 veri
1641 1754 1777 1795 simile
1807 1759 1887 1802 est,
1929 1752 2003 1794 eli-

234 1814 426 1856 ciendum
466 1816 595 1857 acutis
638 1822 761 1872 atque
800 1815 966 1858 acribus
999 1830 1129 1872 eaque
1160 1817 1383 1857 exercitata
1413 1816 1601 1857 oratione
1632 1816 1860 1871 poliuntur.
1923 1816 2002 1858 Hic

183 1887 218 1914 2⁵
233 1883 377 1919 noster
407 1878 592 1932 vulgaris
623 1886 789 1929 orator,
823 1881 857 1921 si
888 1881 1023 1920 minus
1055 1878 1135 1919 erit
1165 1880 1334 1927 doctus,
1379 1883 1561 1919 attamen
1591 1878 1635 1919 in
1666 1880 1845 1921 dicendo
1878 1892 1999 1920 exer-

234 1941 403 1990 citatus,
445 1943 524 1982 hac
552 1943 641 1996 ipsa
672 1941 970 1983 exercitatione
1003 1941 1212 1983 communi
1242 1942 1342 1982 istos
1373 1940 1541 1996 quidem
1576 1939 1769 1996 [nostros]
1803 1944 2002 1984 verbera-

233 2005 294 2044 bit
323 2017 461 2058 neque
493 2017 537 2045 se
567 2003 618 2045 ah
648 2004 698 2045 iis
730 2006 938 2046 contemni
969 2019 1016 2045 ac
1047 2003 1202 2058 despici
1234 2004 1353 2044 sinet.
1415 2005 1484 2044 80.
1519 2005 1591 2044 Sin
1620 2006 1767 2060 aliquis
1794 2003 2001 2046 exstiterit

233 2065 479 2121 aliquando,
519 2068 591 2121 qui
630 2067 870 2109 Aristotelio
901 2080 1017 2108 more
1048 2068 1099 2107 de
1131 2067 1323 2107 omnibus
1354 2067 1479 2107 rebus
1510 2065 1554 2107 in
1584 2072 1803 2122 utramque
1834 2072 1999 2120 partem

232 2130 366 2182 possit
396 2129 536 2171 dicere
567 2134 608 2170 et
636 2131 678 2171 in
709 2131 823 2172 omni
853 2143 976 2171 causa
997 2128 1098 2170 duas
1121 2127 1347 2169 contrarias
1371 2129 1602 2177 orationes,
1637 2131 1868 2184 praeceptis
1887 2128 2000 2170 illius

183 2201 218 2227 ³0
234 2192 430 2245 cognitis,
482 2191 693 2246 explicare
733 2198 802 2234 aut
839 2195 918 2233 hoc
957 2190 1167 2233 Arcesilae
1209 2193 1333 2232 modo
1366 2197 1406 2232 et
1437 2191 1639 2233 Carneadi
1675 2198 1821 2233 contra
1851 2205 1998 2240 omne,

233 2256 345 2310 quod
375 2256 635 2309 propositum
665 2254 739 2304 sit,
789 2255 982 2303 disserat;
1034 2253 1187 2309 quique
1218 2255 1270 2294 ad
1301 2267 1393 2295 eam
1423 2253 1629 2295 rationem
1660 2253 1858 2308 adiungat
1888 2256 1999 2295 hunc

236 2315 518 2372 [rhetoricum]
551 2331 671 2358 usum
705 2315 979 2373 [moremque]
1014 2316 1437 2372 exercitationemque
1468 2315 1657 2366 dicendi,
1700 2317 1734 2358 is
1765 2318 1817 2358 sit
1845 2330 1996 2366 verus,

231 2380 267 2420 is
295 2378 524 2434 perfectus,
573 2381 608 2421 is
640 2381 752 2421 solus
783 2385 935 2421 orator.
994 2381 1096 2420 Nam
1138 2393 1275 2433 neque
1312 2378 1402 2420 sine
1441 2378 1678 2420 forensibus
1717 2378 1858 2421 nervis
1901 2379 1998 2420 satis

231 2441 458 2483 vehemens
489 2447 530 2483 et
559 2442 696 2496 gravis
726 2457 803 2484 nec
833 2444 922 2483 sine
952 2442 1153 2483 varietate
1186 2442 1398 2483 doctrinae
1428 2444 1525 2484 satis
1553 2442 1707 2498 politus
1746 2446 1787 2483 et
1828 2442 1994 2496 sapiens

183 2514 220 2541 3⁵
237 2518 326 2545 csse
358 2509 499 2546 orator
537 2510 690 2559 potest.
751 2507 819 2546 81.
869 2506 1010 2554 Quare
1055 2505 1254 2545 Coracem
1289 2506 1413 2546 istum
1451 2510 1636 2547 vestrum
1677 2504 1884 2560 patiamur
1921 2517 1998 2546 nos

234 2565 401 2623 quidem
431 2566 564 2622 pullos
596 2582 692 2609 suos
723 2569 946 2609 excludere
976 2568 1020 2608 in
1049 2566 1166 2614 nido,
1208 2568 1277 2622 qui
1309 2567 1475 2610 evolent
1504 2568 1748 2609 clamatores
1779 2567 1916 2608 odiosi
1948 2581 1997 2608 ac

234 2629 419 2678 molesti,
451 2629 795 2685 Pamphilumque
824 2629 965 2671 nescio
996 2643 1119 2685 quem
1149 2631 1330 2672 sinamus
1360 2632 1403 2672 in
1432 2630 1574 2673 infulis
1608 2636 1759 2673 tantam
1782 2643 1874 2672 rem
1894 2634 1999 2672 tam-

235 2705 356 2747 quam
386 2693 566 2747 pueriles
596 2692 763 2733 delicias
794 2692 950 2747 aliquas
981 2693 1232 2746 depingere3
1291 2707 1452 2749 nosque
1490 2693 1569 2748 ipsi
1609 2696 1685 2735 hac
1724 2698 1807 2734 tam
1846 2693 1998 2747 exigua

235 2755 510 2809 disputatione
540 2756 721 2796 hesterni
754 2760 794 2795 et
832 2754 1023 2796 hodierni
1054 2755 1136 2796 diei
1166 2761 1297 2797 totum
1328 2757 1507 2798 oratoris
1537 2770 1688 2798 munus
1719 2757 1992 2811 explicemus,

185 2830 219 2856 40
236 2816 460 2858 dummodo
500 2816 569 2858 illa
606 2831 676 2858 res
712 2822 826 2858 tanta
864 2818 940 2866 sit,
991 2822 1036 2858 ut
1075 2817 1267 2860 omnibus
1310 2817 1657 2874 philosophorum
1697 2818 1840 2868 libris,
1889 2830 1994 2874 quos

326 2937 360 2968 7.
387 2945 517 2968 morem
543 2936 740 2968 Schutzius.
770 2954 808 2960 --
839 2945 976 2976 remque
1000 2937 1040 2969 Β.
1071 2953 1110 2960 —
1137 2937 1171 2970 8.
1201 2938 1338 2975 omnia,
1367 2946 1455 2978 quae
1479 2939 1527 2970 ad
1553 2939 1665 2972 Codd.
1694 2940 1767 2972 aL:
1796 2939 1993 2980 omniaque,

238 2982 284 3012 ad
310 2982 391 3023 (Be)
430 2984 503 3015 RE.
543 2999 580 3005 -
621 2984 676 3015 10.
704 2984 884 3015 valeamus
910 2984 949 3014 B.
992 3000 1032 3006 —
1071 2984 1127 3016 13.
1165 2984 1284 3016 Gallus
1319 2983 1369 3024 (id
1397 2989 1466 3017 est:
1505 2984 1627 3027 Gaius)
1658 2986 1802 3019 Velleius
1839 2986 1911 3017 BR.
1948 3001 1994 3007 —

237 3029 293 3059 15.
320 3028 487 3070 refellere]
517 3029 646 3070 referre
672 3031 710 3062 B.
755 3047 791 3052 —
833 3030 888 3062 18.
927 3031 976 3062 Μ.
1004 3031 1169 3072 quellius
1195 3030 1236 3061 B.
1280 3048 1317 3054 —
1356 3031 1508 3064 homines
1534 3034 1720 3066 Manutius
1748 3037 1782 3066 ct
1807 3033 1991 3065 Pearcius:

236 3074 408 3107 hominum
433 3085 509 3108 curn
537 3078 632 3110 libris
660 3075 779 3118 (etiarn
806 3077 847 3112 B)
888 3077 961 3108 RE.
1001 3094 1038 3100 -
1083 3077 1141 3108 24.
1168 3076 1237 3109 Hic
1261 3077 1314 3108 hic
1339 3078 1388 3115 R,
1428 3080 1519 3111 Hinc
1549 3081 1602 3113 hic
1636 3080 1814 3114 Pearcius.
1851 3096 1897 3102 —
1931 3078 1991 3110 26.

235 3125 370 3153 nostros
396 3125 535 3155 seclusit
560 3125 767 3163 Ernestius,
809 3124 934 3156 delevit
961 3128 1038 3163 post
1063 3124 1263 3156 Schiitzium
1290 3124 1331 3155 T.
1372 3141 1412 3148 —
1455 3126 1511 3158 27.
1540 3128 1592 3159 his
1617 3127 1657 3158 Β.
1695 3145 1732 3151 -
1777 3136 1818 3158 ac
1850 3123 1990 3166 despici]

235 3167 427 3208 despit-ique
450 3171 521 3202 BR.
573 3172 743 3210 Suspecta
768 3171 853 3203 haec
881 3171 1067 3202 Ellendtio.
1098 3188 1134 3194 —-
1164 3171 1221 3202 28.
1249 3169 1472 3203 Aristotelico
1498 3173 1540 3206 B.
1569 3192 1606 3198 —
1645 3178 1833 3214 utramque
1853 3176 1993 3212 partem

235 3213 263 3243 B
290 3213 442 3252 aliique:
471 3221 652 3259 utramque
675 3222 813 3258 partem
837 3220 1040 3249 sententiam
1064 3218 1116 3254 R,
1143 3220 1327 3258 utramque
1353 3220 1556 3252 sententiam
1581 3221 1622 3254 E.
1650 3238 1687 3245 —
1729 3220 1786 3252 30.
1816 3219 1992 3252 Carneadi

234 3260 318 3291 BR:
348 3261 534 3294 Carneadis
560 3265 600 3295 Ε.
631 3281 670 3287 -
708 3265 765 3296 31.
791 3266 961 3296 rationem
988 3264 1334 3304 exercitationemque
1361 3270 1496 3299 retento
1523 3277 1599 3301 mox
1625 3267 1732 3300 altero
1759 3276 1791 3300 v·
1820 3267 1991 3298 exercita-

234 3307 428 3347 tionemque
453 3309 523 3342 BR.
555 3326 589 3332 —
620 3311 677 3342 32.
705 3312 914 3344 rhetoricum
938 3311 1142 3344 seclusimus
1167 3310 1343 3353 Madvigio
1370 3317 1528 3347 auctore.
1559 3332 1595 3339 -
1624 3321 1820 3356 moremque
1844 3312 1989 3347 seclusi-

235 3362 312 3386 mus
336 3354 513 3395 Madvigio
540 3361 695 3390 auctore.
