2117 3762
536 256 604 296 DE
637 253 967 296 INVENTIONE
995 256 1090 296 LlB.
1124 255 1155 296 Ι.
1218 255 1261 297 C.
1299 257 1334 296 1.
1369 257 1406 296 2.
1440 258 1478 296 3.
1826 260 1877 300 89

126 363 235 417 agris
274 361 463 403 homines
504 360 654 415 passim
702 360 927 401 bestiarum
973 364 1094 402 modo
1143 365 1394 414 vagabantur
1435 368 1474 402 et
1518 363 1595 403 sibi
1636 364 1747 404 victu
1789 363 1875 405 sero

126 428 251 468 vitam
284 426 589 480 propagabant3
634 437 708 464 nec
741 426 896 464 ratione
937 424 1059 464 aniiui
1093 425 1342 480 quidquam,
1390 426 1461 466 sed
1494 426 1690 478 pleraque
1722 425 1877 466 viribus

126 488 314 542 corporis
351 487 705 535 administi·abant;
753 489 931 527 nondum
965 489 1127 528 divinae
1161 488 1397 538 religionis,
1446 502 1526 528 non
1559 487 1723 528 liuuiani
1755 487 1876 529 oflicii

124 553 230 593 ratio
262 550 493 597 colebatur;
546 562 667 590 nemo
699 551 860 603 nuptias
893 549 1049 590 xiderat
1083 552 1309 602 legitimas;
1362 564 1443 591 non
1483 556 1617 591 certos
1659 550 1874 603 quisquam

125 616 361 669 inspexerat
390 611 566 658 liberos;
600 626 709 659 non,
743 612 804 652 ius
836 613 1049 666 aequabile
1082 613 1180 667 quid
1214 613 1396 653 utilitatis
1418 612 1610 661 haberet,
1644 619 1872 665 acceperat.
1894 626 1908 649 5

125 679 183 718 lta
214 683 383 732 propter
428 689 611 715 errorem
657 681 780 729 atque
827 675 1082 716 inscientiam
1128 689 1246 715 caeca
1290 689 1335 715 ae
1378 675 1594 716 tenu-racia
1625 674 1877 716 dominatrix

125 739 251 783 animi
282 737 483 793 cupiditas
514 735 565 776 ad
595 750 638 777 se
670 737 915 791 explendam
948 738 1104 779 viribus
1136 736 1323 790 corporis
1363 740 1633 786 abutebatur,
1675 736 1879 792 pernicio-

124 801 298 845 sissimis
343 798 598 841 satellitibus.
678 802 768 849 Quo
816 808 1000 854 tempore
1045 799 1239 853 quidam,
1286 813 1457 850 magnus
1500 799 1692 841 videlicet
1738 799 1799 840 vir
1839 807 1879 841 et

125 868 312 919 sapiens,
362 862 578 916 cogam-it,
621 877 724 917 quae
757 865 948 904 materies
980 870 1018 904 et
1049 868 1200 916 quanta
1230 863 1280 902 ad
1312 862 1509 902 maximas
1542 877 1604 903 res
1636 864 1879 918 opportuni-

123 935 184 969 tas
230 927 271 966 in
317 924 463 965 animis
496 923 647 964 inesset
692 924 925 973 bominum,
975 924 1007 965 si
1050 924 1139 978 quis
1183 938 1271 964 eam
1306 930 1444 976 posset
1483 927 1629 965 elicere
1677 932 1717 965 et
1761 938 1927 979 prae-10

123 989 313 1043 cipiendo
344 986 558 1028 meliorem
591 989 790 1037 reddere;
840 988 909 1041 qui
950 989 1159 1041 dispersos
1190 987 1376 1027 homines
1407 987 1447 1027 in
1478 987 1587 1041 agris
1619 993 1658 1027 et
1688 988 1729 1029 in
1760 990 1876 1029 tectis

122 1052 381 1096 silvestribus
426 1050 588 1090 abditos
629 1050 786 1090 ratione
828 1052 1005 1105 quadam
1049 1049 1249 1102 compulit
1288 1063 1411 1089 unum
1455 1049 1494 1090 in
1538 1050 1670 1090 locum
1709 1056 1749 1091 et
1779 1065 1877 1092 con-

122 1113 310 1174 gregavit
340 1118 379 1153 et
411 1126 480 1153 eos
512 1113 550 1153 in
583 1128 705 1154 unam
737 1128 941 1168 (piamque
974 1125 1061 1153 rem
1091 1112 1290 1153 inducens
1321 1112 1461 1152 utilem
1493 1118 1615 1166 atque
1663 1117 1876 1155 honestam

121 1182 256 1235 primo
296 1181 465 1231 propter
502 1175 762 1217 insolentiam
804 1178 1098 1222 reclamantes,
1142 1174 1292 1215 deinde
1324 1180 1492 1229 propter
1522 1176 1724 1217 rationem
1755 1182 1877 1232 atque

122 1241 353 1286 orationem
385 1237 605 1279 studiosius
652 1241 868 1280 audientes
910 1252 961 1279 ex
1001 1238 1100 1278 seris
1132 1244 1172 1278 et
1202 1236 1449 1278 immanibus
1481 1239 1598 1279 mites
1629 1239 1807 1280 reddidit
1837 1245 1924 1281 etis

120 1309 368 1348 mansuetos.
427 1304 466 1341 3.
501 1303 557 1341 Ac
590 1301 689 1342 mibi
721 1300 885 1355 quidem
916 1303 1081 1343 videtur
1111 1304 1188 1341 hoc
1219 1316 1294 1342 nee
1327 1301 1448 1342 tacita
1477 1315 1550 1342 nec
1573 1303 1690 1357 inops
1713 1302 1874 1343 dicendi

120 1365 322 1423 sapientia
364 1363 564 1419 perlicere
603 1367 811 1417 potuisse,
860 1371 903 1406 ut
940 1366 1128 1405 homines
1159 1378 1180 1405 a
1211 1364 1507 1406 consuetudine
1538 1364 1674 1405 subito
1705 1378 1876 1406 conver-

120 1435 226 1473 teret
257 1435 296 1470 et
327 1430 377 1468 ad
409 1426 591 1468 diversas
622 1427 729 1467 vitae
761 1427 942 1468 rationes
974 1429 1222 1468 traduceret.
1297 1430 1382 1481 Age
1414 1441 1539 1476 vero,
1573 1426 1745 1469 urbibus
1777 1441 1874 1469 con-

121 1494 301 1540 stitutis,
355 1497 398 1531 ut
441 1489 564 1530 fidem
607 1489 743 1530 colere
783 1495 823 1530 et
862 1489 1057 1530 iustitiam
1091 1492 1271 1531 retinere
1302 1491 1506 1530 discerent
1538 1495 1577 1530 et
1607 1489 1695 1531 aliis
1727 1503 1875 1543 parere

120 1572 195 1600 sua
224 1555 436 1597 voluntate
468 1558 786 1594 consuescerent
816 1567 861 1593 ac
892 1566 976 1593 non
1007 1555 1131 1594 modo
1162 1555 1327 1594 labores
1358 1552 1625 1607 excipiendos
1647 1554 1875 1594 communis
1890 1569 1924 1594 20

121 1619 329 1662 commodi
360 1630 503 1664 causa,
545 1617 617 1656 sed
648 1615 769 1656 etiam
801 1617 925 1656 vitam
956 1615 1221 1657 amittendam
1253 1617 1562 1657 existimarent:
1611 1614 1680 1670 qui
1710 1617 1875 1656 tandem

119 1683 208 1725 fieri
238 1680 398 1736 potuit,
432 1678 509 1719 nisi
540 1678 726 1719 homines
758 1692 828 1726 ea,
877 1692 981 1733 quae
1013 1678 1169 1719 ratione
1200 1678 1474 1726 invenissent,
1516 1677 1751 1733 eloquentia
1782 1692 1875 1730 per-

119 1744 292 1788 suadere
314 1743 571 1797 potuissent?
603 1741 793 1783 Profecto
826 1755 947 1783 nemo
978 1742 1055 1783 nisi
1077 1741 1192 1795 gravi
1213 1756 1260 1783 ac
1282 1741 1398 1782 suavi
1420 1746 1648 1782 commotus
1670 1741 1872 1790 oratione,

120 1822 213 1850 cum
243 1804 399 1847 viribus
430 1803 654 1859 plurimum
685 1811 843 1858 posset,
889 1806 939 1845 ad
971 1806 1032 1845 ius
1064 1804 1260 1845 voluisset
1299 1806 1387 1845 sine
1426 1805 1465 1844 vi
1505 1802 1780 1852 descendere,
1832 1809 1876 1845 ut

118 1870 225 1912 inter
255 1881 358 1924 quos
388 1872 528 1922 posset
558 1866 780 1914 excellere,
830 1881 922 1907 cum
954 1867 1016 1908 his
1047 1881 1090 1908 se
1123 1874 1330 1921 pateretur
1360 1868 1527 1922 aequari
1559 1872 1598 1907 et
1627 1880 1700 1907 sua
1732 1866 1922 1908 volun-25

119 1939 200 1974 tate
231 1946 255 1972 a
284 1929 578 1971 iucundissima
609 1930 908 1970 consuetudine
940 1929 1180 1978 recederet,
1215 1943 1318 1985 quae
1340 1930 1581 1982 praesertim
1604 1928 1685 1969 iam
1705 1935 1872 1970 naturae

118 1999 202 2037 vim
248 1993 457 2035 obtineret
502 1997 674 2046 propter
715 1997 976 2033 vetustatem.
1054 1996 1111 2033 Ae
1152 1994 1286 2046 primo
1326 1991 1491 2046 quidem
1537 1993 1594 2032 sie
1636 1996 1675 2031 et
1713 1996 1803 2031 nata
1835 1997 1874 2032 et

118 2070 341 2113 progressa
382 2055 544 2109 longius
590 2055 824 2126 eloquentia
867 2054 1029 2096 videtur
1067 2060 1107 2095 et
1150 2056 1246 2095 item
1287 2061 1428 2110 postea
1460 2053 1649 2095 maximis
1681 2053 1719 2094 in
1752 2053 1874 2095 rebus

117 2119 229 2184 pacis
260 2124 301 2160 et
329 2117 428 2159 belli
459 2131 551 2159 cum
583 2118 753 2159 summis
784 2118 994 2159 hominum
1027 2117 1272 2159 utilitatibus
1304 2131 1393 2158 esse
1423 2123 1596 2158 versata.
1656 2117 1873 2171 Postquam

118 2196 218 2224 vero
249 2180 519 2223 commoditas
550 2180 780 2235 quaedam,
824 2195 951 2235 prava
981 2180 1143 2222 xirtutis
1173 2180 1398 2229 imitatrix,
1442 2182 1528 2221 sine
1559 2178 1719 2220 ratione
1751 2178 1923 2220 olbc1100

119 2244 280 2288 dicendi
310 2244 471 2298 copiam
502 2249 722 2284 consecuta
752 2250 834 2292 est,
869 2250 954 2285 tum
986 2244 1151 2299 ingenio
1183 2243 1287 2284 sreta
1317 2243 1469 2284 malitia
1492 2247 1729 2297 ροηοιῐεῐθ
1751 2241 1873 2283 urbes

118 2314 158 2349 et
186 2309 290 2348 vitas
319 2309 533 2348 hominum
574 2305 819 2347 labefactare
859 2307 1052 2348 assuevit.
1115 2308 1183 2348 111.
1225 2310 1357 2362 Atque
1397 2307 1516 2347 huius
1558 2317 1723 2360 quoque
1754 2318 1874 2345 exor-

119 2369 232 2412 dium
263 2368 380 2415 mali,
413 2368 606 2423 quoniam
638 2368 886 2423 principium
918 2368 1015 2411 boni
1048 2369 1247 2416 diximus,
1281 2369 1549 2422 explicemus.

231 2433 271 2473 [ι.
307 2432 401 2475 Veri
432 2431 684 2473 simillimum
715 2432 815 2472 mibi
846 2431 1008 2473 videtur
1039 2434 1217 2487 quodam
1250 2437 1433 2486 tempore
1465 2444 1598 2485 neque
1627 2432 1670 2471 in
1701 2429 1872 2486 publicis

118 2496 245 2540 rebus
286 2495 461 2536 infantes
507 2500 547 2535 et
586 2494 826 2548 insipientes
866 2495 1053 2536 homines
1092 2494 1235 2536 solitos
1275 2508 1362 2535 esse
1402 2495 1556 2535 versari
1589 2507 1662 2534 nee
1692 2507 1789 2534 vero
1821 2491 1870 2532 ad
1886 2506 1919 2532 35

117 2562 300 2614 privatas
330 2571 472 2599 causas
502 2570 672 2611 magnos
703 2570 750 2598 ac
780 2556 955 2599 disertos
987 2557 1174 2599 homines
1204 2560 1422 2605 accedere;
1454 2558 1525 2597 sed
1548 2569 1639 2596 cum
1660 2568 1682 2595 a
1703 2555 1872 2595 summis

117 2621 218 2663 viris
248 2619 451 2661 maximae
480 2634 547 2661 res
578 2619 964 2662 administrarentur
983 2653 993 2669 ,
1036 2622 1215 2662 arbitror
1255 2620 1358 2661 alios
1390 2619 1515 2661 fuisse
1546 2632 1626 2659 non
1658 2617 1868 2658 incallidos

117 2682 328 2729 homines,
380 2683 450 2738 qui
487 2682 537 2724 ad
574 2696 720 2738 parvas
761 2685 1066 2725 controversias
1107 2685 1364 2737 privatorum
1396 2681 1651 2723 accederent.
1711 2679 1869 2728 Quibus

117 2745 159 2787 in
203 2745 497 2787 controversiis
538 2760 631 2787 cum
676 2759 798 2800 saepe
841 2760 863 2787 a
902 2749 1116 2788 mendacio
1161 2752 1302 2787 eontra
1344 2759 1487 2787 verum
1531 2750 1638 2784 stare
1679 2740 1866 2782 homines

119 2814 461 2856 consuescerent,
502 2807 665 2850 dicendi
696 2808 912 2850 assiduitas
942 2809 1040 2850 aluit
1071 2808 1303 2857 audaciam,
1347 2814 1391 2849 ut
1421 2806 1651 2848 necessario
1682 2803 1870 2858 superio·
1883 2819 1917 2845 40

118 2884 185 2912 res
215 2869 273 2912 illi
306 2877 474 2926 propter
504 2871 673 2913 iniurias
704 2871 854 2913 civium
885 2872 1077 2913 resistere
1108 2871 1329 2912 audacibus
1360 2876 1400 2911 et
1429 2867 1619 2922 opitulari
1649 2865 1732 2908 suis
1759 2867 1870 2920 quis-

210 3031 242 3062 1.
271 3038 363 3060 more
391 3029 433 3060 R.
484 3029 527 3061 Ut
553 3039 640 3069 nos,
682 3031 814 3062 VPAT.
857 3046 889 3051 —
931 3030 1044 3070 ferino
1071 3031 1099 3061 R
1126 3034 1158 3062 et
1184 3024 1273 3060 corr.
1302 3033 1372 3060 ant.
1403 3037 1446 3058 m.
1475 3026 1512 3057 1¹.
1540 3042 1582 3047 —-
1624 3025 1659 3057 4.
1695 3025 1869 3065 leyitimas

118 3078 254 3109 viderat
279 3077 423 3115 nuptias
447 3076 488 3108 V·
515 3094 558 3098 —
599 3078 631 3109 5.
670 3079 866 3117 inspeoeerat
894 3079 983 3109 VAR
1012 3083 1044 3109 et
1070 3086 1156 3108 corr.
1186 3081 1256 3107 ant.
1285 3085 1328 3106 m.
1357 3075 1406 3105 P:
1446 3077 1630 3111 aspexerat
1655 3072 1680 3104 E
1707 3081 1783 3103 cum
1809 3072 1868 3103 RT

120 3129 154 3156 et
179 3133 229 3163 pr.
259 3123 297 3154 P.
330 3139 365 3144 -
395 3123 428 3154 6.
457 3124 631 3154 inscitiam.
656 3124 729 3155 PR.
758 3126 836 3156 -9,
863 3126 1020 3157 materies
1046 3125 1087 3155 V:
1115 3124 1280 3153 materiae
1305 3121 1387 3157 AT.
1415 3120 1563 3150 maceria
1589 3123 1674 3150 esset
1701 3119 1797 3150 PRE.
1829 3136 1864 3143 -

119 3172 174 3203 10.
201 3172 239 3202 in
263 3171 389 3201 animis
414 3171 537 3202 inesset
559 3171 735 3202 hominum
753 3172 865 3203 VPR:
895 3171 1021 3203 animis
1039 3173 1160 3202 inesset
1183 3169 1355 3200 hominum
1374 3167 1431 3197 AT
1447 3190 1455 3205 ,
1481 3168 1517 3197 in
1543 3167 1669 3197 animis
1693 3167 1869 3197 hominum

119 3221 289 3256 expuncto
318 3219 439 3248 inesset
466 3216 502 3247 E.
531 3231 571 3238 —
599 3217 653 3248 16.
682 3218 744 3249 hoc
769 3228 827 3250 nec
852 3221 960 3250 tacita
984 3217 1122 3248 videtur
1148 3225 1164 3247 e
1187 3215 1294 3246 Codd.
1325 3214 1447 3245 Graev.
1476 3213 1518 3244 Ut
1537 3221 1618 3252 nos,
1646 3212 1807 3244 VPART.
1828 3228 1866 3233 —

119 3264 174 3296 18.
205 3266 358 3295 rationes
385 3265 478 3294 vitae
508 3263 637 3294 PART.
671 3264 714 3294 Ut
740 3273 825 3303 nos,
853 3265 895 3296 V.
926 3280 964 3286 -
992 3265 1047 3295 ⁶25.
1076 3264 1125 3293 his
1150 3261 1320 3293 VPART:
1348 3262 1388 3290 iis
1416 3260 1452 3291 E.
1477 3275 1515 3281 —
1543 3259 1600 3291 30.
1628 3256 1865 3298 commoditas]

118 3311 294 3343 calliditas
319 3316 461 3343 auctore
485 3310 640 3341 Ernestio
668 3309 747 3341 Sch.
802 3311 837 3342 ln
865 3311 889 3341 P
916 3311 1022 3352 glossa
1050 3310 1219 3346 adscripta
1247 3312 1297 3339 est
1321 3306 1497 3338 habilitas.
1549 3307 1677 3339 Fumat
1703 3306 1866 3339 librorum

119 3358 197 3390 leet.
226 3358 266 3390 V.
296 3375 333 3381 —
377 3357 434 3389 39.
461 3363 555 3389 stare
580 3357 730 3389 homines
755 3357 898 3391 PART:
925 3358 1074 3389 homines
1097 3358 1190 3386 stare
1217 3354 1257 3387 E.
