2117 3762
238 323 318 365 134
901 322 970 365 DE
1006 325 1333 369 INVENTIONE

234 444 401 472 sensum
431 429 781 472 accommodetur.
842 430 911 470 26.
943 429 1279 473 Ratiocinationis
1309 439 1445 476 autem
1465 433 1723 487 suspiciones
1747 434 1986 486 infirmabit,

235 494 270 535 si
300 500 369 535 aut
398 493 661 536 commodum
691 491 849 533 nullum
890 491 1018 533 fuisse
1057 498 1127 534 aut
1165 508 1339 547 parvum
1380 502 1449 538 aut
1485 496 1575 537 aliis
1605 498 1735 549 magis
1764 496 1893 540 fuisse
1923 505 1992 541 aut

235 555 364 596 nihilo
395 555 474 597 sibi
504 557 633 609 magis
663 569 786 609 quam
817 553 931 603 aliis,
980 560 1050 596 aut
1090 555 1400 600 incommodum
1442 561 1518 600 sibi
1556 560 1688 600 maius
1727 574 1850 614 quam
1881 574 1994 602 com-

236 621 406 659 modum
448 618 574 667 dicet;
624 623 669 657 ut
707 630 967 672 nequaquam
1006 616 1132 659 fuerit
1174 618 1284 660 illius
1331 621 1557 668 commodi,
1605 623 1717 676 quod
1763 625 1993 676 expetitum

205 679 419 729 dicatur,
467 680 704 733 magnitudo
742 685 812 720 aut
850 693 943 721 cum
983 694 1032 721 eo
1063 680 1351 731 incommodo,
1399 686 1509 738 quod
1540 684 1756 731 acciderit,
1800 691 1871 726 aut
1899 700 1993 727 cum

234 742 308 784 illo
338 741 545 797 periculo,
588 739 700 795 quod
731 739 956 791 subeatur,
1004 745 1301 796 comparanda;
1347 746 1418 798 qui
1447 760 1591 788 omnes
1621 746 1700 788 loci
1731 747 1921 789 similiter
1949 747 1993 790 in

234 803 488 846 incommodi
532 815 699 857 quoque
740 803 937 845 vitatione
983 808 1285 846 tractabuntur.
1342 809 1411 848 27.
1464 809 1536 850 Sin
1581 815 1798 851 accusator
1842 810 1994 852 dixerit

237 881 332 908 cum
361 866 403 907 id
443 879 533 907 esse
573 870 780 913 secutum,
831 869 943 921 quod
983 870 1021 908 ei
1061 867 1195 909 visum
1232 869 1286 908 sit
1314 873 1598 920 commodum,
1644 878 1714 913 aut
1743 872 1784 914 id
1815 871 1991 927 fugisse,

235 928 347 983 quod
387 928 543 982 putarit
587 941 677 969 esse
717 929 1051 977 incommodum,
1101 943 1351 985 quamquam
1392 931 1434 972 in
1471 932 1573 975 salsa
1610 934 1736 976 fuerit
1773 935 1993 991 opinionc;

183 1006 220 1030 10
235 990 602 1032 demonstrandum
633 990 711 1032 erit
740 990 951 1033 defensori
981 992 1185 1033 neminem
1217 999 1325 1034 tanta
1362 1008 1451 1035 csse
1491 996 1682 1045 stultitia,
1729 998 1800 1053 qui
1840 997 1911 1038 tali
1950 996 1993 1038 in

232 1066 279 1094 re
308 1051 438 1107 possit
466 1054 683 1095 veritatem
712 1052 922 1107 ignorare.
981 1054 1140 1104 Quodsi
1169 1055 1211 1096 id
1242 1055 1517 1106 concedatur,
1565 1059 1666 1100 illud
1705 1073 1789 1101 non
1827 1073 1995 1101 conces-

232 1129 324 1156 sum
354 1114 428 1163 iri,
478 1129 531 1156 ne
573 1115 780 1157 dubitasse
817 1116 985 1170 quidem
1025 1116 1156 1165 hunc,
1205 1118 1234 1170 †
1258 1120 1357 1173 quid
1396 1121 1485 1160 eius
1516 1120 1616 1162 iuris
1647 1129 1778 1171 esset,
1825 1126 1896 1164 sed
1927 1122 1992 1170 id,

233 1180 345 1233 quod
374 1177 523 1219 falsum
553 1177 700 1226 fuerit,
732 1178 820 1219 sinc
849 1178 930 1220 ulla
961 1179 1219 1221 dubitatione
1254 1179 1346 1236 [pro
1377 1183 1506 1231 falso,
1551 1185 1663 1238 quod
1692 1198 1836 1226 verum
1850 1184 1876 1239 ]
1916 1199 1993 1241 pro

232 1253 333 1281 vero
363 1239 576 1295 probasse.
634 1240 794 1290 Quodsi
825 1240 1046 1290 dubitarit,
1080 1256 1263 1284 summae
1294 1243 1421 1286 fuisse
1451 1247 1652 1287 amentiae
1682 1246 1806 1288 dubia
1827 1261 1898 1302 spe
1919 1248 1993 1288 im-

181 1317 218 1342 15
234 1303 396 1358 pulsum
427 1309 586 1345 certum
616 1303 658 1344 in
688 1303 919 1358 periculum
950 1318 993 1345 se
1023 1305 1299 1351 committere.
1357 1309 1426 1348 28.
1467 1308 1826 1357 Quemadmodum
1857 1316 1993 1351 autem

233 1371 469 1415 accusator,
513 1379 606 1407 cum
636 1364 686 1407 ab
717 1366 808 1407 aliis
839 1365 1004 1419 culpam
1035 1367 1296 1418 demovebit,
1339 1369 1570 1412 defensoris
1599 1371 1703 1412 locis
1732 1377 1890 1419 utetur,
1937 1372 1995 1413 sic

232 1427 284 1468 iis
312 1427 439 1476 locis,
472 1430 543 1483 qui
573 1428 802 1470 accusatori
832 1427 917 1470 dati
945 1435 1062 1479 sunt,
1109 1436 1249 1473 utetur
1278 1446 1391 1481 reus,
1432 1447 1524 1474 cum
1554 1433 1598 1475 in
1628 1433 1731 1476 alios
1761 1436 1812 1475 ab
1843 1448 1887 1476 sc
1917 1434 1996 1476 cri-

233 1505 328 1533 men
356 1491 468 1534 volet
497 1490 734 1533 transferre.

345 1556 415 1598 IX.
447 1557 508 1596 Ex
536 1568 717 1609 persona
746 1558 884 1596 autem
913 1554 1151 1597 coniectura
1173 1557 1378 1611 capietur,
1412 1559 1539 1599 sicae
1560 1571 1646 1606 res,
1679 1572 1784 1614 quae
1804 1558 1994 1614 personis

183 1630 218 1654 20
234 1618 454 1658 attributae
485 1622 597 1664 sunt,
643 1616 864 1671 diligenter
893 1617 1288 1669 considerabuntur,
1336 1634 1436 1674 quas
1475 1634 1617 1662 omnes
1647 1621 1689 1662 in
1719 1624 1856 1674 primo
1887 1621 1994 1662 libro

233 1679 516 1734 exposuimus.
577 1681 681 1720 Nam
711 1685 751 1720 et
781 1681 832 1720 de
861 1680 1030 1722 nomine
1067 1695 1365 1738 nonnunquam
1400 1683 1555 1737 aliquid
1586 1683 1832 1738 suspicionis
1863 1683 1996 1724 nasci-

231 1746 312 1782 tur.
374 1743 533 1783 Nomen
563 1747 699 1783 autem
730 1755 822 1783 cum
854 1741 1045 1792 dicimus,
1077 1759 1308 1799 cognomen
1340 1759 1506 1801 quoque
1536 1746 1792 1800 intelligatur
1812 1750 1992 1800 oportet.

232 1806 292 1844 De
324 1802 502 1844 hominis
533 1805 643 1845 enim
674 1810 784 1845 certo
817 1811 857 1846 et
885 1807 1060 1860 proprio
1091 1809 1296 1850 vocabulo
1319 1809 1477 1863 agitur3
1510 1815 1555 1850 ut
1577 1808 1608 1850 si
1632 1809 1814 1850 dicamus
1835 1809 1993 1850 idcirco

233 1866 413 1922 aliquem
445 1868 616 1908 Caldum
646 1866 809 1914 vocari,
843 1867 954 1922 quod
985 1871 1205 1912 temerario
1236 1877 1277 1912 et
1305 1871 1522 1926 repentino
1553 1872 1726 1913 consilio
1758 1872 1828 1921 sit;
1861 1877 1930 1913 aut
1960 1874 1993 1912 si

183 1948 218 1973 25
235 1943 281 1970 ea
314 1943 359 1970 re
389 1929 626 1970 hominibus
659 1928 824 1970 Graecis
855 1929 1057 1983 imperitis
1087 1931 1215 1973 verba
1246 1933 1424 1981 dedisse,
1458 1933 1569 1989 quod
1601 1934 1768 1975 Clodius
1799 1939 1869 1974 aut
1894 1935 1995 1974 Cae-

233 1991 352 2033 cilius
382 1997 452 2032 aut
480 1990 640 2032 Mucius
670 1996 903 2032 vocaretur.
965 1995 1033 2034 29.
1077 1996 1128 2035 Et
1166 1997 1216 2036 dc
1251 2002 1396 2036 natura
1426 1996 1521 2036 licet
1551 1995 1806 2051 aliquantum
1839 1999 1993 2037 ducere

233 2054 496 2108 suspicionis.
560 2053 707 2095 Omnia
737 2054 846 2095 enim
876 2057 1001 2103 hacc,
1047 2058 1110 2098 vir
1139 2072 1189 2098 an
1228 2058 1399 2105 mulier,
1444 2057 1565 2098 huius
1597 2072 1648 2098 an
1677 2058 1788 2099 illius
1818 2058 1994 2099 civitatis

234 2116 308 2165 sit;
343 2116 492 2171 quibus
524 2115 574 2158 sit
603 2115 853 2163 maioribus,
886 2120 1036 2173 quibus
1067 2120 1407 2176 consanguineis,
1440 2135 1518 2175 qua
1551 2127 1706 2167 aetate,
1738 2134 1820 2175 quo
1842 2123 1992 2168 animo,

235 2192 318 2233 quo
350 2191 550 2233 corpore,
586 2192 691 2232 quae
721 2185 891 2220 naturae
912 2187 1006 2222 sunt
1026 2181 1236 2226 attributa.
1268 2186 1319 2224 ad
1340 2185 1519 2238 aliquam
1540 2184 1821 2224 coniecturam
1842 2182 1995 2224 facien-

184 2261 219 2285 :20
235 2241 327 2282 dam
356 2243 636 2296 pertinebunt.
694 2244 746 2282 Et
776 2256 827 2283 ex
856 2242 967 2284 victu
997 2246 1149 2285 multae
1180 2248 1399 2287 trahuntur
1427 2245 1700 2299 suspiciones,
1734 2259 1826 2286 cum
1851 2259 1995 2300 quem-

234 2305 457 2345 admodum
489 2309 529 2345 et
557 2306 667 2358 apud
698 2317 802 2360 quos
833 2309 873 2345 et
903 2319 924 2345 a
957 2308 1106 2361 quibus
1137 2310 1333 2349 educatus
1365 2313 1405 2348 et
1439 2309 1624 2349 eruditus
1662 2310 1732 2356 sit,
1781 2307 1995 2362 quaeritur

236 2372 277 2407 et
305 2366 551 2422 quibuscum
581 2365 717 2414 vivat,
751 2380 833 2422 qua
863 2368 1022 2409 ratione
1053 2371 1183 2418 vitae,
1218 2384 1300 2425 quo
1332 2384 1450 2411 more
1482 2370 1708 2412 domestico
1740 2370 1863 2412 vivat.
1921 2373 1989 2411 30.

233 2432 286 2471 Et
315 2443 369 2470 ex
398 2428 564 2470 fortuna
594 2441 717 2481 saepe
748 2430 1050 2482 argumentatio
1080 2431 1282 2481 nascitur,
1328 2447 1421 2474 cum
1452 2447 1597 2474 servus
1628 2447 1679 2474 an
1709 2432 1837 2478 liber,
1868 2445 1995 2486 pecu-

233 2491 376 2532 niosus
406 2505 459 2531 an
487 2504 666 2546 pauper,
707 2491 859 2532 nobilis
890 2506 941 2532 an
971 2491 1190 2545 ignobilis,
1233 2494 1333 2536 felix
1365 2510 1415 2536 an
1445 2495 1609 2544 infelix,
1651 2497 1836 2550 privatus
1867 2509 1918 2535 an
1948 2493 1992 2534 in

185 2577 219 2602 35
235 2558 438 2607 potestate
469 2554 520 2593 sit
549 2558 619 2593 aut
646 2552 772 2594 fuerit
801 2559 870 2594 aut
899 2553 1063 2596 futurus
1094 2558 1167 2605 sit,
1202 2558 1506 2608 consideratum
1538 2564 1607 2599 aut
1637 2558 1816 2612 denique
1837 2555 1993 2612 aliquid

235 2630 381 2656 corum
425 2615 662 2671 quaeritur,
710 2630 814 2671 quae
855 2616 1047 2659 fortunae
1087 2633 1177 2661 esse
1223 2621 1416 2661 attributa
1461 2620 1759 2675 intelliguntur.
1818 2619 1992 2660 Habitus

235 2683 395 2726 autem,
428 2679 625 2733 quoniam
655 2680 697 2719 in
728 2679 863 2733 aliqua
893 2679 1077 2734 perfecta
1107 2688 1147 2723 et
1176 2683 1379 2724 constanti
1410 2683 1536 2723 animi
1567 2688 1635 2722 aut
1665 2681 1851 2736 corporis
1872 2683 1994 2722 abso-

235 2741 391 2783 lutione
431 2740 637 2789 consistit,
686 2754 768 2795 quo
805 2741 847 2782 in
889 2756 1041 2795 genere
1083 2751 1143 2787 est
1179 2745 1330 2793 virtus,
1378 2745 1547 2787 scientia
1578 2750 1618 2785 et
1648 2758 1753 2799 quae
1785 2742 1992 2785 contraria

327 2856 359 2886 2.
387 2856 500 2886 maius
525 2855 692 2888 Leid.11.
719 2855 841 2887 Lamb.
869 2872 910 2877 —
952 2855 985 2886 3.
1027 2865 1140 2887 ma.us
1167 2852 1244 2894 (sic)
1272 2854 1317 2891 P,
1345 2854 1459 2884 maius
1485 2852 1564 2889 AT,
1601 2852 1723 2883 Lamb.
1755 2869 1789 2874 -—
1835 2851 1870 2883 S.
1898 2848 1987 2891 cum]

234 2909 329 2932 reum
355 2902 535 2934 Schmzius
563 2904 653 2934 coni.
681 2917 724 2923 ——
764 2903 820 2933 10.
858 2911 928 2933 esse
953 2906 1072 2934 tantae
1098 2902 1271 2933 stultitiae
1297 2901 1357 2931 AT
1374 2924 1382 2938 ,
1411 2904 1532 2930 tantae
1558 2907 1628 2929 esse
1652 2899 1823 2931 stulticiae
1846 2899 1888 2930 T.
1934 2898 1994 2933 (Ut

235 2955 321 2985 nos,
350 2948 402 2988 P.)
432 2966 468 2971 —
508 2950 564 2981 12.
592 2950 706 2981 Locus
733 2954 937 2988 corruptus:
966 2949 1052 2990 etus]
1079 2950 1134 2979 ius
1160 2947 1285 2987 (prima
1313 2947 1375 2978 litt.
1404 2944 1511 2984 erasa)
1540 2954 1590 2984 pr.
1618 2945 1665 2981 P,
1703 2946 1806 2976 huius
1833 2955 1920 2976 corr.
1949 2945 1989 2982 P,

235 2996 264 3025 ei
289 2995 370 3032 AT,
409 2997 480 3026 eius
505 2998 555 3028 ret·
578 2997 620 3028 R.
661 3012 702 3017 —
744 2994 814 3035 sed]
845 3000 875 3026 et
902 3005 953 3036 pr.
982 2996 1030 3034 P,
1068 2996 1127 3027 sed
1150 3001 1181 3027 et
1207 2995 1313 3026 ΛΒΤ.
1341 2993 1412 3034 (sed
1438 3001 1525 3023 coi-r.
1554 2991 1610 3027 P.)
1647 3007 1693 3013 ——
1737 2991 1793 3023 13.
1833 2992 1946 3025 Verba
1972 2999 1990 3021 a

235 3041 334 3071 nobis
360 3042 493 3074 seclusa
523 3052 590 3074 om.
618 3042 678 3074 AT
705 3046 738 3074 et
764 3051 817 3081 pr.
846 3042 883 3073 P.
934 3043 1006 3074 Iam
1033 3042 1215 3073 Schutzius
1242 3043 1333 3072 coni.
1362 3040 1445 3080 quid
1470 3040 1584 3070 verius
1604 3043 1711 3074 esset,
1738 3039 1796 3070 sed
1815 3039 1870 3076 id,
1897 3037 1991 3078 quod

232 3087 358 3127 salsum
371 3088 487 3126 fucrit,
514 3091 587 3120 sine
604 3090 676 3121 ulla
695 3089 914 3121 dubitatione
930 3099 996 3129 pro
1013 3098 1092 3121 vcro
1110 3089 1286 3128 probasse.
1318 3102 1358 3107 —-
1386 3085 1443 3117 14.
1465 3085 1726 3117 dubitaritPAT
1745 3095 1753 3116 ε
1780 3085 1990 3117 dubitaverit

234 3133 308 3164 RE.
338 3150 376 3155 —
402 3135 457 3165 22.
487 3134 632 3177 quoque]
665 3141 696 3168 et
721 3145 890 3178 aquomen
916 3137 1050 3168 addunt
1075 3136 1175 3167 Voss.
1201 3135 1229 3165 Ι.
1272 3132 1370 3165 Leid.
1399 3133 1426 3162 Ξ.
1455 3132 1519 3163 111.
1572 3132 1708 3164 Oxonn.
1745 3141 1827 3169 sex,
1865 3131 1988 3163 Lamb.

236 3180 307 3211 Cir.
335 3180 451 3212 Matrei
481 3182 658 3213 Osservaz.
687 3184 758 3215 lett.
786 3183 832 3214 11.
862 3192 894 3221 p.
923 3184 1001 3215 316.
1038 3183 1138 3214 Voss.
1164 3182 1313 3221 Analoy.
1344 3180 1375 3216 1,
1402 3179 1436 3210 7.
1467 3188 1499 3218 p.
1529 3179 1609 3210 399.
1669 3179 1757 3211 Mihi
1792 3184 1904 3209 tamen
1941 3180 1990 3209 vi-

237 3227 338 3258 detur
364 3229 553 3265 posteriore
581 3235 737 3269 tempore
763 3230 828 3260 sub
855 3229 1129 3270 Imperatoribus
1156 3227 1392 3267 multiplicatis
1417 3226 1613 3258 nominibus
1639 3234 1656 3256 a
1691 3228 1851 3265 magistro
1869 3226 1987 3264 atiquo

236 3276 404 3306 insertum
432 3283 519 3306 esse.
547 3275 614 3306 On.
654 3294 695 3299 —
737 3276 794 3307 23.
834 3276 898 3308 Vv.
926 3277 976 3308 De
1001 3278 1147 3309 hominis
1171 3291 1185 3297 -
1208 3292 1222 3298 -
1248 3276 1367 3315 ayitur
1403 3276 1569 3311 expunxit
1606 3272 1814 3308 Schutzius,
1865 3275 1987 3311 utpote

237 3330 277 3353 ex
302 3321 340 3351 1..
370 3320 411 3351 de
438 3321 574 3352 invent.
607 3324 637 3360 1,
664 3323 719 3354 14.
760 3323 827 3354 buc
852 3324 1038 3356 inculcata.
1067 3340 1107 3346 —-
1150 3321 1207 3353 26.
1234 3324 1421 3352 vocaretur
1450 3320 1559 3351 PAT:
1598 3323 1811 3350 vocarentur
1841 3318 1916 3348 RE.
1944 3332 1988 3341 —

236 3368 456 3408 aliquantum
497 3367 641 3399 PART:
683 3370 942 3410 aliquantulum
970 3371 1009 3403 E.
1048 3387 1091 3393 —
1128 3368 1185 3402 32.
1224 3370 1322 3401 vivat
1347 3369 1461 3407 priore
1487 3367 1562 3399 loco
1589 3367 1753 3406 expunxit
1783 3364 1906 3397 Lamb.
1949 3380 1986 3386 —

238 3415 427 3446 domestico
461 3418 585 3447 utatur
611 3414 793 3448 Scthutzius
821 3419 913 3449 coni.
