2117 3762
671 234 768 274 LlB.
803 234 854 273 11.
918 234 964 273 C.
1000 234 1065 274 15.
1103 235 1165 275 16.
1200 235 1264 275 17.
1303 235 1367 275 18.
1843 243 1895 283 23

148 340 449 380 necessitudine.
493 340 744 394 praescripta
786 345 894 379 sunt.
955 340 1117 380 Etenim
1161 354 1305 382 omnes
1350 342 1426 381 hae
1460 347 1542 381 tres
1582 349 1716 396 partes
1748 358 1898 399 purga-

146 403 270 442 tionis
299 403 405 442 iutcr
439 417 481 441 se
514 400 707 441 linitimae
740 408 853 447 sunt,
887 407 929 442 ut
959 403 996 442 in
1028 416 1172 443 omncs
1205 406 1349 445 cadem
1372 403 1459 445 fere
1480 406 1640 459 possint
1665 420 1897 448 accommo-

146 466 249 506 dari.
314 466 409 505 Loci
440 477 677 504 communes
709 465 750 504 in
783 465 844 503 his
876 466 1028 506 causis:
1064 468 1315 507 accusatoris
1337 473 1481 507 contra
1515 481 1628 515 eum,
1669 470 1759 522 qui,
1806 485 1896 511 cum

146 541 189 567 se
222 540 410 581 peccasse
438 525 704 571 conliteatur,
754 533 887 567 tamen
924 529 1113 567 oratioue
1142 529 1298 568 iudices
1332 531 1594 570 demoretur:
1643 529 1895 579 defensoris,

145 592 195 630 de
220 590 491 633 humanitate,
525 589 836 635 miscricordia3
870 589 1121 630 voluntat‹.·m
1153 591 1193 630 in
1216 593 1410 633 omnihus
1439 593 1563 632 rebus
1593 595 1770 646 spectari
1801 608 1898 635 con·
1932 603 1946 627 ⁵

146 653 308 700 venire,
351 664 455 706 quae
485 650 673 691 consulto
704 650 807 692 sacta
838 667 918 692 non
949 654 1047 699 sint,
1081 654 1121 692 in
1154 654 1202 692 iis
1233 652 1419 694 fraudem
1452 669 1542 695 csse
1571 667 1653 695 non
1681 663 1894 710 oportere.

145 717 273 757 xvlt.
307 716 373 758 25.
405 715 703 768 Deprecatione
740 721 925 763 utemur,
969 729 1060 755 cum
1097 714 1322 756 fatebimur
1359 730 1432 757 nos
1467 730 1636 771 pecasse
1679 731 1812 772 neque
1858 719 1896 758 id

145 778 428 832 imprudenter
461 783 530 816 aut
561 775 733 817 fortuitu
760 784 829 817 aut
858 779 1092 819 necessario
1118 776 1264 817 secisse
1287 779 1469 820 dicemus
1502 786 1543 819 et
1572 786 1706 820 tamen
1740 781 1897 833 ignosci

144 840 264 881 nobis
288 837 604 892 postulabimus.
667 841 742 880 llic
773 841 1011 892 ignoscendi
1035 841 1141 880 ratio
1162 842 1376 895 quaeritur
1397 855 1451 883 ex
1482 843 1529 881 iis
1564 841 1685 889 locis,
1718 843 1749 882 si
1780 843 1898 897 plura

142 908 213 943 aut
244 902 401 941 maiora
431 899 567 941 oslicia
597 915 718 956 quam
752 902 950 943 malclicia
974 904 1227 943 videbuntur
1256 909 1461 953 ‹·onsta1·e;
1495 906 1526 943 si
1559 919 1637 959 qua
1668 906 1796 946 virtus
1829 912 1948 947 autio

142 964 336 1006 nobilitas
369 965 447 1003 erit
477 965 518 1003 in
551 977 620 1010 eo,
667 966 735 1017 qui
772 964 1040 1019 supplicabit;
1086 966 1118 1005 si
1149 978 1228 1019 qua
1260 979 1353 1020 spes
1382 968 1460 1007 erit
1493 969 1586 1008 usui
1618 967 1820 1015 futurum,
1864 970 1897 1009 si

142 1029 230 1068 sine
251 1025 452 1081 supplicio
475 1026 728 1075 discesserim
761 1028 792 1066 si
831 1028 917 1081 ipse
948 1026 1015 1067 ille
1048 1027 1221 1081 supplex
1252 1035 1490 1069 mansuetus
1517 1035 1557 1069 et
1587 1031 1822 1072 misericors
1857 1032 1898 1071 in

140 1089 413 1145 potestatibus
448 1090 692 1129 ostendetur
719 1088 871 1137 fuisse;
923 1090 955 1128 si
993 1102 1062 1135 ea,
1109 1103 1215 1144 quae
1259 1092 1462 1144 peccavit,
1514 1105 1596 1132 non
1634 1094 1731 1133 odio
1763 1107 1897 1148 neque

141 1150 401 1196 crudelitate,
443 1151 514 1189 scd
546 1149 684 1191 officio
715 1156 756 1191 et
786 1157 900 1191 recto
932 1153 1069 1192 studio
1100 1158 1333 1193 commotus
1367 1152 1488 1202 l'ecit;
1535 1155 1567 1193 si
1601 1154 1669 1194 tali
1701 1157 1751 1196 de
1777 1169 1897 1196 causa

140 1214 229 1255 aliis
261 1225 427 1268 quoque
453 1213 639 1265 ignotum
671 1220 752 1263 cst;
797 1215 829 1254 si
863 1213 964 1254 nihil
996 1216 1046 1254 ab
1079 1227 1130 1255 eo
1162 1214 1336 1269 periculi
1367 1217 1488 1257 nobis
1524 1215 1707 1258 futurum
1740 1219 1945 1259 videbi-1⁵

140 1283 228 1323 tur,
276 1277 309 1316 si
345 1289 438 1316 eum
470 1277 636 1316 missum
669 1275 913 1322 fecerimus:
962 1278 995 1316 si
1034 1276 1144 1318 nulla
1186 1283 1257 1318 aut
1297 1291 1318 1317 a
1356 1279 1509 1319 nostris
1551 1278 1708 1320 civibus
1747 1287 1816 1320 aut
1845 1283 1896 1321 ab

139 1338 274 1394 aliqua
317 1339 483 1378 civitate
521 1338 769 1392 vituperatio
809 1353 861 1379 ex
897 1352 944 1379 ea
982 1354 1026 1379 re
1070 1340 1333 1394 suscipietur.
1394 1342 1463 1381 26.
1496 1342 1596 1382 Loci
1635 1354 1895 1383 communes:

139 1405 191 1445 de
225 1400 499 1447 humanitate,
540 1398 726 1448 fortuna,
767 1402 1078 1448 misericordia,
1115 1415 1257 1443 rerum
1286 1404 1623 1444 commutatione.
1687 1405 1760 1444 llis
1795 1403 1895 1446 locis

138 1467 330 1508 omnibus
362 1478 414 1504 ex
447 1464 657 1504 contrario
690 1469 828 1505 utetur
857 1465 912 1510 is,
945 1465 1014 1519 qui
1047 1471 1190 1505 contra
1220 1464 1349 1512 dicet,
1381 1478 1474 1506 cum
1505 1464 1821 1521 amplificatione
1857 1474 1898 1508 et

139 1527 449 1569 enumeratione
481 1531 759 1579 peccatorum.
822 1529 933 1567 Ilaec
967 1541 1089 1567 causa
1125 1527 1329 1568 iudicialis
1357 1526 1446 1568 fieri
1476 1541 1559 1568 non
1590 1534 1746 1583 potest,
1778 1535 1825 1570 ut
1855 1531 1895 1571 in
1910 1545 1945 1570 20

137 1592 273 1644 primo
306 1589 414 1629 libro
445 1589 727 1637 ostendimus;
761 1591 854 1636 sed,
888 1590 998 1644 quod
1031 1595 1166 1643 potest
1186 1589 1251 1630 vel
1281 1591 1332 1629 ad
1360 1595 1548 1630 senatum
1581 1590 1647 1632 vel
1672 1592 1722 1631 ad
1762 1594 1898 1633 consi-

137 1653 237 1694 lium
259 1653 421 1697 venire,
455 1663 536 1691 non
569 1651 655 1690 visa
676 1656 739 1690 est
763 1652 1085 1705 supersedenda.
1149 1653 1248 1692 Cum
1279 1665 1300 1692 a
1327 1653 1448 1693 nobis
1485 1653 1641 1694 crimen
1675 1667 1894 1696 removere

137 1716 346 1763 volemus,
378 1719 446 1755 aut
478 1714 517 1753 in
539 1726 627 1753 rem
659 1719 728 1753 aut
748 1714 788 1753 in
820 1715 1032 1754 hominem
1063 1715 1194 1754 nostri
1226 1715 1383 1769 peccati
1415 1729 1580 1756 causam
1613 1715 1890 1759 conferemus.

138 1780 181 1819 Si
216 1790 336 1818 causa
363 1777 403 1816 in
439 1777 650 1816 hominem
681 1775 939 1824 conseretur,
981 1778 1266 1831 quaerendum
1304 1777 1383 1817 erit
1413 1778 1613 1832 primum,
1659 1781 1893 1833 potueritne

137 1846 317 1886 tantum,
364 1844 561 1893 quantum
589 1850 685 1878 reus
714 1840 1029 1886 demonstrabit,
1067 1839 1122 1886 is,
1161 1840 1203 1878 in
1236 1852 1361 1894 quem
1394 1852 1515 1880 causa
1547 1838 1809 1891 conferetur,
1853 1849 1941 1884 ct25

136 1916 316 1958 quonam
348 1902 472 1941 modo
504 1905 574 1941 aut
602 1901 777 1941 honeste
807 1906 878 1942 aut
908 1903 995 1943 sine
1024 1900 1210 1956 periculo
1242 1903 1424 1956 potuerit
1454 1900 1681 1953 obsistere;
1735 1906 1768 1945 si
1807 1920 1893 1946 ma-

135 1967 249 2007 xime
288 1966 345 2006 ita
383 1965 458 2012 sit,
510 1978 609 2004 num
650 1977 698 2004 ea
729 1977 775 2004 re
806 1966 978 2005 concedi
1009 1978 1082 2005 reo
1115 1965 1358 2012 conveniat,
1412 1966 1524 2020 quod
1555 1965 1690 2007 alieno
1722 1968 1893 2009 inductu

135 2027 295 2070 fecerit.
355 2027 514 2068 Deinde
544 2027 587 2066 in
616 2026 938 2068 coniecturalem
969 2028 1159 2068 trahetur
1188 2028 1514 2068 controversiam
1545 2034 1586 2069 et
1617 2030 1891 2078 edisseretur,

135 2105 232 2132 num
264 2091 453 2131 consulto
484 2087 637 2130 sactum
669 2090 734 2129 sit.
800 2091 842 2130 Si
873 2103 995 2130 causa
1026 2091 1068 2130 in
1098 2105 1185 2131 rem
1207 2092 1412 2146 quandam
1434 2089 1695 2141 conferetur,
1729 2099 1770 2134 et
1789 2094 1892 2134 haec

135 2155 279 2194 eadem
310 2151 399 2193 sere
430 2157 472 2193 et
501 2152 662 2200 omnia,
696 2165 802 2208 quae
833 2154 884 2193 de
915 2153 1220 2194 necessitudine
1250 2155 1562 2209 praecepimus,
1596 2156 1892 2198 consideranda
1906 2171 1940 2196 30

135 2221 269 2258 erunt.

245 2279 394 2320 XVIII.
428 2278 496 2317 27.
559 2277 765 2326 Quoniam
797 2278 893 2318 satis
925 2279 1154 2320 ostendisse
1185 2280 1399 2328 videmur,
1447 2278 1597 2335 quibus
1629 2287 1891 2336 argumenta-

135 2343 317 2383 tionibus
339 2342 379 2382 in
400 2354 482 2382 uno
513 2353 679 2395 quoque
710 2355 863 2395 genere
895 2354 1041 2382 causae
1072 2341 1274 2383 iudicialis
1305 2343 1363 2383 uti
1395 2345 1658 2393 conveniret,
1693 2346 1888 2400 consequi

134 2406 324 2453 videtur,
369 2409 415 2444 ut
444 2405 691 2451 doceamus,
743 2406 1093 2458 quemadmodum
1124 2406 1233 2460 ipsas
1263 2407 1641 2459 argumentationes
1673 2413 1817 2448 ornate
1850 2413 1890 2448 ct

135 2466 322 2508 absolute
354 2471 529 2507 tractare
561 2467 782 2520 possimus.
844 2469 944 2507 Nam
977 2466 1062 2508 fere
1093 2481 1177 2508 non
1220 2467 1386 2509 dil'licile
1426 2475 1488 2510 est
1528 2471 1738 2517 invenire,
1791 2471 1888 2525 quid
1903 2482 1936 2508 ³5

134 2532 186 2571 sit
214 2542 359 2571 causae
390 2529 650 2577 adiumento;
682 2528 968 2569 difficillimum
1001 2543 1101 2570 vero
1135 2535 1197 2571 est
1226 2531 1439 2571 inventum
1471 2533 1660 2586 expolire
1693 2537 1734 2571 et
1763 2546 1888 2586 expe-

134 2595 217 2634 dite
248 2592 534 2647 pronuntiare.
596 2592 709 2631 llaec
741 2592 849 2632 enim
879 2606 947 2633 res
984 2591 1105 2641 facit,
1153 2598 1199 2634 ut
1236 2607 1371 2648 neque
1411 2594 1587 2643 diutius,
1640 2607 1761 2649 quam
1791 2593 1888 2635 satis

134 2656 208 2703 sit,
241 2655 282 2695 in
313 2655 469 2694 eisdem
501 2653 602 2694 locis
633 2667 969 2703 commoremur,
1002 2669 1137 2710 neque
1169 2654 1318 2696 eodem
1348 2655 1574 2697 identidem
1605 2656 1884 2705 revolvamur,

133 2731 268 2772 neque
299 2718 533 2758 inchoatam
564 2718 962 2770 argumentationem
1007 2718 1310 2773 relinquamus,
1359 2733 1494 2773 neque
1534 2720 1796 2759 incommode
1836 2721 1886 2760 ad

134 2779 253 2820 aliam
285 2778 480 2835 deinceps
510 2784 778 2820 transeamus.
839 2781 982 2835 ltaque
1012 2781 1089 2821 hac
1119 2782 1278 2821 ratione
1309 2786 1351 2821 et
1380 2782 1457 2836 ipsi
1499 2782 1733 2822 meminisse
1771 2787 1937 2836 pote-40

134 2843 284 2890 rimus,
318 2843 416 2897 quid
447 2855 614 2897 quoquo
647 2840 739 2881 loco
772 2841 1025 2890 dixerimus,
1059 2847 1098 2883 et
1120 2845 1285 2884 auditor
1314 2856 1406 2884 cum
1439 2844 1564 2883 totius
1595 2857 1767 2892 causae,
1801 2849 1887 2885 tum

134 2905 254 2945 unius
300 2904 499 2959 cuiusque
539 2904 906 2957 argumentationis
947 2906 1282 2947 distributionem
1323 2907 1538 2960 percipere
1578 2911 1620 2946 et
1650 2908 1887 2947 meminisse

132 2967 300 3022 poterit.
357 2968 425 3007 28.
457 2969 569 3021 Ergo
616 2965 918 3007 absolutissima
959 2973 1000 3008 et
1037 2967 1338 3023 perfectissima
1383 2973 1445 3008 est
1482 2970 1782 3021 argumentatio
1816 2983 1885 3016 ea,

134 3043 238 3085 quae
269 3029 310 3069 in
340 3030 520 3084 quinque
553 3035 689 3084 partes
720 3034 781 3070 est
805 3027 1040 3071 distributa:
1073 3031 1425 3086 propositionem,
1456 3032 1682 3081 rationem,
1715 3033 1886 3073 rationis

225 3183 257 3213 1.
285 3181 485 3212 necessitate
510 3179 551 3211 Τ.
581 3197 619 3202 -
647 3179 682 3211 6.
709 3190 797 3221 quae
822 3181 990 3214 PAFRT:
1019 3186 1049 3214 et
1073 3191 1164 3223 quae
1189 3183 1263 3214 ΑΕ.
1285 3197 1325 3204 -
1353 3181 1386 3213 8.
1414 3182 1562 3222 fortuito
1586 3183 1625 3216 P.
1651 3201 1686 3207 —
1715 3185 1770 3216 21.
1799 3185 1885 3217 libro

129 3228 246 3267 primo
272 3228 405 3259 PAnn.
434 3226 485 3265 (C.
507 3224 579 3266 14.)
610 3243 647 3249 ——
675 3227 733 3258 22.
758 3229 835 3258 visa
860 3234 907 3260 est
931 3238 1002 3260 non
1020 3229 1060 3260 T.
1081 3245 1124 3250 —
1149 3229 1205 3261 28.
1234 3229 1421 3260 disseretur
1440 3230 1526 3262 FRT
1546 3234 1580 3263 et
1598 3239 1648 3270 pr.
1669 3231 1694 3261 Α
1710 3254 1718 3268 ,
1745 3240 1886 3272 quaere-

133 3279 191 3305 tur
210 3275 248 3305 B.
270 3291 309 3296 —
338 3276 394 3307 [ιι.
424 3281 556 3314 quoque
581 3273 636 3304 FT
657 3277 690 3305 et
709 3283 760 3313 pr.
782 3274 828 3313 P,
854 3275 892 3306 in
911 3283 1122 3315 unoquoquo
1144 3275 1168 3306 B
1196 3280 1229 3308 et
1252 3283 1299 3307 rc.
1324 3284 1412 3308 corr.
1435 3276 1482 3315 P,
1509 3277 1548 3308 L.
1572 3294 1609 3300 —
1637 3276 1694 3308 43.
1716 3281 1763 3308 est
1782 3287 1886 3319 arqu-

131 3322 298 3353 mentatio
312 3321 450 3354 PAFT:
470 3321 729 3361 arqumentatio
745 3324 791 3352 esc
807 3321 878 3360 BE,
895 3330 963 3354 om.
980 3323 1236 3363 aryumentatio
1252 3322 1295 3354 R.
1310 3340 1348 3346 —
1364 3323 1421 3355 44.
1435 3322 1473 3364 §-
1487 3322 1542 3355 32.
1553 3332 1631 3364 sqq.
1644 3326 1881 3365 estez-positio.
