2117 3762
286 233 337 274 56
948 227 1016 268 AD
1048 228 1359 270 HERENNIUM

284 337 397 380 bant.
457 340 559 378 Nam
589 348 727 377 rerum
758 333 961 386 imperiti,
995 333 1065 387 qui
1094 334 1214 374 unius
1247 335 1443 389 cuiusque
1474 335 1533 375 rei
1565 335 1614 374 de
1645 332 1766 375 rebus
1791 342 1882 378 ante
1904 338 2028 391 gestis

286 400 473 454 exempla
502 405 642 454 petere
672 412 754 438 non
785 400 982 450 possunt,
1024 396 1053 434 ii
1090 408 1165 449 per
1203 395 1522 451 imprudentiam
1549 395 1740 438 facillime
1771 398 2030 439 deducuntur

284 465 327 506 in
356 463 570 511 srandem3
617 466 657 501 at
687 461 739 506 ii,
787 457 856 512 qui
886 456 1046 504 sciunt,
1096 458 1193 510 quid
1223 459 1311 499 aliis
1345 460 1563 507 acciderit,
1615 457 1733 500 facile
1775 473 1825 499 ex
1855 460 2028 502 aliorum

287 528 443 568 eventis
475 526 556 565 suis
578 521 805 564 rationibus
836 524 1009 574 possunt
1036 520 1270 573 providere.
1331 521 1451 562 Nulla
1481 523 1603 574 igitur
1633 536 1676 562 re
1708 520 1884 570 inducti,
1918 525 2032 565 nulla

257 602 357 645 ⁵spe
387 589 481 630 freti
511 600 623 627 arma
653 584 931 625 sustulerunt?
983 581 1082 630 Ouis
1125 582 1205 622 hoc
1245 585 1409 631 credet,
1456 590 1605 625 tantam
1638 585 1787 625 amenti
1793 598 1857 625 1111
1889 599 2031 657 quem-

286 666 407 707 quam
438 652 639 696 tenuisse,
671 652 715 686 ut
744 645 964 699 imperium
993 645 1135 698 populi
1166 645 1341 686 Romani
1371 652 1528 687 tentare
1559 648 1729 688 auderet
1759 648 1881 687 nullis
1902 648 2031 702 copiis

284 714 444 756 frctus?
494 714 601 763 Ergo
644 708 797 761 aliquid
836 706 963 748 fuisse
1003 720 1172 748 necesse
1217 712 1290 748 est.
1364 709 1472 757 Quid
1502 709 1640 758 aliud,
1685 711 1762 750 nisi
1802 711 1866 758 id,
1920 712 2031 766 quod

286 778 402 822 dico,
433 778 568 827 potest
597 773 718 812 esse?

396 838 450 877 X.
486 835 549 875 15».
585 835 631 873 In
663 836 895 873 attenuatae
925 830 1081 885 figurae
1113 846 1286 885 genere,
1321 835 1431 888 quod
1463 836 1513 875 ad
1545 833 1728 875 infimum
1760 839 1799 876 et
1830 836 2034 889 quotidia-

237 913 272 939 10
287 913 383 941 num
432 910 666 938 sermonem
716 896 938 936 demissum
981 900 1041 935 est
1060 926 1069 942 ,
1121 897 1199 936 hoc
1244 896 1322 936 erit
1365 896 1624 950 exemplum:
1679 899 1781 937 Nam
1833 903 1877 938 ut
1926 896 2032 938 sorte

286 963 351 1004 hic
382 960 423 1001 in
455 961 622 1000 balneas
651 958 786 1004 venit,
819 956 979 1010 coepit,
1012 962 1228 1013 postquam
1260 956 1451 1012 perfusus
1482 965 1561 1005 est,
1594 958 1801 1000 desricari.
1861 960 2032 1007 Deinde,

287 1025 357 1065 ubi
389 1023 519 1064 visum
551 1026 612 1062 est
642 1021 725 1067 ire,
769 1025 813 1060 ut
856 1019 898 1060 in
946 1021 1106 1060 alveum
1139 1021 1439 1068 descenderet,
1493 1035 1588 1061 ecce
1629 1022 1686 1060 ibi
1718 1023 1792 1062 iste
1824 1024 1873 1062 de
1905 1028 2034 1062 trans-

286 1100 405 1128 verso
426 1118 437 1134 ,
470 1086 610 1132 Heus,
644 1083 806 1138 inquit,
839 1083 1080 1123 adolescens
1101 1113 1111 1130 ‚
1144 1083 1262 1137 pueri
1293 1084 1351 1122 tui
1382 1084 1506 1123 modo
1540 1097 1604 1123 me
1635 1082 1871 1136 pulsarunt3
1919 1086 2034 1125 satis-

285 1149 410 1190 facias
456 1151 635 1202 oportet.
696 1147 800 1194 Hie,
853 1147 921 1199 qui
965 1144 1006 1186 id
1046 1147 1189 1186 aetatis
1229 1143 1279 1185 ab
1319 1145 1461 1198 ignoto
1499 1151 1663 1199 praeter
1693 1147 2033 1187 consuetudinem

236 1224 271 1250 15
286 1213 517 1265 appellatus
564 1214 695 1255 esset,
747 1210 924 1249 erubuit.
1000 1210 1080 1249 Iste
1123 1209 1269 1248 clarius
1308 1207 1452 1248 eadem
1492 1213 1533 1247 et
1563 1207 1641 1248 alia
1674 1208 1812 1248 dicere
1847 1207 2030 1262 [coepit].

286 1277 362 1316 Hic
394 1275 463 1315 vix
493 1272 658 1314 tandem
689 1272 846 1325 inquit:
898 1273 992 1311 Sine
1023 1285 1087 1311 me
1118 1272 1396 1311 considerare.
1474 1273 1577 1311 Tum
1608 1283 1707 1311 vero
1740 1270 1816 1309 iste
1859 1270 2034 1310 clamare

285 1351 387 1380 voce
432 1338 506 1377 ista
530 1367 539 1384 ‚
593 1349 698 1389 quae
745 1333 808 1374 vel
848 1332 966 1374 facile
998 1334 1126 1374 cuivis
1157 1335 1332 1374 rubores
1363 1333 1511 1374 elicere
1544 1337 1705 1387 posset:
1758 1333 1818 1372 Ita
1848 1334 2034 1386 petulans

287 1414 330 1440 es
360 1404 481 1453 atque
512 1412 634 1445 acer,
677 1402 722 1437 ut
752 1411 803 1436 ne
835 1398 885 1436 ad
918 1396 1111 1437 solarium
1142 1396 1308 1450 quidem
1329 1428 1338 1443 ‚
1386 1403 1429 1436 ut
1460 1397 1558 1436 milii
1588 1397 1776 1443 videtur,
1825 1397 1896 1435 sed
1928 1408 2035 1448 pone

288 1476 448 1504 scenam
480 1467 520 1502 et
549 1463 591 1502 in
622 1461 824 1502 eiusmodi
855 1459 955 1499 locis
986 1458 1233 1499 exercitatus
1255 1462 1324 1499 sis.
1388 1461 1661 1499 Conturbatus
1684 1464 1744 1499 est
1766 1460 2032 1507 adolescens;

238 1536 274 1561 ²0
288 1539 363 1566 nec
394 1524 566 1572 mirum,
609 1524 674 1564 cui
706 1522 938 1563 etiamnunc
968 1522 1195 1576 paedagogi
1227 1521 1316 1561 lites
1347 1523 1397 1561 ad
1430 1523 1634 1562 auriculas
1666 1527 1932 1561 versarentur
1960 1522 2036 1561 im-

289 1589 421 1644 perito
454 1585 688 1627 huiusmodi
718 1586 1016 1625 conviciorum.
1078 1583 1153 1624 Ubi
1185 1585 1293 1624 enim
1325 1585 1399 1624 iste
1430 1585 1599 1624 vidisset
1630 1598 1814 1624 scurram
1838 1585 2034 1624 exhausto

288 1652 441 1692 rubore
461 1680 470 1696 ,
523 1648 592 1703 qui
624 1663 666 1688 se
697 1652 859 1701 putaret
888 1646 989 1686 nihil
1020 1645 1199 1693 habere,
1252 1648 1363 1697 quod
1405 1648 1454 1686 de
1494 1646 1795 1686 existimatione
1827 1647 2034 1698 perderet,

289 1718 333 1753 ut
363 1711 500 1752 omnia
531 1712 617 1751 sine
650 1709 780 1755 famae
812 1708 1057 1749 detrimento
1088 1707 1222 1749 facere
1254 1712 1426 1761 posset?
1496 1711 1557 1749 15.
1593 1710 1723 1763 Igitur
1755 1722 1905 1762 genera
1937 1707 2039 1762 figu-

289 1790 425 1816 rarum
460 1789 512 1815 ex
541 1774 639 1828 ipsis
671 1771 868 1826 exemplis
900 1770 1071 1824 intelligi
1101 1777 1308 1825 poterunt.
1380 1773 1471 1812 Erit
1501 1772 1607 1812 enim
1640 1777 1680 1812 et
1709 1777 1915 1811 attenuata
1947 1784 2038 1811 ver-

240 1855 275 1881 25
291 1840 439 1878 borum
485 1836 733 1876 constructio
781 1835 981 1890 quaedam
1018 1839 1058 1874 et
1103 1836 1200 1875 item
1246 1834 1322 1875 alia
1365 1834 1407 1873 in
1439 1835 1659 1887 gravitate,
1713 1833 1791 1874 alia
1827 1832 1959 1886 posita
1996 1833 2037 1873 in

289 1900 590 1942 mediocritate.

401 1965 469 2003 Est
500 1968 634 2002 autem
667 1961 923 2007 cavendum,
947 1972 1007 1999 ‹ne
1027 1991 1036 2007 ,
1080 1960 1175 1999 dum
1210 1958 1308 1999 baec
1341 1972 1490 2013 genera
1522 1964 1834 2008 consectamur,
1877 1960 1917 1999 in
1950 1957 2039 1999 fini-

290 2024 387 2065 tima
430 2031 469 2065 et
509 2025 736 2078 propinqua
774 2022 867 2062 vitia
900 2023 1129 2062 veniamus.
1193 2024 1294 2062 Nam
1327 2022 1460 2075 gravis
1492 2020 1644 2075 figura.
1699 2036 1804 2075 quae
1836 2020 2038 2062 laudanda

292 2093 372 2133 est,
403 2088 633 2142 propinqua
664 2092 724 2125 est
755 2087 813 2133 ei,
849 2099 952 2139 quae
984 2083 1175 2138 fugienda
1208 2091 1296 2132 est:
1331 2098 1434 2137 quae
1459 2090 1567 2124 recte
1590 2083 1800 2124 videbitur
1820 2083 2034 2139 appellari,

243 2164 278 2190 ⁵0
293 2151 325 2189 si
370 2149 531 2190 susssata
570 2148 860 2189 nominabitur.
940 2150 1041 2187 Nam
1083 2154 1127 2188 ut
1167 2148 1356 2200 corporis
1399 2149 1548 2187 bonam
1587 2148 1871 2187 habitudinem
1902 2153 2039 2187 tumor

291 2213 474 2252 imitatur
504 2225 648 2266 saepe,
682 2211 735 2251 ita
767 2211 899 2264 gravis
931 2211 1063 2251 oratio
1096 2224 1218 2264 saepe
1250 2209 1449 2264 imperitis
1483 2211 1643 2250 videtur
1673 2224 1742 2258 ea,
1777 2224 1881 2264 quae
1904 2213 2039 2262 turget

295 2280 335 2315 et
379 2274 515 2314 inssata
560 2279 651 2321 est,
703 2288 792 2313 cum
839 2278 907 2313 aut
954 2273 1071 2313 novis
1117 2280 1183 2313 aut
1228 2273 1375 2326 priscis
1421 2271 1555 2312 verbis
1586 2278 1656 2312 aut
1686 2273 1842 2313 duriter
1872 2272 2038 2312 aliunde

293 2335 495 2377 translatis
528 2342 596 2376 aut
626 2335 905 2389 gravioribus,
940 2349 1059 2390 quam
1090 2349 1155 2376 res
1178 2335 1374 2390 postulat,
1409 2334 1560 2389 aliquid
1582 2336 1754 2383 dicitur,
1790 2334 1866 2374 hoc
1889 2335 2034 2374 modo:

294 2401 396 2440 Nam
428 2399 496 2454 qui
529 2399 881 2451 perduellionibus
914 2399 1093 2438 venditat
1125 2399 1295 2452 patriam
1317 2429 1327 2445 ,
1376 2412 1459 2437 non
1499 2397 1594 2437 satis
1635 2397 1824 2451 supplicii
1862 2395 2035 2444 dederit,

246 2476 280 2504 ³5
296 2463 328 2502 si
358 2475 555 2516 praeceps
586 2463 625 2501 in
657 2462 878 2514 Neptunias
910 2460 1102 2514 depulsus
1134 2462 1213 2501 erit
1244 2462 1423 2501 lacunas.
1504 2461 1716 2500 Poeniteat
1746 2459 1870 2514 igitur
1899 2460 2035 2505 istum,

298 2526 366 2579 qui
398 2529 558 2564 montes
600 2522 692 2563 belli
729 2522 949 2563 fabricatus
991 2529 1072 2570 est,
1126 2537 1292 2576 campos
1333 2522 1493 2563 sustulit
1524 2522 1648 2575 pacis.
1724 2523 1770 2562 In
1800 2524 1879 2562 hoc
1910 2534 2038 2574 genus

296 2588 483 2641 plerique
516 2600 605 2626 cum
638 2585 841 2626 declinant
871 2592 911 2626 et
939 2587 989 2625 ab
1022 2599 1101 2633 eo,
1135 2600 1215 2640 quo
1248 2584 1419 2640 profecti
1451 2590 1569 2630 sunt,
1601 2583 1870 2632 aberr,arunt
1904 2583 2038 2638 specie

300 2649 506 2704 gravitatis
545 2647 746 2728 falluntur
776 2662 851 2688 nec
887 2649 1127 2729 perspicere
1154 2654 1322 2702 possunt
1353 2647 1548 2688 olationis
1578 2653 1799 2687 tumorem.
1861 2646 1934 2686 XI.
1971 2647 2035 2685 16.

390 2751 423 2782 4
452 2752 579 2781 eventis
605 2750 673 2784 PT
696 2750 740 2779 1:
771 2749 939 2779 eventibus
966 2727 1032 2786 AF,
1060 2751 1294 2781 etentuBRE
1317 2767 1359 2771 —
1384 2750 1417 2781 5
1446 2749 1557 2780 credet
1584 2747 1686 2778 ΡΒΤ;
1717 2749 1836 2778 credat
1860 2724 1990 2778 AFRE.
1999 2763 2037 2769 —-

299 2799 332 2829 9
361 2802 562 2829 attenuatae
591 2797 658 2826 Ert'.
687 2796 786 2826 Leid.
807 2796 834 2825 1
863 2796 961 2826 ctR:
991 2800 1169 2827 attenuato
1195 2797 1382 2828 PxssFTE.
1412 2813 1450 2818 ——
1496 2796 1549 2826 12.
1580 2798 1626 2824 est
1650 2803 1699 2824 ve
1725 2798 1762 2824 ut
1791 2795 1860 2824 131:
1902 2798 1972 2829 est.
1999 2799 2039 2824 ut

301 2844 382 2884 (om.
407 2846 469 2882 ire)
499 2844 658 2874 PARTE.
710 2842 803 2882 (Post
827 2842 884 2872 ubi
912 2845 1028 2875 inserit
1054 2845 1103 2873 ire
1131 2852 1176 2874 rc.
1206 2853 1292 2876 corr.
1322 2844 1375 2882 P.)
1402 2858 1445 2864 --
1488 2841 1541 2873 13.
1567 2841 1755 2881 pulsarunt
1783 2841 1857 2871 PA:
1883 2840 2039 2879 pulsave-

300 2895 378 2921 runt
406 2891 564 2922 BFRTE.
606 2907 642 2913 —
689 2890 740 2919 15.
771 2890 878 2927 coepit
914 2890 979 2919 det.
1012 2890 1091 2920 Seli.
1121 2893 1210 2921 coni.
1262 2891 1331 2922 Nos
1358 2891 1574 2921 seclusimus.
1619 2903 1654 2908 --
1700 2888 1742 2918 16
1783 2888 1935 2919 clamare
1962 2886 2038 2917 PB:

299 2940 405 2975 coepit
432 2939 580 2969 clamare
606 2935 766 2967 AFRTE.
808 2952 845 2956 —
887 2935 940 2965 18.
970 2937 1104 2975 quidem
1131 2938 1239 2968 AFR:
1269 2938 1402 2977 quidem
1426 2937 1568 2966 idonens
1594 2933 1722 2964 PBTE.
1761 2951 1799 2956 —
1841 2934 1897 2964 21.
1924 2934 2039 2964 huius-

299 2984 394 3014 modi
420 2984 523 3014 ABF:
562 2983 732 3014 huismodt
758 2982 804 3017 P.
844 2982 1007 3012 eiusmodi
1034 2983 1131 3013 RTE.
1163 2999 1200 3005 -
1228 2984 1283 3014 24.
1312 2981 1407 3023 ipsis]
1435 2983 1510 3013 istis
1535 2980 1659 3012 Duisb.
1690 2980 1791 3018 Seu,
1818 2980 1869 3010 his
1895 2981 1919 3011 1,
1945 2980 2035 3010 coni.

301 3030 344 3061 Ut
370 3039 449 3066 1105,
478 3034 594 3062 nostri.
625 3048 663 3053 —
709 3029 764 3060 ²28.
793 3030 907 3067 qravis
938 3029 1049 3070 fiqura
1080 3029 1195 3061 PFRT
1223 3036 1255 3062 et
1282 3039 1332 3069 pr.
1353 3032 1400 3060 A:
1440 3029 1556 3069 yravis
1581 3027 1715 3067 figurae
1741 3037 1828 3059 corr.
1850 3027 1899 3063 A,
1937 3027 2039 3066 yram*

300 3078 430 3118 figurae
456 3077 524 3106 BE.
567 3095 604 3100 --
646 3076 702 3107 29.
734 3077 763 3106 ei
787 3075 952 3106 PAFRT:
989 3085 1026 3107 ea
1054 3075 1122 3106 BE.
1158 3093 1192 3097 —
1239 3077 1292 3108 3'4.
1320 3075 1547 3115 perduellibus
1580 3073 1699 3105 Lamb.
1740 3090 1777 3096 —
1821 3072 1877 3104 35.
1905 3073 2038 3104 Penitet

302 3121 377 3161 (sic)
398 3123 552 3153 PABF.T
602 3124 644 3154 Ut
660 3133 739 3159 nos
760 3123 801 3153 R.
853 3122 979 3152 Verum
1001 3124 1118 3152 vitium
1137 3123 1272 3154 videtur
1290 3124 1443 3154 subesse.
1496 3122 1547 3152 An
1571 3120 1712 3156 Punite,
1741 3131 1779 3153 ex
1808 3122 1948 3158 antiqua
1968 3126 2034 3149 scr.

298 3170 462 3209 poenite?
497 3169 561 3200 On
602 3187 638 3192 —
683 3144 2037 3202 37.decti‹nant131t.:destinassentPAtTE.declinavissentBR,decti-

301 3221 426 3246 natent
444 3215 576 3247 Oxonn.
600 3216 680 3246 duo.
731 3217 844 3247 Malim
864 3216 1094 3247 declinarunt.
1124 3215 1189 3246 OR.
1213 3232 1251 3237 —
1279 3216 1486 3247 aberrarunt
1504 3212 1638 3245 PA2FT
1668 3211 2032 3244 aberraveruntBRE.

302 3279 346 3283 —
369 3263 474 3300 specie
500 3262 545 3293 B:
574 3272 631 3303 spe
657 3272 707 3302 pr.
727 3263 776 3301 P,
803 3267 833 3294 et
858 3264 965 3302 specie
988 3261 1138 3293 AFRTE
1166 3266 1200 3293 et
1224 3270 1311 3294 corr.
1340 3262 1378 3293 Ρ.
1409 3278 1446 3285 -
1491 3261 1547 3293 38.
1570 3260 1764 3300 perspicere
1790 3258 1864 3290 PT:
1901 3259 2036 3298 prospi-

304 3316 375 3340 cere
399 3308 558 3341 ABFRE.
