2117 3762
283 246 337 285 30
951 244 1019 284 AD
1052 244 1360 286 IIERENNIUM

283 351 386 390 Item
425 349 620 391 vitiosum
659 353 720 390 est
759 347 894 403 ipsum
935 345 1012 388 sibi
1042 347 1083 389 in
1114 362 1186 390 sua
1216 350 1404 392 oratione
1435 348 1654 391 dissentire
1695 352 1736 390 et
1777 356 1919 391 contra
1962 362 2035 397 ea,

283 426 389 467 quae
419 419 513 454 ante
545 411 712 459 dixerit,
745 411 905 457 dicere,
942 412 1022 451 hoc
1052 413 1198 452 modo:

398 505 487 556 Qua
515 519 637 546 causa
666 517 841 545 accusem
870 504 991 550 hunc,
1023 509 1106 542 tum
1135 503 1175 543 icl
1204 506 1426 557 exputando
1457 506 1626 546 evolvere
1630 535 1783 546 .....
1796 506 1815 544 ?
1846 523 1896 531 -

394 569 498 608 Nam
527 569 563 608 si
590 573 766 613 veretur,
798 566 890 618 quid
920 579 1006 605 eum
1035 578 1233 613 accusem,
1265 570 1332 619 qui
1362 573 1416 607 est
1440 569 1622 621 probus?

254 638 269 661 ⁵
395 632 468 670 Sin
497 630 796 670 inverecundum
824 629 951 668 animi
979 629 1179 680 inqenium
1202 630 1396 680 possidet,

400 693 504 742 Quid
533 706 618 732 eum
647 704 845 738 accusem,
877 692 945 744 qui
974 691 1015 730 id
1036 691 1159 743 parci
1188 691 1328 730 auditu
1356 692 1580 732 existimet?

283 788 452 827 xxvll.
486 788 576 826 Non
605 784 867 825 incommoda
897 783 1056 825 ratione
1087 782 1251 824 videtur
1281 782 1359 824 sibi
1389 785 1636 834 ostendisse,
1688 799 1817 842 quare
1858 799 1940 828 non
1975 799 2039 828 ac-

283 853 458 889 cusaret.
522 846 656 896 Quid?
687 852 831 902 postea
861 846 960 902 quid
991 846 1072 887 ait?
1105 860 1176 887 -ε

394 942 507 982 Nune
536 953 603 992 eqo
633 945 668 980 te
697 941 744 981 ab
774 954 924 981 summo
953 942 1036 981 iam
1064 941 1246 981 detexam
1276 940 1458 980 exordio.

234 1036 349 1075 1043.
384 1035 486 1074 Item
517 1032 710 1075 vitiosum
743 1039 823 1082 est,
857 1033 969 1089 quod
991 1033 1141 1076 dicitur
1161 1039 1303 1075 contra
1325 1032 1472 1074 iudicis
1494 1032 1746 1075 voluntatem
1776 1041 1845 1077 aut
1875 1049 2039 1084 eorum,

283 1099 351 1152 qui
383 1095 572 1144 audiunt,
615 1095 647 1137 si
680 1102 749 1138 aut
778 1102 938 1151 partes,
980 1096 1132 1152 quibus
1162 1096 1221 1137 illi
1252 1096 1436 1142 student,
1483 1100 1552 1136 aut
1583 1096 1794 1145 homines,
1848 1112 1951 1153 quos
1982 1098 2045 1144 illi

282 1172 399 1199 caros
445 1160 616 1207 habent,
666 1159 882 1200 laedantur
918 1165 987 1200 aut
1030 1160 1168 1215 aliquo
1208 1157 1448 1200 huiusmodi
1485 1157 1587 1198 vitio
1626 1157 1812 1199 laedatur
1841 1159 2042 1201 auditoris

281 1221 484 1262 voluntas.
543 1223 645 1262 Item
677 1222 869 1263 vitiosum
902 1227 962 1263 est
991 1236 1074 1263 non
1106 1236 1248 1263 omnes
1279 1236 1345 1263 res
1385 1220 1650 1267 confirmare,
1698 1235 1798 1275 quas
1835 1222 2042 1277 pollicitus

281 1283 336 1324 sis
367 1283 407 1324 in
439 1284 714 1339 expositione.
773 1287 874 1325 Item
907 1284 1130 1325 verendum
1164 1290 1243 1330 est,
1276 1298 1326 1324 ne
1358 1286 1408 1324 de
1439 1283 1517 1324 alia
1548 1297 1593 1324 re
1625 1282 1807 1331 dicatur,
1839 1297 1932 1325 cum
1964 1284 2044 1326 alia

232 1358 266 1382 1⁵
283 1345 333 1387 de
362 1360 408 1387 re
439 1347 721 1388 controversia
752 1346 821 1396 sit3
854 1346 977 1402 inque
1008 1346 1247 1388 huiusmodi
1280 1346 1379 1387 vitio
1411 1344 1757 1386 considerandum
1788 1351 1869 1394 est,
1901 1360 1952 1387 ne
1973 1352 2044 1388 aut

285 1407 336 1450 ad
365 1423 454 1450 rem
486 1408 659 1449 addatur
690 1408 787 1463 quid
819 1414 888 1449 aut
918 1407 1126 1463 quidpiam
1158 1411 1208 1449 de
1238 1421 1283 1448 re
1319 1408 1558 1449 detrahatur
1588 1413 1657 1448 aut
1687 1412 1772 1448 tota
1802 1421 1923 1450 causa
1955 1423 2045 1451 mu-

283 1476 362 1512 tata
403 1470 445 1512 in
486 1471 607 1512 aliam
646 1484 812 1512 causam
856 1470 1089 1520 derivetur;
1140 1470 1200 1512 uti
1240 1470 1350 1525 apud
1388 1470 1612 1511 Pacuvium
1644 1472 1793 1511 Zethus
1824 1484 1916 1511 cum
1948 1475 2045 1513 Am-

282 1533 461 1589 phione,
508 1547 685 1588 quorum
716 1533 1000 1575 controversia
1031 1547 1122 1574 cum
1155 1536 1205 1574 de
1236 1533 1391 1575 musica
1426 1533 1592 1574 inducta
1628 1533 1701 1582 sit,
1747 1532 1970 1588 disputatio
2000 1534 2044 1576 in

282 1595 507 1650 sapientiae
548 1595 753 1636 rationem
796 1601 836 1636 et
872 1595 1036 1636 virtutis
1075 1595 1292 1636 utilitatem
1332 1601 1654 1637 consummatur.
1714 1597 1816 1636 Item
1857 1595 2045 1637 conside-

232 1669 268 1694 20
283 1657 457 1699 randum
488 1664 566 1705 est,
617 1672 667 1698 ne
706 1657 816 1699 aliud
853 1657 1103 1698 accusatoris
1133 1657 1367 1698 criminatio
1399 1657 1626 1704 contineat,
1670 1657 1781 1699 aliud
1813 1656 2044 1700 defensoris

282 1723 387 1762 ratio
418 1725 590 1774 purget3
624 1720 736 1774 quod
764 1734 888 1774 saepe
920 1720 1107 1762 consulto
1138 1719 1255 1760 multi
1285 1718 1335 1760 ab
1367 1733 1441 1761 reo
1464 1718 1638 1767 faciunt,
1671 1719 1870 1774 angustiis
1897 1734 2044 1763 causae

282 1785 437 1832 coacti;
478 1783 560 1830 uti,
592 1783 626 1823 si
657 1783 768 1838 quis,
801 1796 894 1824 cum
925 1789 1142 1824 accusetur
1170 1780 1327 1822 ambitu
1357 1781 1642 1835 magistratum
1672 1782 1843 1837 petisse,
1884 1782 1935 1823 ab
1967 1784 2045 1825 im-

282 1843 544 1900 peratoribus
574 1859 877 1900 saepenumero
909 1859 952 1886 se
983 1843 1093 1899 apud
1123 1843 1351 1885 exercitum
1381 1843 1577 1885 donatum
1603 1857 1692 1885 esse
1715 1843 1836 1885 dicat.
1898 1846 1989 1886 Hoc
2009 1846 2045 1887 si

283 1907 503 1962 diligenter
532 1908 573 1949 in
604 1907 792 1949 oratione
824 1907 1159 1949 adversariorum
1191 1905 1575 1953 observaverimus,
1607 1920 1730 1961 saepe
1760 1905 2046 1961 deprehende-

233 1979 268 2005 2⁵
286 1985 376 2012 mus
411 1969 468 2025 [et
495 1970 537 2012 in
569 1970 804 2012 huiusmodi
836 1969 1166 2026 deprehensione
1197 1968 1501 2023 ostendemus],
1541 1983 1635 2017 eos,
1674 1969 1725 2010 de
1759 1967 1835 2023 [ea]
1868 1983 1914 2010 re
1945 1969 2046 2025 quid

287 2032 441 2082 dicant,
475 2046 557 2074 non
588 2035 756 2074 habere.
813 2034 883 2074 lili.
916 2035 1018 2074 Item
1048 2031 1245 2073 vitiosum
1277 2038 1339 2074 est
1367 2038 1498 2073 artem
1528 2038 1598 2073 aut
1627 2031 1839 2074 scientiam
1871 2037 1940 2074 aut
1960 2039 2046 2075 stu-

288 2094 401 2136 dium
433 2095 657 2151 quodpiam
687 2096 924 2150 vituperare
955 2102 1129 2148 propter
1159 2107 1305 2136 eorum
1335 2094 1455 2142 vitia,
1508 2094 1580 2150 qui
1609 2094 1652 2136 in
1682 2108 1732 2137 eo
1762 2094 1899 2137 studio
1929 2101 2043 2138 sunt:

287 2157 436 2206 veluti,
469 2158 539 2213 qui
568 2160 819 2199 rhetoricam
851 2157 1102 2211 vituperant,
1134 2163 1309 2212 propter
1337 2157 1509 2198 alicuius
1531 2157 1709 2199 oratoris
1732 2157 2046 2213 vituperandam

284 2220 426 2263 vitam.
488 2223 590 2262 Item
632 2220 825 2263 vitiosum
863 2227 924 2262 est
962 2234 1015 2261 ex
1046 2233 1120 2268 eo,
1174 2219 1286 2276 quod
1315 2233 1534 2275 perperam
1566 2219 1717 2261 factum
1748 2233 1838 2262 esse
1867 2226 2043 2269 constet,

236 2294 271 2320 ³0
286 2290 431 2339 putare
462 2283 641 2332 ostendi,
688 2297 710 2325 a
741 2297 824 2339 quo
856 2283 1023 2325 homine
1053 2282 1208 2324 sactum
1237 2282 1310 2331 sit,
1357 2282 1436 2324 hoc
1464 2282 1610 2324 modo:
1665 2286 1876 2324 Mortuum
1907 2282 2046 2324 defor-

284 2352 462 2396 matum,
508 2352 672 2389 tumore
715 2346 971 2402 praeditum,
1017 2346 1301 2388 decoloratum
1342 2345 1469 2387 fuisse
1513 2351 1691 2395 constat;
1742 2359 1844 2401 ergo
1883 2358 2045 2387 veneno

283 2415 450 2451 necatus
482 2415 555 2454 est.
614 2409 795 2458 Deinde,
848 2409 883 2451 si
925 2410 976 2451 sit
1013 2423 1145 2464 usque
1186 2409 1228 2450 in
1268 2423 1317 2450 eo
1350 2413 1597 2463 occupatus,
1638 2414 1684 2450 ut
1720 2408 1838 2450 multi
1867 2407 2044 2457 faciunt,

282 2485 487 2514 venenum
528 2472 687 2521 datum,
733 2472 832 2514 vitio
872 2486 955 2514 non
991 2472 1194 2514 mediocri
1234 2470 1503 2514 conflictetur.
1563 2474 1655 2513 Non
1691 2472 1802 2513 enim
1837 2470 2045 2513 factumne

284 2534 355 2583 sit,
389 2534 628 2590 quaeritur,
659 2533 732 2576 sed
761 2549 784 2576 a
814 2548 897 2590 quo
927 2534 1081 2576 sactum
1110 2534 1174 2576 sit.
1236 2536 1429 2578 XXVIII.
1462 2537 1530 2577 45.
1561 2536 1667 2576 Item
1696 2534 1891 2577 vitiosum
1922 2534 2046 2576 estin

377 2681 411 2712 1.
437 2690 497 2718 ea,
523 2678 628 2722 quae]
656 2684 756 2721 atque
780 2680 911 2713 PAFT.
939 2698 980 2704 —
1018 2680 1051 2714 3.
1082 2681 1158 2721 Qua
1184 2689 1290 2712 causa
1314 2680 1518 2712 PABFRT:
1555 2680 1673 2720 Quare
1699 2689 1776 2712 cum
1806 2679 1972 2712 Lambino
2000 2680 2043 2712 E.

289 2744 325 2751 —
354 2728 442 2759 hunc
461 2733 532 2759 tum
548 2727 586 2758 id
603 2727 782 2759 PABFRT
802 2733 836 2760 et
854 2731 961 2761 ceteri
985 2731 1079 2761 noti:
1106 2729 1195 2759 hunc
1211 2736 1341 2768 nequeo
1363 2736 1439 2759 cum
1460 2727 1650 2759 Cratandro
1671 2727 1711 2758 E.
1761 2726 1944 2759 Praetudit
1964 2727 2045 2758 huic

287 2774 486 2806 arbitrariae
506 2776 713 2806 correctioni
732 2784 799 2816 mg.
820 2775 846 2806 B
877 2779 943 2808 sic:
970 2784 1099 2815 nequeo
1116 2784 1247 2805 mecum
1262 2774 1311 2805 id.
1364 2775 1435 2815 Ego
1456 2779 1538 2813 puto
1558 2783 1631 2806 esse
1650 2776 1956 2815 interrogationem
1984 2783 2046 2813 per

285 2818 556 2863 ἀποσιώπησιν
571 2824 796 2860 propositam.
815 2839 853 2844 —
883 2819 1096 2861 exputando]
1115 2821 1330 2860 disponendo
1346 2821 1421 2858 AF,
1442 2820 1643 2861 exponendo
1658 2820 1710 2852 vel
1724 2821 1925 2860 exputando
1941 2829 1988 2852 rc.
2002 2821 2042 2858 F,

287 2867 496 2906 disputando
523 2876 610 2899 corr.
631 2869 655 2899 P
683 2873 717 2901 et
742 2878 809 2910 mg.
829 2868 875 2905 B,
903 2870 1114 2908 disputando
1134 2869 1185 2898 vel
1203 2869 1404 2907 exputando
1423 2868 1464 2899 R.
1492 2866 1708 2906 (emptitando
1730 2876 1780 2906 pr.
1800 2867 1840 2899 P.
1868 2883 1912 2890 —
1938 2868 2043 2905 hunc,

286 2913 357 2943 iam
390 2915 550 2953 putando
588 2916 742 2947 evolvero
776 2915 1004 2947 Lindemanni
1037 2913 1218 2954 suspicio.)
1257 2931 1296 2936 —
1339 2915 1371 2946 6.
1401 2912 1534 2954 quiid]
1560 2914 1644 2955 quid
1672 2923 1722 2952 pr.
1742 2915 1790 2953 P,
1835 2923 1912 2946 cum
1937 2915 1973 2945 id
1998 2914 2041 2945 R.

288 2957 364 2998 (qui
394 2961 430 2990 id
464 2962 567 2993 ceteri
603 2965 709 2993 nostri
745 2966 778 2994 et
812 2971 900 2993 corr.
932 2963 990 2997 P.)
1025 2979 1065 2985 ——
1106 2963 1267 2993 auditum
1292 2961 1363 2992 PT.
1397 2966 1436 2992 ut
1471 2969 1553 2996 nos,
1590 2960 1722 2992 ABFR.
1761 2978 1805 2983 —
1842 2962 1975 2993 estimet
1999 2962 2041 2991 R.

288 3004 360 3046 (qui
380 3009 486 3044 parvi
509 3008 545 3037 id
570 3010 729 3040 auditum
755 3011 909 3040 aestimet
936 3008 1034 3046 Seh.)
1069 3026 1107 3032 -
1149 3008 1182 3039 8.
1208 3013 1332 3047 postea
1357 3007 1447 3047 quod
1473 3008 1525 3038 ait
1551 3006 1575 3037 F
1603 3011 1636 3038 et
1665 3016 1752 3039 corr.
1774 3007 1821 3046 P,
1845 3012 1969 3047 postea
1993 3008 2045 3039 ait

289 3051 429 3092 (omisso
457 3055 672 3095 pronomine)
700 3056 739 3087 T.
761 3073 804 3077 —
831 3056 874 3086 12
900 3061 933 3088 et
959 3057 1014 3087 15.
1043 3055 1210 3087 eiusmodi
1236 3055 1303 3085 PB.
1327 3071 1363 3077 —
1395 3054 1450 3084 18.
1476 3050 1535 3092 sic]
1565 3057 1611 3084 est
1629 3052 1791 3086 PAFRT.
1813 3072 1853 3078 —
1883 3054 1937 3085 19.
1965 3062 2045 3085 con-

288 3103 481 3129 summatur
505 3100 621 3132 ABFT
649 3107 682 3134 et
707 3102 749 3133 ab
776 3103 897 3134 eadem
925 3112 1028 3134 manu
1054 3110 1142 3133 corr.
1165 3101 1213 3131 P:
1242 3101 1456 3131 eonsumitur
1480 3100 1530 3137 R,
1560 3108 1610 3138 pr.
1630 3100 1677 3138 P,
1705 3101 1744 3132 E.
1777 3117 1816 3123 —
1850 3101 1907 3133 21.
1934 3097 2042 3140 ratio]

286 3146 453 3185 purgatio
478 3145 578 3176 AFT.
616 3164 654 3169 —
693 3149 749 3180 2¹4.
777 3151 813 3179 in
839 3152 999 3180 oratione
1025 3149 1309 3179 adversariorum
1334 3146 1474 3177 PABT:
1511 3147 1549 3176 in
1574 3146 1863 3179 aduersariorum
1887 3148 2045 3178 oratione

288 3192 392 3222 ΓΒΕ.
422 3207 460 3213 -
499 3193 555 3223 25.
584 3193 697 3225 Verba
729 3196 860 3226 seclusa
897 3195 944 3234 (et
969 3198 1066 3227 in--
1090 3192 1324 3232 ostendemus)
1358 3202 1425 3224 om.
1450 3192 1580 3224 PAFT.
1618 3211 1655 3216 —
1691 3195 1857 3226 eiusmodi
1890 3193 1963 3225 BR.
2003 3210 2041 3216 --

289 3248 330 3270 ea
352 3237 491 3269 seclusit
512 3239 557 3272 E,
586 3240 652 3270 del.
675 3241 755 3272 Sch.
777 3258 817 3264 —
843 3242 901 3274 27.
928 3242 1077 3273 studiosi
1094 3240 1255 3272 PAFRT.
1279 3257 1316 3262 —
1346 3239 1401 3271 30.
1429 3237 1488 3279 sit]
1510 3244 1595 3271 esset
1613 3240 1658 3277 P,
1688 3245 1734 3273 est
1752 3240 1890 3278 AFRT,
1919 3240 2042 3273 esseB.

292 3302 330 3308 —
359 3283 416 3316 31.
447 3289 580 3316 constat
606 3285 708 3324 fuisse
733 3288 894 3319 ABFRT.
932 3307 970 3313 —
1011 3292 1145 3320 constat
1171 3296 1250 3329 erqo
1273 3295 1403 3318 veneno
1426 3291 1588 3318 necatum
1613 3288 1689 3328 FT,
1725 3297 1808 3329 erqo
1832 3290 1967 3320 constat
1991 3296 2044 3320 ve-

290 3340 379 3364 neno
403 3336 562 3364 necatum
586 3332 629 3365 R.
660 3349 696 3355 -—-
724 3333 781 3365 32.
808 3343 914 3376 usque
937 3345 975 3368 eo
1002 3344 1054 3375 pr.
1075 3335 1123 3376 T,
1151 3343 1257 3376 usque
1284 3334 1369 3366 adeo
1395 3334 1432 3366 in
1457 3342 1494 3366 eo
1523 3333 1605 3374 BR,
1631 3334 1672 3366 L.
