2117 3762
244 274 298 316 92
905 275 974 316 DE
1015 274 1338 318 INVENTIONE

243 382 422 423 oratoris
466 380 602 423 officio
648 385 689 422 et
730 393 812 421 non
857 380 955 433 quid
992 393 1084 428 arS,
1136 379 1207 422 sed
1250 381 1349 436 quid
1389 381 1477 437 ipse
1520 386 1686 437 posset,
1738 386 1993 436 exposuisse.

242 446 360 484 Nunc
396 456 497 485 vcro
539 458 589 485 ea
624 444 685 485 vis
727 448 787 483 est
827 442 869 482 in
908 440 1102 487 homine,
1150 448 1194 483 ut
1232 444 1271 485 ei
1308 446 1438 485 multo
1475 444 1725 486 rhetoricam
1756 446 1875 486 citius
1906 449 1996 502 quis

244 505 464 554 ademerit,
512 520 633 562 quam
671 503 977 560 philosophiam
1021 508 1282 550 concesserit.
1352 509 1492 560 Neque
1524 521 1572 548 eo
1611 507 1723 553 dico,
1769 511 1879 561 quod
1910 511 1996 550 eius

242 582 331 614 ars,
364 582 486 622 quam
519 568 669 615 edidit,
703 566 805 607 mihi
836 566 1152 608 mendosissime
1182 567 1334 622 scripta
1364 569 1579 619 videatur;
1625 584 1720 611 nam
1751 569 1847 610 satis
1876 570 1918 611 in
1949 585 1997 612 ea

211 630 405 672 svidetur
435 646 487 672 ex
518 629 693 684 antiquis
723 627 880 670 artibus
910 629 1126 683 ingeniose
1158 634 1197 670 et
1228 629 1448 684 diligenter
1479 635 1628 674 electas
1666 645 1732 673 res
1772 633 1997 674 collocasse

243 700 283 735 et
311 693 499 734 nonnihil
530 693 616 747 ipse¹
647 705 812 747 quoque
842 692 939 733 novi
968 692 1214 748 protulisse;
1243 706 1386 735 verum
1419 696 1575 737 oratori
1607 695 1821 736 minimum
1855 700 1916 737 est
1945 697 1996 737 de

240 760 327 797 arte
357 755 500 809 loqui,
533 757 643 809 quod
674 754 739 795 hic
768 754 885 804 secit;
930 754 1059 796 multo
1091 754 1318 795 maximum
1350 769 1402 797 ex
1433 763 1519 798 arte
1551 757 1715 807 dicere;
1762 760 1871 811 quod
1903 771 1997 800 eum

240 818 409 860 minime
440 817 623 870 potuisse
654 830 798 859 omncs
828 817 1031 859 videmus.
1091 819 1181 859 VII.
1222 819 1261 858 9.
1307 819 1444 867 Quare
1476 820 1644 861 materia
1676 819 1844 875 quidem
1874 819 1996 862 nobis

242 880 474 923 rhetoricae
496 879 660 921 videtur
691 895 753 929 ea,
786 895 908 936 quam
930 881 1139 922 Aristoteli
1171 881 1300 923 visam
1331 894 1421 921 csse
1452 882 1656 932 diximus;
1692 888 1829 936 partes
1860 888 1997 924 autem

189 946 315 985 aohae
337 975 346 991 ,
392 956 490 997 quas
521 942 710 997 plerique
741 943 957 991 dixerunt,
997 944 1206 992 inventio,
1253 943 1495 998 dispositio,
1538 945 1743 993 elocutio,
1775 945 1994 994 memoria,

238 1005 533 1061 pronuntiati0.
590 1006 780 1048 Iuventio
811 1012 872 1048 est
901 1007 1149 1061 excogitatio
1180 1021 1320 1048 rerum
1353 1020 1543 1047 verarum
1575 1013 1644 1048 aut
1674 1008 1761 1049 veri
1783 1008 1994 1056 similium,

237 1081 341 1122 quae
372 1080 536 1108 causam
572 1067 831 1123 prohabilem
874 1069 1075 1119 reddant;
1126 1068 1345 1122 dispositio
1383 1075 1444 1110 est
1480 1083 1618 1110 rerum
1657 1070 1916 1111 inventarum
1954 1073 1996 1111 in

237 1130 426 1172 ordinem
467 1129 727 1181 distributio;
772 1131 951 1173 elocutio
989 1138 1049 1173 est
1087 1131 1333 1173 idoneorum
1372 1130 1597 1173 verborum
1629 1138 1670 1173 et
1699 1133 1996 1175 sententiarum

236 1193 286 1234 ad
315 1194 595 1235 inventionem
626 1194 979 1243 accommodatio;
1024 1195 1225 1236 memoria
1264 1200 1323 1235 est
1355 1193 1471 1235 firma
1501 1194 1626 1235 animi
1655 1208 1796 1236 rerum
1827 1209 1873 1236 ac
1904 1209 1997 1236 ver-

185 1255 382 1297 1⁵borum
414 1258 462 1297 ad
494 1255 774 1298 inventionem
814 1257 1057 1311 percepti03
1099 1257 1383 1313 pronuntiatio
1413 1263 1475 1298 est
1504 1272 1556 1298 cx
1596 1271 1738 1298 rerum
1775 1263 1815 1298 et
1844 1260 1997 1299 verbo-

234 1334 327 1361 rum
371 1318 569 1372 dignitate
609 1322 721 1360 vocis
766 1324 805 1360 et
846 1322 1035 1373 corporis
1075 1321 1324 1361 moderatio.
1388 1322 1503 1361 Nunc
1545 1319 1607 1361 his
1645 1318 1771 1361 rebus
1813 1318 1997 1361 breviter

234 1380 490 1428 constitutis,
533 1395 601 1423 eas
631 1381 834 1431 rationes,
880 1385 1029 1436 quibus
1070 1382 1286 1424 ostendere
1327 1382 1535 1435 possimus
1575 1396 1704 1437 genus
1743 1387 1782 1423 et
1812 1381 1996 1424 officium

235 1451 275 1487 et
304 1444 426 1486 finem
457 1444 630 1486 huiusce
662 1444 782 1493 artis,
834 1444 944 1486 aliud
985 1445 1027 1486 in
1059 1450 1220 1499 tempus
1251 1445 1506 1486 differemus.
1568 1448 1667 1486 Nam
1700 1450 1740 1486 et
1771 1445 1996 1487 multorum

234 1506 459 1549 verborum
503 1507 688 1561 indigent
730 1513 770 1548 et
810 1522 893 1548 non
935 1512 1046 1549 tanto
1086 1521 1213 1562 opere
1244 1511 1294 1549 ad
1325 1507 1424 1549 artis
1456 1508 1777 1562 descriptionem
1808 1513 1848 1549 et
1876 1522 1998 1561 prae-

184 1584 219 1609 20
234 1577 350 1626 cepta
380 1573 578 1612 tradenda
608 1570 828 1624 pertinent.
900 1572 1004 1611 Eum
1035 1576 1198 1618 autem,
1246 1570 1317 1625 qui
1361 1576 1493 1611 artem
1538 1571 1791 1611 rhetoricam
1831 1569 1994 1617 scribat,

234 1637 285 1677 de
316 1632 474 1676 duabus
504 1633 674 1688 reliquis
705 1632 856 1681 rebus,
889 1636 941 1674 de
972 1634 1142 1673 materia
1174 1633 1273 1674 artis
1304 1647 1350 1673 ac
1380 1634 1567 1687 partibus
1589 1633 1775 1674 scribere
1799 1638 1994 1688 oportere

235 1699 534 1740 existimamus.
607 1699 664 1737 Ac
704 1696 801 1736 mihi
839 1697 1006 1751 quidem
1046 1696 1211 1738 videtur
1247 1696 1466 1738 coniuncte
1508 1694 1713 1750 agendum
1745 1694 1795 1736 de
1825 1696 1996 1736 materia

234 1775 280 1803 ac
310 1760 510 1814 partibus.
570 1761 708 1809 Quare
739 1760 948 1807 inventio,
983 1772 1089 1813 quae
1118 1759 1314 1814 princeps
1345 1764 1406 1800 est
1427 1759 1611 1800 omnium
1632 1759 1835 1812 partium,
1867 1759 1996 1813 potis-

234 1824 383 1865 simum
415 1822 458 1863 in
488 1822 602 1864 omni
632 1837 848 1864 causarum
880 1836 1047 1877 genere,
1082 1822 1212 1876 qualis
1244 1821 1392 1863 debeat
1422 1835 1538 1870 esse,
1571 1821 1871 1864 consideretur.

183 1896 218 1923 25
344 1887 455 1928 VIII.
512 1887 574 1926 10.
627 1887 769 1926 Omnis
813 1899 904 1932 res,
952 1899 1057 1939 quae
1103 1884 1227 1926 habet
1269 1885 1310 1925 in
1350 1899 1393 1925 se
1438 1886 1612 1937 positam
1654 1887 1696 1925 in
1738 1883 1918 1926 dictione
1949 1898 1996 1926 ac

234 1950 531 2004 disceptatione
574 1949 752 2003 aliquam
799 1946 1122 1990 controversiam
1142 1979 1152 1995 ,
1202 1953 1271 1988 aut
1300 1946 1396 1988 facti
1425 1952 1495 1988 aut
1524 1945 1702 1988 nominis
1732 1952 1802 1987 aut
1832 1951 1994 2001 generis

233 2019 301 2054 aut
341 2011 512 2054 actionis
557 2012 739 2053 continet
782 2011 1078 2067 quaestionem.
1153 2012 1253 2051 Eam
1292 2010 1420 2063 igitur
1459 2011 1770 2065 quaestionem,
1819 2024 1871 2052 ex
1913 2025 1995 2066 qua

234 2089 354 2117 causa
384 2075 589 2122 nascitur,
636 2074 971 2116 constitutionem
1014 2073 1282 2128 appellamus.
1347 2072 1596 2114 Constitutio
1637 2078 1698 2114 est
1735 2075 1869 2129 prima
1898 2088 1996 2116 con-

232 2139 358 2180 flictio
389 2152 605 2180 causarum
637 2151 687 2178 ex
718 2137 961 2191 depulsione
991 2135 1232 2177 intentionis
1262 2135 1469 2190 profecta,
1510 2139 1589 2177 hoc
1619 2140 1766 2177 modo:
1819 2137 1989 2178 Fecisti:

184 2211 219 2236 ⁵0
232 2205 324 2243 Non
353 2202 458 2249 feci,
492 2206 582 2249 aut,
616 2203 710 2243 Iure
740 2201 835 2243 feci.
900 2203 1000 2242 Cum
1031 2200 1126 2241 sacti
1147 2198 1430 2241 controversia
1457 2204 1536 2245 est,
1570 2200 1762 2253 quoniam
1786 2200 1995 2241 coniectu-

231 2266 290 2306 ris
333 2276 455 2304 causa
498 2262 707 2312 firmatur,
759 2263 996 2305 constitutio
1046 2262 1334 2304 coniecturalis
1380 2262 1623 2316 appellatur.
1707 2263 1808 2304 Cum
1855 2269 1992 2304 autem

232 2326 434 2375 nominis,
483 2324 579 2381 quia
616 2329 677 2368 vis
713 2326 903 2368 vocabuli
942 2325 1176 2367 definienda
1211 2325 1352 2366 verbis
1384 2330 1463 2372 est,
1514 2325 1753 2367 constitutio
1785 2324 1994 2367 definitiva

231 2390 482 2432 nominatur.
546 2390 646 2431 Cum
678 2404 805 2439 vero,
852 2390 982 2444 qualis
1012 2403 1079 2430 res
1110 2390 1186 2437 sit,
1231 2388 1470 2442 quaeritur,
1519 2388 1615 2442 quia
1647 2393 1687 2429 et
1718 2388 1768 2430 de
1797 2388 1839 2430 vi
1870 2393 1911 2430 et
1941 2388 1992 2430 de

233 2466 386 2507 genere
427 2452 581 2506 negotii
623 2453 904 2495 controversia
943 2457 1022 2500 est,
1070 2451 1307 2492 constitutio
1339 2450 1543 2504 generalis
1573 2457 1757 2492 vocatur.
1818 2453 1869 2492 At
1898 2464 1991 2492 cum

181 2528 354 2558 ascausa
394 2530 445 2556 ex
485 2529 537 2556 eo
577 2515 750 2571 pendet,
799 2515 910 2572 quod
949 2528 1030 2556 non
1070 2520 1139 2555 aut
1176 2513 1209 2554 is
1249 2527 1371 2567 agere
1409 2513 1593 2560 videtur,
1646 2527 1768 2568 quem
1812 2519 1990 2567 oportet,

233 2585 302 2621 aut
331 2592 413 2620 non
445 2592 538 2619 cum
578 2592 657 2627 eo,
707 2578 871 2633 quicum
910 2582 1102 2632 oportet,
1149 2582 1219 2618 aut
1249 2591 1330 2618 non
1363 2576 1470 2631 apud
1503 2590 1627 2630 quos,
1675 2590 1756 2630 quo
1787 2582 1989 2630 tempore,

234 2657 312 2697 qua
343 2642 458 2696 lege,
492 2654 575 2696 quo
606 2641 804 2688 crimine,
837 2655 916 2696 qua
947 2654 1083 2694 poena
1114 2645 1304 2695 oportet,
1348 2639 1585 2680 translativa
1616 2637 1765 2680 dicitur
1794 2638 1992 2680 constitu-

233 2705 315 2753 tio,
363 2707 457 2759 quia
501 2703 608 2744 actio
648 2703 924 2744 translationis
965 2708 1003 2744 et
1041 2701 1375 2744 commutationis
1407 2701 1592 2756 indigere
1623 2700 1798 2743 videtur.
1855 2703 1990 2756 Atque

234 2769 379 2808 harum
424 2766 602 2821 aliquam
645 2766 686 2807 in
732 2780 852 2807 omne
898 2779 1046 2807 causae
1091 2779 1219 2818 genus
1257 2764 1438 2806 incidere
1477 2777 1645 2805 necesse
1685 2770 1756 2806 est.
1815 2765 1918 2805 Nam
1948 2763 1990 2805 in

186 2839 222 2865 ἰο
240 2844 361 2884 quam
400 2843 488 2871 rem
521 2843 602 2870 non
643 2828 858 2875 inciderit,
907 2829 948 2869 in
980 2842 1027 2868 ca
1058 2828 1159 2869 nihil
1191 2841 1279 2868 esse
1309 2826 1464 2883 poterit
1494 2826 1830 2878 controversiae3
1862 2840 1989 2884 quare

237 2906 325 2933 eam
355 2907 406 2933 ne
436 2906 601 2934 causam
634 2891 799 2948 quidem
830 2892 1019 2933 convenit
1050 2892 1199 2945 putari.

328 3007 360 3037 1.
400 3005 525 3048 officio]
565 3007 717 3048 artificio
744 3006 831 3037 PAT
859 3009 892 3036 et
929 3006 1118 3045 (superscr.
1155 3004 1282 3046 officio)
1321 3005 1362 3035 R.
1410 3004 1454 3035 Ut
1490 3013 1575 3040 nos,
1605 3004 1646 3035 V.
1683 3021 1719 3028 -
1759 3005 1793 3036 8.
1828 3006 1988 3037 materies

236 3054 309 3086 AT.
340 3071 375 3076 —
405 3055 437 3083 9.
468 3063 525 3089 ea,
556 3052 670 3094 quarm]
699 3055 788 3085 artis
814 3061 919 3093 quam
944 3052 981 3082 P.
1013 3068 1051 3074 —
1082 3053 1137 3084 10.
1170 3061 1226 3082 eae
1253 3051 1330 3089 AT,
1367 3051 1428 3081 hac
1453 3057 1533 3082 sunt
1560 3051 1610 3088 V,
1630 3052 1677 3088 L,
1707 3052 1830 3084 Graev.
1862 3068 1900 3074 -
1929 3052 1984 3082 12.

236 3100 286 3141 in]
312 3109 373 3140 per
393 3100 421 3130 V
446 3101 479 3130 in
501 3103 659 3138 explicat.
677 3125 685 3137 ,
715 3109 752 3133 ex
776 3108 842 3140 qua
864 3100 1062 3130 asciverunt
1083 3098 1191 3129 Codd.
1214 3099 1295 3137 aliq.
1312 3120 1320 3135 ,
1349 3098 1446 3137 prob.
1471 3098 1562 3129 Oud⁴
1581 3114 1621 3120 —
1649 3099 1705 3132 15.
1724 3100 1787 3132 Vv.
1807 3099 1854 3129 ad
1871 3099 1987 3130 inven—

236 3150 365 3181 tionem
384 3153 540 3185 suspecta
563 3147 730 3178 Lauibino
751 3153 784 3180 et
805 3147 977 3186 Pur-gutdo
1004 3155 1043 3177 ac
1072 3146 1183 3176 deleta
1212 3155 1228 3176 a
1251 3145 1331 3175 Sch.
1357 3150 1453 3177 recta
1483 3148 1709 3183 explicatione
1737 3147 1874 3177 firmant
1899 3145 1928 3176 V
1952 3148 1986 3176 et

237 3195 346 3226 lullus
372 3194 490 3225 Victor
517 3202 548 3231 p.
578 3194 654 3226 251.
684 3195 744 3226 Ed.
777 3199 923 3225 nostrae.
965 3210 999 3215 —
1047 3193 1101 3224 17.
1139 3197 1169 3223 et
1204 3194 1305 3234 finem
1332 3197 1361 3221 ct
1390 3192 1538 3232 officium
1563 3192 1699 3223 PAnT.
1741 3193 1832 3232 (Non
1859 3190 1916 3230 V.)
1946 3209 1982 3214 —

237 3241 293 3273 18.
322 3242 456 3272 huiusce
483 3242 568 3270 artis
596 3241 643 3270 V:
687 3242 788 3271 huius
813 3242 902 3271 artis
928 3240 953 3271 E
981 3247 1056 3270 cum
1086 3239 1178 3270 libris
1196 3263 1203 3277 ,
1246 3240 1310 3269 nisi
1339 3240 1430 3277 quod
1459 3239 1487 3270 R
1513 3240 1614 3269 huius
1638 3240 1764 3271 scilicet
1799 3240 1909 3275 artis,
1950 3240 1984 3270 iu

239 3297 308 3328 quo
334 3291 491 3326 superest
516 3295 615 3318 verae
643 3287 719 3318 lect.
751 3291 943 3327 vestigium.
967 3302 1002 3307 —
1033 3285 1089 3317 33.
1117 3295 1169 3317 res
1195 3287 1239 3316 sit
1264 3285 1405 3316 VPAT:
1434 3288 1476 3317 sit
1503 3295 1556 3316 res
1583 3287 1654 3318 RE.
1678 3302 1717 3308 —
1752 3285 1808 3316 35.
1837 3289 1986 3316 autnon

238 3337 288 3373 R,
316 3344 353 3366 ex
381 3335 455 3367 aliis
483 3334 561 3365 Sch.
590 3350 633 3354 ———
674 3334 729 3365 38.
769 3344 839 3373 qua
866 3344 914 3373 pr.
941 3335 989 3370 P,
1018 3335 1183 3374 quoniam
1209 3341 1296 3363 corr.
1326 3332 1370 3370 P,
1409 3334 1499 3371 quod
1526 3333 1630 3366 ΛΒΤ.
1662 3348 1697 3354 -
1742 3332 1985 3364 translationis

238 3388 269 3416 et
295 3381 575 3413 commutacionis
600 3381 689 3412 actio
717 3381 786 3411 Est.
815 3382 893 3412 Sch.
922 3381 977 3422 (Ut
1003 3389 1088 3420 nos,
1116 3383 1224 3413 nostri
1253 3379 1448 3422 quattuor.)
