<?xml version="1.0" encoding="UTF-8"?>
<!DOCTYPE html PUBLIC "-//W3C//DTD XHTML 1.0 Transitional//EN"
    "http://www.w3.org/TR/xhtml1/DTD/xhtml1-transitional.dtd">
<html xmlns="http://www.w3.org/1999/xhtml" xml:lang="en" lang="en">
 <head>
  <title>
</title>
<meta http-equiv="Content-Type" content="text/html;charset=utf-8" />
  <meta name='ocr-system' content='tesseract 3.04.00' />
  <meta name='ocr-capabilities' content='ocr_page ocr_carea ocr_par ocr_line ocrx_word'/>
</head>
<body>
  <div class='ocr_page' id='page_1' title='image "./operaquaesupersu01ciceuoft/operaquaesupersu01ciceuoft_0243.png"; bbox 0 0 2117 3762; ppageno 0'>
   <div class='ocr_carea' id='block_1_1' title="bbox 797 243 1906 290">
    <p class='ocr_par' dir='ltr' id='par_1_1' title="bbox 797 243 1906 290">
     <span class='ocr_line' id='line_1_1' title="bbox 797 243 1906 290; baseline 0.005 -5"><span class='ocrx_word' id='word_1_1' title='bbox 797 244 894 285; x_wconf 90' lang='lat' dir='ltr'><strong>LlB.</strong></span> <span class='ocrx_word' id='word_1_2' title='bbox 928 243 979 285; x_wconf 88' lang='grc' dir='ltr'>ΙΙ.</span> <span class='ocrx_word' id='word_1_3' title='bbox 1041 245 1085 286; x_wconf 90' lang='lat' dir='ltr'><strong>C.</strong></span> <span class='ocrx_word' id='word_1_4' title='bbox 1123 245 1185 285; x_wconf 88' lang='lat'><strong>11.</strong></span> <span class='ocrx_word' id='word_1_5' title='bbox 1219 245 1282 284; x_wconf 74' lang='lat'><strong>12.</strong></span> <span class='ocrx_word' id='word_1_6' title='bbox 1829 250 1906 290; x_wconf 80' lang='lat'>231</span> 
     </span>
    </p>
   </div>
   <div class='ocr_carea' id='block_1_2' title="bbox 154 347 1960 2905">
    <p class='ocr_par' dir='ltr' id='par_1_2' title="bbox 155 347 1960 2022">
     <span class='ocr_line' id='line_1_2' title="bbox 173 347 1908 406; baseline 0 -12"><span class='ocrx_word' id='word_1_7' title='bbox 173 353 261 395; x_wconf 87' lang='lat' dir='ltr'>eius</span> <span class='ocrx_word' id='word_1_8' title='bbox 301 350 466 406; x_wconf 82' lang='lat' dir='ltr'>generis</span> <span class='ocrx_word' id='word_1_9' title='bbox 507 349 623 392; x_wconf 86' lang='lat' dir='ltr'>facile</span> <span class='ocrx_word' id='word_1_10' title='bbox 670 347 845 398; x_wconf 73' lang='lat' dir='ltr'>videbit,</span> <span class='ocrx_word' id='word_1_11' title='bbox 891 350 960 404; x_wconf 92' lang='lat' dir='ltr'>qui</span> <span class='ocrx_word' id='word_1_12' title='bbox 1005 349 1114 392; x_wconf 73' lang='lat' dir='ltr'>volet</span> <span class='ocrx_word' id='word_1_13' title='bbox 1158 349 1345 401; x_wconf 90' lang='lat' dir='ltr'>laudare;</span> <span class='ocrx_word' id='word_1_14' title='bbox 1391 351 1460 406; x_wconf 90' lang='lat' dir='ltr'>qui</span> <span class='ocrx_word' id='word_1_15' title='bbox 1506 351 1766 406; x_wconf 86' lang='lat' dir='ltr'>vituperare,</span> <span class='ocrx_word' id='word_1_16' title='bbox 1814 366 1908 395; x_wconf 88' lang='lat' dir='ltr'>con-</span> 
     </span>
     <span class='ocr_line' id='line_1_3' title="bbox 166 409 1908 468; baseline -0.001 -11"><span class='ocrx_word' id='word_1_17' title='bbox 166 412 305 457; x_wconf 91' lang='lat' dir='ltr'>traria.</span> <span class='ocrx_word' id='word_1_18' title='bbox 366 415 431 455; x_wconf 62' lang='lat'><strong>147.</strong></span> <span class='ocrx_word' id='word_1_19' title='bbox 463 414 546 455; x_wconf 90' lang='lat' dir='ltr'>Cur</span> <span class='ocrx_word' id='word_1_20' title='bbox 574 412 700 466; x_wconf 85' lang='lat' dir='ltr'>igitur</span> <span class='ocrx_word' id='word_1_21' title='bbox 729 409 910 458; x_wconf 81' lang='lat' dir='ltr'>dubitas,</span> <span class='ocrx_word' id='word_1_22' title='bbox 942 413 1071 468; x_wconf 88' lang='lat' dir='ltr'>inquit</span> <span class='ocrx_word' id='word_1_23' title='bbox 1102 413 1285 462; x_wconf 79' lang='lat' dir='ltr'>Catulus,</span> <span class='ocrx_word' id='word_1_24' title='bbox 1316 412 1450 454; x_wconf 83' lang='lat' dir='ltr'>facere</span> <span class='ocrx_word' id='word_1_25' title='bbox 1481 412 1560 454; x_wconf 91' lang='lat' dir='ltr'>hoc</span> <span class='ocrx_word' id='word_1_26' title='bbox 1582 414 1746 454; x_wconf 87' lang='lat' dir='ltr'>tertium</span> <span class='ocrx_word' id='word_1_27' title='bbox 1769 427 1908 467; x_wconf 82' lang='lat' dir='ltr'>genus,</span> 
     </span>
     <span class='ocr_line' id='line_1_4' title="bbox 167 473 1909 533; baseline 0 -15"><span class='ocrx_word' id='word_1_28' title='bbox 167 478 359 533; x_wconf 91' lang='lat' dir='ltr'>quoniam</span> <span class='ocrx_word' id='word_1_29' title='bbox 391 481 452 517; x_wconf 92' lang='lat' dir='ltr'>est</span> <span class='ocrx_word' id='word_1_30' title='bbox 483 475 522 516; x_wconf 92' lang='lat' dir='ltr'>in</span> <span class='ocrx_word' id='word_1_31' title='bbox 552 473 710 516; x_wconf 88' lang='lat' dir='ltr'>ratione</span> <span class='ocrx_word' id='word_1_32' title='bbox 740 477 906 514; x_wconf 73' lang='lat' dir='ltr'>rerum?</span> <span class='ocrx_word' id='word_1_33' title='bbox 937 477 1027 516; x_wconf 80' lang='lat' dir='ltr'>Non</span> <span class='ocrx_word' id='word_1_34' title='bbox 1057 475 1185 524; x_wconf 87' lang='lat' dir='ltr'>enim,</span> <span class='ocrx_word' id='word_1_35' title='bbox 1218 475 1251 516; x_wconf 91' lang='lat' dir='ltr'>si</span> <span class='ocrx_word' id='word_1_36' title='bbox 1284 481 1346 518; x_wconf 87' lang='lat' dir='ltr'>cst</span> <span class='ocrx_word' id='word_1_37' title='bbox 1375 475 1555 523; x_wconf 79' lang='lat' dir='ltr'>facilius,</span> <span class='ocrx_word' id='word_1_38' title='bbox 1589 488 1640 516; x_wconf 89' lang='lat' dir='ltr'>eo</span> <span class='ocrx_word' id='word_1_39' title='bbox 1662 477 1713 516; x_wconf 90' lang='lat' dir='ltr'>de</span> <span class='ocrx_word' id='word_1_40' title='bbox 1735 490 1909 518; x_wconf 90' lang='lat' dir='ltr'>numero</span> 
     </span>
     <span class='ocr_line' id='line_1_5' title="bbox 166 534 1911 594; baseline -0.001 -14"><span class='ocrx_word' id='word_1_41' title='bbox 166 552 332 594; x_wconf 91' lang='lat' dir='ltr'>quoquc</span> <span class='ocrx_word' id='word_1_42' title='bbox 362 544 422 580; x_wconf 90' lang='lat' dir='ltr'>est</span> <span class='ocrx_word' id='word_1_43' title='bbox 451 534 766 592; x_wconf 87' lang='lat' dir='ltr'>excerpendum.</span> <span class='ocrx_word' id='word_1_44' title='bbox 828 535 931 586; x_wconf 84' lang='lat' dir='ltr'>Quia</span> <span class='ocrx_word' id='word_1_45' title='bbox 962 539 1081 585; x_wconf 87' lang='lat' dir='ltr'>nolo,</span> <span class='ocrx_word' id='word_1_46' title='bbox 1127 539 1278 593; x_wconf 89' lang='lat' dir='ltr'>inquit,</span> <span class='ocrx_word' id='word_1_47' title='bbox 1320 538 1481 587; x_wconf 91' lang='lat' dir='ltr'>omnia,</span> <span class='ocrx_word' id='word_1_48' title='bbox 1523 551 1629 593; x_wconf 89' lang='lat' dir='ltr'>quae</span> <span class='ocrx_word' id='word_1_49' title='bbox 1658 536 1810 579; x_wconf 91' lang='lat' dir='ltr'>cadunt</span> <span class='ocrx_word' id='word_1_50' title='bbox 1839 538 1911 580; x_wconf 91' lang='lat' dir='ltr'>ali-</span> 
     </span>
     <span class='ocr_line' id='line_1_6' title="bbox 164 598 1941 657; baseline -0.001 -15"><span class='ocrx_word' id='word_1_51' title='bbox 164 603 327 657; x_wconf 89' lang='lat' dir='ltr'>quando</span> <span class='ocrx_word' id='word_1_52' title='bbox 359 602 401 642; x_wconf 92' lang='lat' dir='ltr'>in</span> <span class='ocrx_word' id='word_1_53' title='bbox 431 605 658 646; x_wconf 88' lang='lat' dir='ltr'>oratorem,</span> <span class='ocrx_word' id='word_1_54' title='bbox 705 598 890 652; x_wconf 75' lang='lat' dir='ltr'>quamvis</span> <span class='ocrx_word' id='word_1_55' title='bbox 921 600 1068 653; x_wconf 80' lang='lat' dir='ltr'>exigua</span> <span class='ocrx_word' id='word_1_56' title='bbox 1098 600 1197 647; x_wconf 89' lang='lat' dir='ltr'>sint,</span> <span class='ocrx_word' id='word_1_57' title='bbox 1246 613 1292 640; x_wconf 86' lang='lat' dir='ltr'>ea</span> <span class='ocrx_word' id='word_1_58' title='bbox 1323 602 1380 640; x_wconf 90' lang='lat' dir='ltr'>sic</span> <span class='ocrx_word' id='word_1_59' title='bbox 1412 605 1606 649; x_wconf 88' lang='lat' dir='ltr'>tractare,</span> <span class='ocrx_word' id='word_1_60' title='bbox 1651 600 1766 657; x_wconf 82' lang='lat' dir='ltr'>quasi</span> <span class='ocrx_word' id='word_1_61' title='bbox 1808 601 1941 643; x_wconf 76' lang='lat' dir='ltr'>nihils</span> 
     </span>
     <span class='ocr_line' id='line_1_7' title="bbox 163 661 1911 719; baseline 0.001 -14"><span class='ocrx_word' id='word_1_62' title='bbox 163 663 293 718; x_wconf 88' lang='lat' dir='ltr'><strong>possit</strong></span> <span class='ocrx_word' id='word_1_63' title='bbox 322 663 402 706; x_wconf 90' lang='lat' dir='ltr'>dici</span> <span class='ocrx_word' id='word_1_64' title='bbox 432 664 517 703; x_wconf 89' lang='lat' dir='ltr'>sine</span> <span class='ocrx_word' id='word_1_65' title='bbox 549 661 778 717; x_wconf 76' lang='lat' dir='ltr'><strong>praeceptis</strong></span> <span class='ocrx_word' id='word_1_66' title='bbox 802 662 898 703; x_wconf 90' lang='lat' dir='ltr'>suis.</span> <span class='ocrx_word' id='word_1_67' title='bbox 956 664 1024 703; x_wconf 71' lang='lat'><strong>48.</strong></span> <span class='ocrx_word' id='word_1_68' title='bbox 1058 665 1159 703; x_wconf 88' lang='lat' dir='ltr'>Nam</span> <span class='ocrx_word' id='word_1_69' title='bbox 1181 668 1221 703; x_wconf 90' lang='lat' dir='ltr'>et</span> <span class='ocrx_word' id='word_1_70' title='bbox 1242 661 1523 705; x_wconf 84' lang='lat' dir='ltr'>testimonium</span> <span class='ocrx_word' id='word_1_71' title='bbox 1545 677 1668 719; x_wconf 82' lang='lat' dir='ltr'>saepe</span> <span class='ocrx_word' id='word_1_72' title='bbox 1689 663 1911 706; x_wconf 90' lang='lat' dir='ltr'>dicendum</span> 
     </span>
     <span class='ocr_line' id='line_1_8' title="bbox 164 724 1907 779; baseline 0 -12"><span class='ocrx_word' id='word_1_73' title='bbox 164 732 225 767; x_wconf 89' lang='lat' dir='ltr'>est</span> <span class='ocrx_word' id='word_1_74' title='bbox 263 739 309 767; x_wconf 90' lang='lat' dir='ltr'>ac</span> <span class='ocrx_word' id='word_1_75' title='bbox 354 737 645 779; x_wconf 86' lang='lat' dir='ltr'>nonnunquam</span> <span class='ocrx_word' id='word_1_76' title='bbox 691 724 811 764; x_wconf 90' lang='lat' dir='ltr'>etiam</span> <span class='ocrx_word' id='word_1_77' title='bbox 855 726 1106 773; x_wconf 77' lang='lat' dir='ltr'>accuratius,</span> <span class='ocrx_word' id='word_1_78' title='bbox 1157 731 1203 765; x_wconf 89' lang='lat' dir='ltr'>ut</span> <span class='ocrx_word' id='word_1_79' title='bbox 1247 725 1345 765; x_wconf 87' lang='lat' dir='ltr'>mihi</span> <span class='ocrx_word' id='word_1_80' title='bbox 1390 739 1556 767; x_wconf 88' lang='lat' dir='ltr'>necesse</span> <span class='ocrx_word' id='word_1_81' title='bbox 1600 725 1677 767; x_wconf 84' lang='lat' dir='ltr'>suit</span> <span class='ocrx_word' id='word_1_82' title='bbox 1719 725 1760 767; x_wconf 91' lang='lat' dir='ltr'>in</span> <span class='ocrx_word' id='word_1_83' title='bbox 1807 728 1907 768; x_wconf 85' lang='lat' dir='ltr'>Sex.</span> 
     </span>
     <span class='ocr_line' id='line_1_9' title="bbox 163 786 1911 840; baseline 0.001 -12"><span class='ocrx_word' id='word_1_84' title='bbox 163 788 338 837; x_wconf 88' lang='lat' dir='ltr'>Titium,</span> <span class='ocrx_word' id='word_1_85' title='bbox 384 786 623 829; x_wconf 88' lang='lat' dir='ltr'>seditiosum</span> <span class='ocrx_word' id='word_1_86' title='bbox 665 786 794 827; x_wconf 88' lang='lat' dir='ltr'>civem</span> <span class='ocrx_word' id='word_1_87' title='bbox 841 793 880 828; x_wconf 89' lang='lat' dir='ltr'>et</span> <span class='ocrx_word' id='word_1_88' title='bbox 918 786 1217 836; x_wconf 83' lang='lat' dir='ltr'>turbulentun1;</span> <span class='ocrx_word' id='word_1_89' title='bbox 1267 786 1470 840; x_wconf 77' lang='lat' dir='ltr'>explicavi</span> <span class='ocrx_word' id='word_1_90' title='bbox 1508 789 1550 828; x_wconf 91' lang='lat' dir='ltr'>in</span> <span class='ocrx_word' id='word_1_91' title='bbox 1592 802 1641 830; x_wconf 89' lang='lat' dir='ltr'>eo</span> <span class='ocrx_word' id='word_1_92' title='bbox 1673 788 1911 830; x_wconf 88' lang='lat' dir='ltr'>testimonio</span> 
     </span>
     <span class='ocr_line' id='line_1_10' title="bbox 165 848 1911 906; baseline 0.001 -14"><span class='ocrx_word' id='word_1_93' title='bbox 165 849 337 892; x_wconf 91' lang='lat' dir='ltr'>dicendo</span> <span class='ocrx_word' id='word_1_94' title='bbox 369 848 505 891; x_wconf 92' lang='lat' dir='ltr'>omnia</span> <span class='ocrx_word' id='word_1_95' title='bbox 534 848 704 890; x_wconf 91' lang='lat' dir='ltr'>consilia</span> <span class='ocrx_word' id='word_1_96' title='bbox 734 849 968 890; x_wconf 87' lang='lat' dir='ltr'>consulatus</span> <span class='ocrx_word' id='word_1_97' title='bbox 1000 848 1105 898; x_wconf 90' lang='lat' dir='ltr'>mei,</span> <span class='ocrx_word' id='word_1_98' title='bbox 1139 849 1286 905; x_wconf 90' lang='lat' dir='ltr'>quibus</span> <span class='ocrx_word' id='word_1_99' title='bbox 1317 849 1376 890; x_wconf 91' lang='lat' dir='ltr'>illi</span> <span class='ocrx_word' id='word_1_100' title='bbox 1408 849 1571 891; x_wconf 84' lang='lat' dir='ltr'>tribuno</span> <span class='ocrx_word' id='word_1_101' title='bbox 1603 850 1737 904; x_wconf 90' lang='lat' dir='ltr'>plebis</span> <span class='ocrx_word' id='word_1_102' title='bbox 1767 864 1843 906; x_wconf 92' lang='lat' dir='ltr'>pro</span> <span class='ocrx_word' id='word_1_103' title='bbox 1865 864 1911 893; x_wconf 86' lang='lat' dir='ltr'>re</span> 
     </span>
     <span class='ocr_line' id='line_1_11' title="bbox 164 911 1960 968; baseline -0.001 -15"><span class='ocrx_word' id='word_1_104' title='bbox 164 914 327 968; x_wconf 91' lang='lat' dir='ltr'>publica</span> <span class='ocrx_word' id='word_1_105' title='bbox 358 911 623 960; x_wconf 79' lang='lat' dir='ltr'>restitissem,</span> <span class='ocrx_word' id='word_1_106' title='bbox 656 926 842 967; x_wconf 89' lang='lat' dir='ltr'>quaeque</span> <span class='ocrx_word' id='word_1_107' title='bbox 873 911 923 953; x_wconf 86' lang='lat' dir='ltr'>ab</span> <span class='ocrx_word' id='word_1_108' title='bbox 955 926 1003 953; x_wconf 91' lang='lat' dir='ltr'>eo</span> <span class='ocrx_word' id='word_1_109' title='bbox 1035 918 1177 953; x_wconf 91' lang='lat' dir='ltr'>contra</span> <span class='ocrx_word' id='word_1_110' title='bbox 1207 926 1294 953; x_wconf 92' lang='lat' dir='ltr'>rem</span> <span class='ocrx_word' id='word_1_111' title='bbox 1316 912 1520 967; x_wconf 82' lang='lat' dir='ltr'>publicam</span> <span class='ocrx_word' id='word_1_112' title='bbox 1543 912 1646 955; x_wconf 91' lang='lat' dir='ltr'>sacta</span> <span class='ocrx_word' id='word_1_113' title='bbox 1668 912 1908 962; x_wconf 89' lang='lat' dir='ltr'>arbitrarer,</span> <span class='ocrx_word' id='word_1_114' title='bbox 1924 927 1960 952; x_wconf 88' lang='lat'>10</span> 
     </span>
     <span class='ocr_line' id='line_1_12' title="bbox 164 972 1912 1030; baseline 0.002 -15"><span class='ocrx_word' id='word_1_115' title='bbox 164 974 358 1029; x_wconf 87' lang='lat' dir='ltr'>exposui;</span> <span class='ocrx_word' id='word_1_116' title='bbox 405 972 473 1015; x_wconf 92' lang='lat' dir='ltr'>diu</span> <span class='ocrx_word' id='word_1_117' title='bbox 504 980 685 1015; x_wconf 88' lang='lat' dir='ltr'>retentus</span> <span class='ocrx_word' id='word_1_118' title='bbox 715 989 831 1024; x_wconf 87' lang='lat' dir='ltr'>sum,</span> <span class='ocrx_word' id='word_1_119' title='bbox 874 974 998 1017; x_wconf 88' lang='lat' dir='ltr'>multa</span> <span class='ocrx_word' id='word_1_120' title='bbox 1034 974 1190 1022; x_wconf 75' lang='lat' dir='ltr'>audivi,</span> <span class='ocrx_word' id='word_1_121' title='bbox 1226 974 1350 1016; x_wconf 90' lang='lat' dir='ltr'>multa</span> <span class='ocrx_word' id='word_1_122' title='bbox 1382 974 1592 1029; x_wconf 81' lang='lat' dir='ltr'>respondi.</span> <span class='ocrx_word' id='word_1_123' title='bbox 1653 979 1757 1018; x_wconf 86' lang='lat' dir='ltr'>Num</span> <span class='ocrx_word' id='word_1_124' title='bbox 1787 975 1912 1030; x_wconf 83' lang='lat' dir='ltr'>igitur</span> 
     </span>
     <span class='ocr_line' id='line_1_13' title="bbox 160 1035 1912 1093; baseline 0.002 -17"><span class='ocrx_word' id='word_1_125' title='bbox 160 1036 312 1092; x_wconf 88' lang='lat' dir='ltr'>placet,</span> <span class='ocrx_word' id='word_1_126' title='bbox 345 1049 437 1076; x_wconf 91' lang='lat' dir='ltr'>cum</span> <span class='ocrx_word' id='word_1_127' title='bbox 470 1035 520 1078; x_wconf 92' lang='lat' dir='ltr'>de</span> <span class='ocrx_word' id='word_1_128' title='bbox 551 1037 784 1093; x_wconf 85' lang='lat' dir='ltr'>eloquentia</span> <span class='ocrx_word' id='word_1_129' title='bbox 815 1037 1065 1093; x_wconf 86' lang='lat' dir='ltr'>praecipias,</span> <span class='ocrx_word' id='word_1_130' title='bbox 1099 1037 1252 1092; x_wconf 88' lang='lat' dir='ltr'>aliquid</span> <span class='ocrx_word' id='word_1_131' title='bbox 1284 1036 1405 1077; x_wconf 91' lang='lat' dir='ltr'>etiam</span> <span class='ocrx_word' id='word_1_132' title='bbox 1437 1039 1487 1078; x_wconf 90' lang='lat' dir='ltr'>de</span> <span class='ocrx_word' id='word_1_133' title='bbox 1510 1038 1752 1080; x_wconf 87' lang='lat' dir='ltr'>testimoniis</span> <span class='ocrx_word' id='word_1_134' title='bbox 1773 1038 1912 1080; x_wconf 90' lang='lat' dir='ltr'>dicen-</span> 
     </span>
     <span class='ocr_line' id='line_1_14' title="bbox 163 1098 1911 1155; baseline 0.001 -14"><span class='ocrx_word' id='word_1_135' title='bbox 163 1099 222 1141; x_wconf 90' lang='lat' dir='ltr'>dis</span> <span class='ocrx_word' id='word_1_136' title='bbox 253 1098 369 1155; x_wconf 86' lang='lat' dir='ltr'>quasi</span> <span class='ocrx_word' id='word_1_137' title='bbox 401 1098 443 1140; x_wconf 89' lang='lat' dir='ltr'>in</span> <span class='ocrx_word' id='word_1_138' title='bbox 473 1104 558 1140; x_wconf 90' lang='lat' dir='ltr'>arte</span> <span class='ocrx_word' id='word_1_139' title='bbox 591 1102 782 1141; x_wconf 73' lang='lat' dir='ltr'>tradere?</span> <span class='ocrx_word' id='word_1_140' title='bbox 832 1102 925 1142; x_wconf 83' lang='lat' dir='ltr'><strong>XII.</strong></span> <span class='ocrx_word' id='word_1_141' title='bbox 960 1101 1028 1141; x_wconf 72' lang='lat'><strong>[1-9.</strong></span> <span class='ocrx_word' id='word_1_142' title='bbox 1064 1101 1174 1140; x_wconf 87' lang='lat' dir='ltr'>Nihil</span> <span class='ocrx_word' id='word_1_143' title='bbox 1205 1113 1323 1146; x_wconf 89' lang='lat' dir='ltr'>sane,</span> <span class='ocrx_word' id='word_1_144' title='bbox 1355 1099 1488 1154; x_wconf 91' lang='lat' dir='ltr'>inquit</span> <span class='ocrx_word' id='word_1_145' title='bbox 1521 1100 1711 1150; x_wconf 90' lang='lat' dir='ltr'>Catulus,</span> <span class='ocrx_word' id='word_1_146' title='bbox 1744 1115 1911 1144; x_wconf 88' lang='lat' dir='ltr'>necesse</span> 
     </span>
     <span class='ocr_line' id='line_1_15' title="bbox 161 1160 1911 1219; baseline 0.002 -17"><span class='ocrx_word' id='word_1_147' title='bbox 161 1166 236 1202; x_wconf 88' lang='lat' dir='ltr'>est.</span> <span class='ocrx_word' id='word_1_148' title='bbox 297 1160 429 1211; x_wconf 89' lang='lat' dir='ltr'>Quid,</span> <span class='ocrx_word' id='word_1_149' title='bbox 462 1161 495 1202; x_wconf 94' lang='lat' dir='ltr'>si</span> <span class='ocrx_word' id='word_1_150' title='bbox 529 1162 652 1217; x_wconf 90' lang='lat' dir='ltr'>(quod</span> <span class='ocrx_word' id='word_1_151' title='bbox 682 1176 803 1217; x_wconf 88' lang='lat' dir='ltr'>saepe</span> <span class='ocrx_word' id='word_1_152' title='bbox 834 1163 1004 1204; x_wconf 91' lang='lat' dir='ltr'>summis</span> <span class='ocrx_word' id='word_1_153' title='bbox 1034 1162 1134 1204; x_wconf 89' lang='lat' dir='ltr'>viris</span> <span class='ocrx_word' id='word_1_154' title='bbox 1165 1161 1325 1207; x_wconf 87' lang='lat' dir='ltr'>accidit)</span> <span class='ocrx_word' id='word_1_155' title='bbox 1354 1164 1545 1204; x_wconf 89' lang='lat' dir='ltr'>mandata</span> <span class='ocrx_word' id='word_1_156' title='bbox 1566 1163 1646 1204; x_wconf 91' lang='lat' dir='ltr'>sint</span> <span class='ocrx_word' id='word_1_157' title='bbox 1667 1164 1911 1219; x_wconf 84' lang='lat' dir='ltr'>exponenda</span> 
     </span>
     <span class='ocr_line' id='line_1_16' title="bbox 159 1223 1957 1281; baseline 0.002 -17"><span class='ocrx_word' id='word_1_158' title='bbox 159 1228 228 1265; x_wconf 90' lang='lat' dir='ltr'>aut</span> <span class='ocrx_word' id='word_1_159' title='bbox 267 1223 310 1264; x_wconf 92' lang='lat' dir='ltr'>in</span> <span class='ocrx_word' id='word_1_160' title='bbox 351 1229 494 1265; x_wconf 89' lang='lat' dir='ltr'>senatu</span> <span class='ocrx_word' id='word_1_161' title='bbox 532 1224 582 1265; x_wconf 89' lang='lat' dir='ltr'>ab</span> <span class='ocrx_word' id='word_1_162' title='bbox 624 1226 871 1280; x_wconf 87' lang='lat' dir='ltr'>imperatore</span> <span class='ocrx_word' id='word_1_163' title='bbox 909 1231 977 1266; x_wconf 86' lang='lat' dir='ltr'>aut</span> <span class='ocrx_word' id='word_1_164' title='bbox 1006 1227 1056 1267; x_wconf 89' lang='lat' dir='ltr'>ad</span> <span class='ocrx_word' id='word_1_165' title='bbox 1087 1227 1380 1280; x_wconf 87' lang='lat' dir='ltr'>imperatorem</span> <span class='ocrx_word' id='word_1_166' title='bbox 1411 1231 1481 1266; x_wconf 91' lang='lat' dir='ltr'>aut</span> <span class='ocrx_word' id='word_1_167' title='bbox 1510 1228 1560 1267; x_wconf 90' lang='lat' dir='ltr'>ad</span> <span class='ocrx_word' id='word_1_168' title='bbox 1591 1239 1732 1281; x_wconf 88' lang='lat' dir='ltr'>regem</span> <span class='ocrx_word' id='word_1_169' title='bbox 1763 1232 1831 1268; x_wconf 90' lang='lat' dir='ltr'>aut</span> <span class='ocrx_word' id='word_1_170' title='bbox 1860 1226 1910 1269; x_wconf 87' lang='lat' dir='ltr'>ad</span> <span class='ocrx_word' id='word_1_171' title='bbox 1923 1237 1957 1264; x_wconf 79' lang='lat'>15</span> 
     </span>
     <span class='ocr_line' id='line_1_17' title="bbox 158 1285 1910 1344; baseline 0.002 -17"><span class='ocrx_word' id='word_1_172' title='bbox 158 1285 356 1342; x_wconf 91' lang='lat' dir='ltr'>populum</span> <span class='ocrx_word' id='word_1_173' title='bbox 399 1286 576 1342; x_wconf 83' lang='lat' dir='ltr'>aliquem</span> <span class='ocrx_word' id='word_1_174' title='bbox 615 1301 637 1329; x_wconf 91' lang='lat' dir='ltr'>a</span> <span class='ocrx_word' id='word_1_175' title='bbox 666 1293 833 1336; x_wconf 89' lang='lat' dir='ltr'>senatu,</span> <span class='ocrx_word' id='word_1_176' title='bbox 885 1302 982 1329; x_wconf 92' lang='lat' dir='ltr'>num</span> <span class='ocrx_word' id='word_1_177' title='bbox 1027 1287 1121 1344; x_wconf 89' lang='lat' dir='ltr'>quia</span> <span class='ocrx_word' id='word_1_178' title='bbox 1163 1300 1314 1341; x_wconf 85' lang='lat' dir='ltr'>genere</span> <span class='ocrx_word' id='word_1_179' title='bbox 1355 1288 1553 1329; x_wconf 89' lang='lat' dir='ltr'>orationis</span> <span class='ocrx_word' id='word_1_180' title='bbox 1592 1288 1634 1329; x_wconf 93' lang='lat' dir='ltr'>in</span> <span class='ocrx_word' id='word_1_181' title='bbox 1674 1288 1910 1331; x_wconf 89' lang='lat' dir='ltr'>huiusmodi</span> 
     </span>
     <span class='ocr_line' id='line_1_18' title="bbox 160 1348 1911 1405; baseline 0.002 -15"><span class='ocrx_word' id='word_1_182' title='bbox 160 1348 292 1390; x_wconf 91' lang='lat' dir='ltr'>causis</span> <span class='ocrx_word' id='word_1_183' title='bbox 322 1349 579 1391; x_wconf 82' lang='lat' dir='ltr'>accuratiore</span> <span class='ocrx_word' id='word_1_184' title='bbox 610 1355 670 1391; x_wconf 91' lang='lat' dir='ltr'>est</span> <span class='ocrx_word' id='word_1_185' title='bbox 699 1349 922 1398; x_wconf 90' lang='lat' dir='ltr'>utendum,</span> <span class='ocrx_word' id='word_1_186' title='bbox 971 1349 1128 1391; x_wconf 91' lang='lat' dir='ltr'>idcirco</span> <span class='ocrx_word' id='word_1_187' title='bbox 1168 1349 1290 1390; x_wconf 90' lang='lat' dir='ltr'>etiam</span> <span class='ocrx_word' id='word_1_188' title='bbox 1329 1364 1421 1405; x_wconf 87' lang='lat' dir='ltr'>pars</span> <span class='ocrx_word' id='word_1_189' title='bbox 1460 1349 1560 1391; x_wconf 86' lang='lat' dir='ltr'>haec</span> <span class='ocrx_word' id='word_1_190' title='bbox 1591 1364 1805 1393; x_wconf 89' lang='lat' dir='ltr'>causarum</span> <span class='ocrx_word' id='word_1_191' title='bbox 1836 1367 1911 1393; x_wconf 93' lang='lat' dir='ltr'>nu-</span> 
     </span>
     <span class='ocr_line' id='line_1_19' title="bbox 158 1411 1912 1470; baseline 0.001 -17"><span class='ocrx_word' id='word_1_192' title='bbox 158 1413 355 1453; x_wconf 89' lang='lat' dir='ltr'>meranda</span> <span class='ocrx_word' id='word_1_193' title='bbox 384 1411 548 1454; x_wconf 82' lang='lat' dir='ltr'>videtur</span> <span class='ocrx_word' id='word_1_194' title='bbox 577 1418 646 1454; x_wconf 92' lang='lat' dir='ltr'>aut</span> <span class='ocrx_word' id='word_1_195' title='bbox 675 1412 854 1467; x_wconf 89' lang='lat' dir='ltr'>propriis</span> <span class='ocrx_word' id='word_1_196' title='bbox 882 1413 1113 1467; x_wconf 87' lang='lat' dir='ltr'>praeceptis</span> <span class='ocrx_word' id='word_1_197' title='bbox 1134 1411 1404 1454; x_wconf 77' lang='lat' dir='ltr'>instruenda?</span> <span class='ocrx_word' id='word_1_198' title='bbox 1435 1412 1604 1454; x_wconf 91' lang='lat' dir='ltr'>Minime</span> <span class='ocrx_word' id='word_1_199' title='bbox 1625 1427 1746 1462; x_wconf 88' lang='lat' dir='ltr'>vero,</span> <span class='ocrx_word' id='word_1_200' title='bbox 1779 1413 1912 1470; x_wconf 90' lang='lat' dir='ltr'>inquit</span> 
     </span>
     <span class='ocr_line' id='line_1_20' title="bbox 159 1474 1910 1524; baseline 0.002 -9"><span class='ocrx_word' id='word_1_201' title='bbox 159 1474 344 1524; x_wconf 89' lang='lat' dir='ltr'>Catulus;</span> <span class='ocrx_word' id='word_1_202' title='bbox 389 1489 472 1516; x_wconf 90' lang='lat' dir='ltr'>non</span> <span class='ocrx_word' id='word_1_203' title='bbox 512 1476 620 1515; x_wconf 92' lang='lat' dir='ltr'>enim</span> <span class='ocrx_word' id='word_1_204' title='bbox 662 1474 792 1516; x_wconf 89' lang='lat' dir='ltr'>deerit</span> <span class='ocrx_word' id='word_1_205' title='bbox 826 1474 983 1516; x_wconf 91' lang='lat' dir='ltr'>homini</span> <span class='ocrx_word' id='word_1_206' title='bbox 1014 1475 1167 1516; x_wconf 90' lang='lat' dir='ltr'>diserto</span> <span class='ocrx_word' id='word_1_207' title='bbox 1199 1476 1240 1516; x_wconf 89' lang='lat' dir='ltr'>in</span> <span class='ocrx_word' id='word_1_208' title='bbox 1271 1474 1475 1517; x_wconf 89' lang='lat' dir='ltr'>eiusmodi</span> <span class='ocrx_word' id='word_1_209' title='bbox 1506 1477 1630 1517; x_wconf 89' lang='lat' dir='ltr'>rebus</span> <span class='ocrx_word' id='word_1_210' title='bbox 1659 1475 1829 1517; x_wconf 86' lang='lat' dir='ltr'>facultas</span> <span class='ocrx_word' id='word_1_211' title='bbox 1859 1491 1910 1518; x_wconf 87' lang='lat' dir='ltr'>ex</span> 
     </span>
     <span class='ocr_line' id='line_1_21' title="bbox 159 1536 1959 1594; baseline -0.001 -15"><span class='ocrx_word' id='word_1_212' title='bbox 159 1539 310 1579; x_wconf 89' lang='lat' dir='ltr'>ceteris</span> <span class='ocrx_word' id='word_1_213' title='bbox 340 1536 465 1579; x_wconf 91' lang='lat' dir='ltr'>rebus</span> <span class='ocrx_word' id='word_1_214' title='bbox 495 1542 535 1578; x_wconf 89' lang='lat' dir='ltr'>et</span> <span class='ocrx_word' id='word_1_215' title='bbox 564 1537 698 1578; x_wconf 90' lang='lat' dir='ltr'>causis</span> <span class='ocrx_word' id='word_1_216' title='bbox 728 1543 977 1593; x_wconf 89' lang='lat' dir='ltr'>comparata.</span> <span class='ocrx_word' id='word_1_217' title='bbox 1039 1539 1106 1578; x_wconf 86' lang='lat'><strong>50.</strong></span> <span class='ocrx_word' id='word_1_218' title='bbox 1150 1539 1262 1591; x_wconf 85' lang='lat' dir='ltr'>Ergo</span> <span class='ocrx_word' id='word_1_219' title='bbox 1302 1539 1420 1586; x_wconf 92' lang='lat' dir='ltr'>item,</span> <span class='ocrx_word' id='word_1_220' title='bbox 1460 1539 1615 1594; x_wconf 87' lang='lat' dir='ltr'>inquit,</span> <span class='ocrx_word' id='word_1_221' title='bbox 1663 1538 1754 1586; x_wconf 89' lang='lat' dir='ltr'>illa,</span> <span class='ocrx_word' id='word_1_222' title='bbox 1805 1552 1959 1594; x_wconf 73' lang='lat' dir='ltr'>quaeoeo</span> 
     </span>
     <span class='ocr_line' id='line_1_22' title="bbox 159 1599 1910 1656; baseline 0 -14"><span class='ocrx_word' id='word_1_223' title='bbox 159 1614 282 1655; x_wconf 88' lang='lat' dir='ltr'>saepe</span> <span class='ocrx_word' id='word_1_224' title='bbox 312 1599 463 1641; x_wconf 86' lang='lat' dir='ltr'>diserte</span> <span class='ocrx_word' id='word_1_225' title='bbox 493 1602 652 1654; x_wconf 86' lang='lat' dir='ltr'>agenda</span> <span class='ocrx_word' id='word_1_226' title='bbox 682 1604 844 1641; x_wconf 91' lang='lat' dir='ltr'>suntet</span> <span class='ocrx_word' id='word_1_227' title='bbox 879 1612 985 1655; x_wconf 89' lang='lat' dir='ltr'>quae</span> <span class='ocrx_word' id='word_1_228' title='bbox 1026 1612 1104 1654; x_wconf 84' lang='lat' dir='ltr'>ego</span> <span class='ocrx_word' id='word_1_229' title='bbox 1144 1600 1282 1654; x_wconf 91' lang='lat' dir='ltr'>paullo</span> <span class='ocrx_word' id='word_1_230' title='bbox 1327 1605 1446 1649; x_wconf 89' lang='lat' dir='ltr'>ante,</span> <span class='ocrx_word' id='word_1_231' title='bbox 1496 1614 1588 1642; x_wconf 91' lang='lat' dir='ltr'>cum</span> <span class='ocrx_word' id='word_1_232' title='bbox 1631 1600 1910 1656; x_wconf 89' lang='lat' dir='ltr'>eloquentiam</span> 
     </span>
     <span class='ocr_line' id='line_1_23' title="bbox 157 1661 1910 1717; baseline 0.001 -13"><span class='ocrx_word' id='word_1_233' title='bbox 157 1661 394 1710; x_wconf 89' lang='lat' dir='ltr'>laudarem,</span> <span class='ocrx_word' id='word_1_234' title='bbox 438 1662 523 1704; x_wconf 88' lang='lat' dir='ltr'>dixi</span> <span class='ocrx_word' id='word_1_235' title='bbox 554 1662 730 1704; x_wconf 90' lang='lat' dir='ltr'>oratoris</span> <span class='ocrx_word' id='word_1_236' title='bbox 761 1676 872 1711; x_wconf 90' lang='lat' dir='ltr'>esse,</span> <span class='ocrx_word' id='word_1_237' title='bbox 913 1675 1048 1717; x_wconf 88' lang='lat' dir='ltr'>neque</span> <span class='ocrx_word' id='word_1_238' title='bbox 1077 1664 1230 1703; x_wconf 89' lang='lat' dir='ltr'>habent</span> <span class='ocrx_word' id='word_1_239' title='bbox 1259 1676 1378 1703; x_wconf 89' lang='lat' dir='ltr'>suum</span> <span class='ocrx_word' id='word_1_240' title='bbox 1409 1661 1545 1704; x_wconf 91' lang='lat' dir='ltr'>locum</span> <span class='ocrx_word' id='word_1_241' title='bbox 1575 1662 1703 1704; x_wconf 90' lang='lat' dir='ltr'>ullum</span> <span class='ocrx_word' id='word_1_242' title='bbox 1733 1664 1775 1703; x_wconf 89' lang='lat' dir='ltr'>in</span> <span class='ocrx_word' id='word_1_243' title='bbox 1806 1662 1910 1705; x_wconf 85' lang='lat' dir='ltr'>divi-</span> 
     </span>
     <span class='ocr_line' id='line_1_24' title="bbox 157 1724 1909 1781; baseline 0.001 -15"><span class='ocrx_word' id='word_1_244' title='bbox 157 1724 274 1767; x_wconf 90' lang='lat' dir='ltr'>sione</span> <span class='ocrx_word' id='word_1_245' title='bbox 318 1726 496 1781; x_wconf 90' lang='lat' dir='ltr'>partium</span> <span class='ocrx_word' id='word_1_246' title='bbox 536 1738 673 1780; x_wconf 88' lang='lat' dir='ltr'>neque</span> <span class='ocrx_word' id='word_1_247' title='bbox 718 1729 874 1766; x_wconf 88' lang='lat' dir='ltr'>certum</span> <span class='ocrx_word' id='word_1_248' title='bbox 914 1729 1230 1780; x_wconf 89' lang='lat' dir='ltr'>praeceptorum</span> <span class='ocrx_word' id='word_1_249' title='bbox 1270 1738 1398 1779; x_wconf 84' lang='lat' dir='ltr'>genus</span> <span class='ocrx_word' id='word_1_250' title='bbox 1428 1731 1468 1766; x_wconf 93' lang='lat' dir='ltr'>et</span> <span class='ocrx_word' id='word_1_251' title='bbox 1497 1727 1657 1778; x_wconf 85' lang='lat' dir='ltr'>agenda</span> <span class='ocrx_word' id='word_1_252' title='bbox 1696 1729 1790 1767; x_wconf 92' lang='lat' dir='ltr'>sunt</span> <span class='ocrx_word' id='word_1_253' title='bbox 1827 1739 1909 1767; x_wconf 93' lang='lat' dir='ltr'>non</span> 
     </span>
     <span class='ocr_line' id='line_1_25' title="bbox 158 1786 1911 1842; baseline 0.001 -14"><span class='ocrx_word' id='word_1_254' title='bbox 158 1789 293 1829; x_wconf 90' lang='lat' dir='ltr'>minus</span> <span class='ocrx_word' id='word_1_255' title='bbox 326 1788 500 1834; x_wconf 90' lang='lat' dir='ltr'>diserte,</span> <span class='ocrx_word' id='word_1_256' title='bbox 532 1800 651 1842; x_wconf 90' lang='lat' dir='ltr'>quam</span> <span class='ocrx_word' id='word_1_257' title='bbox 684 1800 789 1841; x_wconf 91' lang='lat' dir='ltr'>quae</span> <span class='ocrx_word' id='word_1_258' title='bbox 819 1786 861 1828; x_wconf 93' lang='lat' dir='ltr'>in</span> <span class='ocrx_word' id='word_1_259' title='bbox 892 1786 961 1828; x_wconf 90' lang='lat' dir='ltr'>lite</span> <span class='ocrx_word' id='word_1_260' title='bbox 988 1786 1200 1834; x_wconf 89' lang='lat' dir='ltr'>dicuntur,</span> <span class='ocrx_word' id='word_1_261' title='bbox 1232 1787 1490 1840; x_wconf 86' lang='lat' dir='ltr'>obiurgatio,</span> <span class='ocrx_word' id='word_1_262' title='bbox 1524 1789 1779 1837; x_wconf 92' lang='lat' dir='ltr'>cohortatio,</span> <span class='ocrx_word' id='word_1_263' title='bbox 1814 1801 1911 1830; x_wconf 89' lang='lat' dir='ltr'>con-</span> 
     </span>
     <span class='ocr_line' id='line_1_26' title="bbox 156 1848 1956 1905; baseline 0 -15"><span class='ocrx_word' id='word_1_264' title='bbox 156 1849 330 1898; x_wconf 86' lang='lat' dir='ltr'>solatio;</span> <span class='ocrx_word' id='word_1_265' title='bbox 377 1862 555 1903; x_wconf 93' lang='lat' dir='ltr'>quorum</span> <span class='ocrx_word' id='word_1_266' title='bbox 586 1848 686 1890; x_wconf 90' lang='lat' dir='ltr'>nihil</span> <span class='ocrx_word' id='word_1_267' title='bbox 717 1855 797 1899; x_wconf 87' lang='lat' dir='ltr'>est,</span> <span class='ocrx_word' id='word_1_268' title='bbox 839 1851 950 1905; x_wconf 89' lang='lat' dir='ltr'>quod</span> <span class='ocrx_word' id='word_1_269' title='bbox 982 1863 1063 1890; x_wconf 93' lang='lat' dir='ltr'>non</span> <span class='ocrx_word' id='word_1_270' title='bbox 1095 1862 1252 1890; x_wconf 89' lang='lat' dir='ltr'>summa</span> <span class='ocrx_word' id='word_1_271' title='bbox 1284 1850 1445 1891; x_wconf 90' lang='lat' dir='ltr'>dicendi</span> <span class='ocrx_word' id='word_1_272' title='bbox 1476 1855 1719 1891; x_wconf 86' lang='lat' dir='ltr'>ornamenta</span> <span class='ocrx_word' id='word_1_273' title='bbox 1749 1850 1906 1892; x_wconf 90' lang='lat' dir='ltr'>deside-</span> <span class='ocrx_word' id='word_1_274' title='bbox 1922 1865 1956 1890; x_wconf 85' lang='lat'>25</span> 
     </span>
     <span class='ocr_line' id='line_1_27' title="bbox 155 1910 1902 1968; baseline 0.001 -15"><span class='ocrx_word' id='word_1_275' title='bbox 155 1916 241 1961; x_wconf 83' lang='lat' dir='ltr'>ret3</span> <span class='ocrx_word' id='word_1_276' title='bbox 293 1912 365 1952; x_wconf 91' lang='lat' dir='ltr'>sed</span> <span class='ocrx_word' id='word_1_277' title='bbox 403 1923 455 1952; x_wconf 84' lang='lat' dir='ltr'>ex</span> <span class='ocrx_word' id='word_1_278' title='bbox 494 1910 668 1952; x_wconf 88' lang='lat' dir='ltr'>artificio</span> <span class='ocrx_word' id='word_1_279' title='bbox 704 1925 772 1953; x_wconf 93' lang='lat' dir='ltr'>res</span> <span class='ocrx_word' id='word_1_280' title='bbox 807 1913 909 1953; x_wconf 88' lang='lat' dir='ltr'>istae</span> <span class='ocrx_word' id='word_1_281' title='bbox 940 1917 1157 1967; x_wconf 87' lang='lat' dir='ltr'>praecepta</span> <span class='ocrx_word' id='word_1_282' title='bbox 1185 1925 1270 1954; x_wconf 94' lang='lat' dir='ltr'>non</span> <span class='ocrx_word' id='word_1_283' title='bbox 1300 1917 1517 1966; x_wconf 88' lang='lat' dir='ltr'>quaerunt.</span> <span class='ocrx_word' id='word_1_284' title='bbox 1576 1914 1721 1960; x_wconf 90' lang='lat' dir='ltr'>Plane,</span> <span class='ocrx_word' id='word_1_285' title='bbox 1768 1913 1902 1968; x_wconf 91' lang='lat' dir='ltr'>inquit</span> 
     </span>
     <span class='ocr_line' id='line_1_28' title="bbox 156 1972 598 2022; baseline -0.002 -7"><span class='ocrx_word' id='word_1_286' title='bbox 156 1974 348 2022; x_wconf 90' lang='lat' dir='ltr'>Catulus,</span> <span class='ocrx_word' id='word_1_287' title='bbox 381 1972 598 2014; x_wconf 90' lang='lat' dir='ltr'>assentior.</span> 
     </span>
    </p>

    <p class='ocr_par' dir='ltr' id='par_1_3' title="bbox 154 2035 1955 2905">
     <span class='ocr_line' id='line_1_29' title="bbox 265 2035 1908 2092; baseline 0 -15"><span class='ocrx_word' id='word_1_288' title='bbox 265 2038 334 2077; x_wconf 89' lang='lat'>51.</span> <span class='ocrx_word' id='word_1_289' title='bbox 366 2038 452 2090; x_wconf 88' lang='lat' dir='ltr'>Age</span> <span class='ocrx_word' id='word_1_290' title='bbox 483 2049 610 2085; x_wconf 89' lang='lat' dir='ltr'>vero,</span> <span class='ocrx_word' id='word_1_291' title='bbox 642 2036 774 2092; x_wconf 87' lang='lat' dir='ltr'>inquit</span> <span class='ocrx_word' id='word_1_292' title='bbox 803 2035 1027 2084; x_wconf 88' lang='lat' dir='ltr'>Antonius,</span> <span class='ocrx_word' id='word_1_293' title='bbox 1060 2035 1191 2091; x_wconf 88' lang='lat' dir='ltr'>qualis</span> <span class='ocrx_word' id='word_1_294' title='bbox 1222 2036 1399 2078; x_wconf 86' lang='lat' dir='ltr'>oratoris</span> <span class='ocrx_word' id='word_1_295' title='bbox 1429 2040 1470 2078; x_wconf 91' lang='lat' dir='ltr'>et</span> <span class='ocrx_word' id='word_1_296' title='bbox 1499 2037 1641 2092; x_wconf 88' lang='lat' dir='ltr'>quanti</span> <span class='ocrx_word' id='word_1_297' title='bbox 1666 2035 1846 2077; x_wconf 90' lang='lat' dir='ltr'>hominis</span> <span class='ocrx_word' id='word_1_298' title='bbox 1866 2036 1908 2078; x_wconf 91' lang='lat' dir='ltr'>in</span> 
     </span>
     <span class='ocr_line' id='line_1_30' title="bbox 155 2096 1906 2153; baseline 0.001 -14"><span class='ocrx_word' id='word_1_299' title='bbox 155 2096 331 2140; x_wconf 91' lang='lat' dir='ltr'>dicendo</span> <span class='ocrx_word' id='word_1_300' title='bbox 361 2103 478 2153; x_wconf 88' lang='lat' dir='ltr'>putas</span> <span class='ocrx_word' id='word_1_301' title='bbox 509 2111 599 2139; x_wconf 89' lang='lat' dir='ltr'>esse</span> <span class='ocrx_word' id='word_1_302' title='bbox 620 2097 834 2139; x_wconf 89' lang='lat' dir='ltr'>historiam</span> <span class='ocrx_word' id='word_1_303' title='bbox 854 2097 1069 2140; x_wconf 76' lang='lat' dir='ltr'>scribere?</span> <span class='ocrx_word' id='word_1_304' title='bbox 1101 2099 1167 2148; x_wconf 90' lang='lat' dir='ltr'>Si,</span> <span class='ocrx_word' id='word_1_305' title='bbox 1199 2106 1245 2141; x_wconf 89' lang='lat' dir='ltr'>ut</span> <span class='ocrx_word' id='word_1_306' title='bbox 1266 2100 1409 2141; x_wconf 88' lang='lat' dir='ltr'>Graeci</span> <span class='ocrx_word' id='word_1_307' title='bbox 1431 2100 1711 2153; x_wconf 91' lang='lat' dir='ltr'>scripserunt,</span> <span class='ocrx_word' id='word_1_308' title='bbox 1745 2099 1906 2148; x_wconf 89' lang='lat' dir='ltr'>summi,</span> 
     </span>
     <span class='ocr_line' id='line_1_31' title="bbox 156 2159 1955 2216; baseline 0.001 -15"><span class='ocrx_word' id='word_1_309' title='bbox 156 2161 289 2216; x_wconf 88' lang='lat' dir='ltr'>inquit</span> <span class='ocrx_word' id='word_1_310' title='bbox 319 2161 506 2210; x_wconf 90' lang='lat' dir='ltr'>Catulus;</span> <span class='ocrx_word' id='word_1_311' title='bbox 537 2160 591 2208; x_wconf 92' lang='lat' dir='ltr'>si,</span> <span class='ocrx_word' id='word_1_312' title='bbox 622 2165 668 2202; x_wconf 88' lang='lat' dir='ltr'>ut</span> <span class='ocrx_word' id='word_1_313' title='bbox 696 2159 847 2209; x_wconf 90' lang='lat' dir='ltr'>nostri,</span> <span class='ocrx_word' id='word_1_314' title='bbox 892 2159 994 2201; x_wconf 91' lang='lat' dir='ltr'>nihil</span> <span class='ocrx_word' id='word_1_315' title='bbox 1026 2174 1131 2215; x_wconf 88' lang='lat' dir='ltr'>opus</span> <span class='ocrx_word' id='word_1_316' title='bbox 1162 2168 1223 2204; x_wconf 90' lang='lat' dir='ltr'>est</span> <span class='ocrx_word' id='word_1_317' title='bbox 1252 2167 1442 2211; x_wconf 89' lang='lat' dir='ltr'>oratore;</span> <span class='ocrx_word' id='word_1_318' title='bbox 1488 2161 1585 2204; x_wconf 90' lang='lat' dir='ltr'>satis</span> <span class='ocrx_word' id='word_1_319' title='bbox 1616 2167 1678 2203; x_wconf 92' lang='lat' dir='ltr'>est</span> <span class='ocrx_word' id='word_1_320' title='bbox 1705 2175 1788 2202; x_wconf 92' lang='lat' dir='ltr'>non</span> <span class='ocrx_word' id='word_1_321' title='bbox 1819 2175 1907 2203; x_wconf 88' lang='lat' dir='ltr'>esse</span> <span class='ocrx_word' id='word_1_322' title='bbox 1920 2176 1955 2202; x_wconf 88' lang='lat'>³0</span> 
     </span>
     <span class='ocr_line' id='line_1_32' title="bbox 159 2222 1907 2280; baseline 0.002 -17"><span class='ocrx_word' id='word_1_323' title='bbox 159 2224 413 2264; x_wconf 88' lang='lat' dir='ltr'>mendacem.</span> <span class='ocrx_word' id='word_1_324' title='bbox 472 2222 620 2277; x_wconf 88' lang='lat' dir='ltr'>Atqui,</span> <span class='ocrx_word' id='word_1_325' title='bbox 653 2236 704 2263; x_wconf 91' lang='lat' dir='ltr'>ne</span> <span class='ocrx_word' id='word_1_326' title='bbox 733 2227 898 2264; x_wconf 90' lang='lat' dir='ltr'>nostros</span> <span class='ocrx_word' id='word_1_327' title='bbox 929 2228 1196 2274; x_wconf 87' lang='lat' dir='ltr'>contemnas,</span> <span class='ocrx_word' id='word_1_328' title='bbox 1229 2224 1361 2280; x_wconf 88' lang='lat' dir='ltr'>inquit</span> <span class='ocrx_word' id='word_1_329' title='bbox 1380 2224 1602 2272; x_wconf 88' lang='lat' dir='ltr'>Antonius,</span> <span class='ocrx_word' id='word_1_330' title='bbox 1636 2225 1783 2266; x_wconf 87' lang='lat' dir='ltr'>Graeci</span> <span class='ocrx_word' id='word_1_331' title='bbox 1804 2238 1907 2278; x_wconf 85' lang='lat' dir='ltr'>quo-</span> 
     </span>
     <span class='ocr_line' id='line_1_33' title="bbox 157 2284 1903 2341; baseline 0 -14"><span class='ocrx_word' id='word_1_332' title='bbox 157 2299 238 2341; x_wconf 86' lang='lat' dir='ltr'>que</span> <span class='ocrx_word' id='word_1_333' title='bbox 268 2285 345 2341; x_wconf 90' lang='lat' dir='ltr'>ipsi</span> <span class='ocrx_word' id='word_1_334' title='bbox 374 2285 431 2326; x_wconf 90' lang='lat' dir='ltr'>sic</span> <span class='ocrx_word' id='word_1_335' title='bbox 472 2284 588 2326; x_wconf 90' lang='lat' dir='ltr'>initio</span> <span class='ocrx_word' id='word_1_336' title='bbox 628 2285 930 2340; x_wconf 86' lang='lat' dir='ltr'>scriptitarunt,</span> <span class='ocrx_word' id='word_1_337' title='bbox 980 2292 1026 2328; x_wconf 91' lang='lat' dir='ltr'>ut</span> <span class='ocrx_word' id='word_1_338' title='bbox 1064 2292 1209 2329; x_wconf 89' lang='lat' dir='ltr'>noster</span> <span class='ocrx_word' id='word_1_339' title='bbox 1253 2287 1370 2334; x_wconf 74' lang='lat' dir='ltr'>Cam,</span> <span class='ocrx_word' id='word_1_340' title='bbox 1420 2292 1465 2328; x_wconf 92' lang='lat' dir='ltr'>ut</span> <span class='ocrx_word' id='word_1_341' title='bbox 1502 2287 1658 2335; x_wconf 89' lang='lat' dir='ltr'>Pictor,</span> <span class='ocrx_word' id='word_1_342' title='bbox 1710 2291 1756 2328; x_wconf 90' lang='lat' dir='ltr'>ut</span> <span class='ocrx_word' id='word_1_343' title='bbox 1794 2286 1903 2327; x_wconf 80' lang='lat' dir='ltr'>Piso.</span> 
     </span>
     <span class='ocr_line' id='line_1_34' title="bbox 155 2347 1906 2399; baseline 0.001 -10"><span class='ocrx_word' id='word_1_344' title='bbox 155 2350 222 2389; x_wconf 80' lang='lat'><strong>52.</strong></span> <span class='ocrx_word' id='word_1_345' title='bbox 271 2349 369 2389; x_wconf 86' lang='lat' dir='ltr'>Erat</span> <span class='ocrx_word' id='word_1_346' title='bbox 410 2348 518 2388; x_wconf 91' lang='lat' dir='ltr'>enim</span> <span class='ocrx_word' id='word_1_347' title='bbox 558 2347 730 2389; x_wconf 89' lang='lat' dir='ltr'>historia</span> <span class='ocrx_word' id='word_1_348' title='bbox 766 2348 866 2389; x_wconf 89' lang='lat' dir='ltr'>nihil</span> <span class='ocrx_word' id='word_1_349' title='bbox 905 2348 1018 2390; x_wconf 89' lang='lat' dir='ltr'>aliud</span> <span class='ocrx_word' id='word_1_350' title='bbox 1055 2349 1135 2391; x_wconf 89' lang='lat' dir='ltr'>nisi</span> <span class='ocrx_word' id='word_1_351' title='bbox 1176 2349 1382 2391; x_wconf 90' lang='lat' dir='ltr'>annalium</span> <span class='ocrx_word' id='word_1_352' title='bbox 1425 2348 1652 2399; x_wconf 81' lang='lat' dir='ltr'>confecti03</span> <span class='ocrx_word' id='word_1_353' title='bbox 1700 2348 1815 2390; x_wconf 92' lang='lat' dir='ltr'>cuius</span> <span class='ocrx_word' id='word_1_354' title='bbox 1844 2348 1906 2390; x_wconf 89' lang='lat' dir='ltr'>rei</span> 
     </span>
     <span class='ocr_line' id='line_1_35' title="bbox 155 2409 1905 2467; baseline 0.001 -16"><span class='ocrx_word' id='word_1_355' title='bbox 155 2409 463 2464; x_wconf 89' lang='lat' dir='ltr'>memoriaeque</span> <span class='ocrx_word' id='word_1_356' title='bbox 488 2409 680 2462; x_wconf 89' lang='lat' dir='ltr'>publicae</span> <span class='ocrx_word' id='word_1_357' title='bbox 707 2409 946 2452; x_wconf 90' lang='lat' dir='ltr'>retinendae</span> <span class='ocrx_word' id='word_1_358' title='bbox 974 2425 1096 2453; x_wconf 88' lang='lat' dir='ltr'>causa</span> <span class='ocrx_word' id='word_1_359' title='bbox 1119 2410 1170 2453; x_wconf 90' lang='lat' dir='ltr'>ab</span> <span class='ocrx_word' id='word_1_360' title='bbox 1191 2411 1308 2453; x_wconf 90' lang='lat' dir='ltr'>initio</span> <span class='ocrx_word' id='word_1_361' title='bbox 1323 2427 1463 2454; x_wconf 90' lang='lat' dir='ltr'>rerum</span> <span class='ocrx_word' id='word_1_362' title='bbox 1478 2415 1755 2454; x_wconf 85' lang='lat' dir='ltr'>Romanarum</span> <span class='ocrx_word' id='word_1_363' title='bbox 1777 2425 1905 2467; x_wconf 91' lang='lat' dir='ltr'>usque</span> 
     </span>
     <span class='ocr_line' id='line_1_36' title="bbox 154 2470 1952 2529; baseline -0.001 -14"><span class='ocrx_word' id='word_1_364' title='bbox 154 2475 206 2515; x_wconf 87' lang='lat' dir='ltr'>ad</span> <span class='ocrx_word' id='word_1_365' title='bbox 236 2474 279 2513; x_wconf 94' lang='lat' dir='ltr'>P.</span> <span class='ocrx_word' id='word_1_366' title='bbox 302 2474 505 2520; x_wconf 90' lang='lat' dir='ltr'>Mucium,</span> <span class='ocrx_word' id='word_1_367' title='bbox 555 2470 790 2525; x_wconf 88' lang='lat' dir='ltr'>pontificem</span> <span class='ocrx_word' id='word_1_368' title='bbox 831 2472 1081 2523; x_wconf 87' lang='lat' dir='ltr'>maximum,</span> <span class='ocrx_word' id='word_1_369' title='bbox 1130 2488 1195 2515; x_wconf 91' lang='lat' dir='ltr'>res</span> <span class='ocrx_word' id='word_1_370' title='bbox 1235 2487 1378 2516; x_wconf 89' lang='lat' dir='ltr'>omnes</span> <span class='ocrx_word' id='word_1_371' title='bbox 1417 2475 1673 2529; x_wconf 83' lang='lat' dir='ltr'>singulorum</span> <span class='ocrx_word' id='word_1_372' title='bbox 1703 2488 1902 2515; x_wconf 89' lang='lat' dir='ltr'>annorum</span> <span class='ocrx_word' id='word_1_373' title='bbox 1917 2487 1952 2512; x_wconf 79' lang='lat'>³5</span> 
     </span>
     <span class='ocr_line' id='line_1_37' title="bbox 154 2532 1905 2593; baseline 0 -17"><span class='ocrx_word' id='word_1_374' title='bbox 154 2532 372 2576; x_wconf 88' lang='lat' dir='ltr'>mandabat</span> <span class='ocrx_word' id='word_1_375' title='bbox 401 2533 548 2575; x_wconf 90' lang='lat' dir='ltr'>litteris</span> <span class='ocrx_word' id='word_1_376' title='bbox 579 2533 766 2587; x_wconf 81' lang='lat' dir='ltr'>pontifex</span> <span class='ocrx_word' id='word_1_377' title='bbox 795 2535 998 2577; x_wconf 84' lang='lat' dir='ltr'>maximus</span> <span class='ocrx_word' id='word_1_378' title='bbox 1028 2535 1319 2591; x_wconf 87' lang='lat' dir='ltr'>referebatque</span> <span class='ocrx_word' id='word_1_379' title='bbox 1348 2538 1391 2579; x_wconf 91' lang='lat' dir='ltr'>in</span> <span class='ocrx_word' id='word_1_380' title='bbox 1422 2538 1560 2579; x_wconf 92' lang='lat' dir='ltr'>album</span> <span class='ocrx_word' id='word_1_381' title='bbox 1583 2543 1625 2579; x_wconf 87' lang='lat' dir='ltr'>et</span> <span class='ocrx_word' id='word_1_382' title='bbox 1646 2538 1905 2593; x_wconf 87' lang='lat' dir='ltr'>proponebat</span> 
     </span>
     <span class='ocr_line' id='line_1_38' title="bbox 154 2595 1903 2655; baseline 0.001 -17"><span class='ocrx_word' id='word_1_383' title='bbox 154 2597 337 2638; x_wconf 87' lang='lat' dir='ltr'>tabulam</span> <span class='ocrx_word' id='word_1_384' title='bbox 368 2595 504 2643; x_wconf 92' lang='lat' dir='ltr'>domi,</span> <span class='ocrx_word' id='word_1_385' title='bbox 538 2601 719 2649; x_wconf 88' lang='lat' dir='ltr'>potestas</span> <span class='ocrx_word' id='word_1_386' title='bbox 749 2602 793 2638; x_wconf 91' lang='lat' dir='ltr'>ut</span> <span class='ocrx_word' id='word_1_387' title='bbox 823 2603 931 2639; x_wconf 90' lang='lat' dir='ltr'>esset</span> <span class='ocrx_word' id='word_1_388' title='bbox 959 2599 1113 2653; x_wconf 87' lang='lat' dir='ltr'>populo</span> <span class='ocrx_word' id='word_1_389' title='bbox 1145 2600 1444 2653; x_wconf 80' lang='lat' dir='ltr'>cognoscendi3</span> <span class='ocrx_word' id='word_1_390' title='bbox 1489 2600 1539 2649; x_wconf 88' lang='lat' dir='ltr'>ii,</span> <span class='ocrx_word' id='word_1_391' title='bbox 1572 2599 1641 2655; x_wconf 88' lang='lat' dir='ltr'>qui</span> <span class='ocrx_word' id='word_1_392' title='bbox 1676 2599 1903 2640; x_wconf 88' lang='lat' dir='ltr'>etiamnunc</span> 
     </span>
     <span class='ocr_line' id='line_1_39' title="bbox 156 2657 1903 2704; baseline 0.001 -5"><span class='ocrx_word' id='word_1_393' title='bbox 156 2660 321 2700; x_wconf 89' lang='lat' dir='ltr'>annales</span> <span class='ocrx_word' id='word_1_394' title='bbox 365 2657 533 2700; x_wconf 84' lang='lat' dir='ltr'>maximi</span> <span class='ocrx_word' id='word_1_395' title='bbox 574 2661 849 2701; x_wconf 89' lang='lat' dir='ltr'>nominantur.</span> <span class='ocrx_word' id='word_1_396' title='bbox 908 2662 975 2702; x_wconf 89' lang='lat'>53.</span> <span class='ocrx_word' id='word_1_397' title='bbox 1023 2663 1138 2702; x_wconf 89' lang='lat' dir='ltr'>Hanc</span> <span class='ocrx_word' id='word_1_398' title='bbox 1179 2661 1489 2704; x_wconf 90' lang='lat' dir='ltr'>similitudinem</span> <span class='ocrx_word' id='word_1_399' title='bbox 1535 2663 1740 2704; x_wconf 89' lang='lat' dir='ltr'>scribendi</span> <span class='ocrx_word' id='word_1_400' title='bbox 1786 2660 1903 2702; x_wconf 91' lang='lat' dir='ltr'>multi</span> 
     </span>
     <span class='ocr_line' id='line_1_40' title="bbox 157 2720 1904 2779; baseline 0.001 -17"><span class='ocrx_word' id='word_1_401' title='bbox 157 2720 286 2762; x_wconf 89' lang='lat' dir='ltr'>secuti</span> <span class='ocrx_word' id='word_1_402' title='bbox 315 2727 432 2771; x_wconf 92' lang='lat' dir='ltr'>sunt,</span> <span class='ocrx_word' id='word_1_403' title='bbox 465 2720 535 2776; x_wconf 94' lang='lat' dir='ltr'>qui</span> <span class='ocrx_word' id='word_1_404' title='bbox 566 2722 655 2762; x_wconf 88' lang='lat' dir='ltr'>sine</span> <span class='ocrx_word' id='word_1_405' title='bbox 685 2721 777 2763; x_wconf 91' lang='lat' dir='ltr'>ullis</span> <span class='ocrx_word' id='word_1_406' title='bbox 809 2723 1059 2764; x_wconf 89' lang='lat' dir='ltr'>ornamentis</span> <span class='ocrx_word' id='word_1_407' title='bbox 1088 2729 1354 2765; x_wconf 86' lang='lat' dir='ltr'>monumenta</span> <span class='ocrx_word' id='word_1_408' title='bbox 1383 2724 1516 2766; x_wconf 90' lang='lat' dir='ltr'>solum</span> <span class='ocrx_word' id='word_1_409' title='bbox 1546 2730 1799 2779; x_wconf 90' lang='lat' dir='ltr'>temporum,</span> <span class='ocrx_word' id='word_1_410' title='bbox 1830 2722 1904 2764; x_wconf 92' lang='lat' dir='ltr'>ho-</span> 
     </span>
     <span class='ocr_line' id='line_1_41' title="bbox 156 2783 1953 2842; baseline 0.002 -20"><span class='ocrx_word' id='word_1_411' title='bbox 156 2783 330 2831; x_wconf 91' lang='lat' dir='ltr'>minum,</span> <span class='ocrx_word' id='word_1_412' title='bbox 374 2784 563 2825; x_wconf 91' lang='lat' dir='ltr'>locorum</span> <span class='ocrx_word' id='word_1_413' title='bbox 594 2789 882 2840; x_wconf 88' lang='lat' dir='ltr'>gestarumque</span> <span class='ocrx_word' id='word_1_414' title='bbox 913 2799 1052 2827; x_wconf 89' lang='lat' dir='ltr'>rerum</span> <span class='ocrx_word' id='word_1_415' title='bbox 1082 2786 1354 2842; x_wconf 90' lang='lat' dir='ltr'>reliquerunt.</span> <span class='ocrx_word' id='word_1_416' title='bbox 1415 2789 1580 2842; x_wconf 91' lang='lat' dir='ltr'>Itaque,</span> <span class='ocrx_word' id='word_1_417' title='bbox 1628 2785 1758 2841; x_wconf 88' lang='lat' dir='ltr'>qualis</span> <span class='ocrx_word' id='word_1_418' title='bbox 1795 2783 1902 2840; x_wconf 90' lang='lat' dir='ltr'>apud</span> <span class='ocrx_word' id='word_1_419' title='bbox 1916 2800 1953 2826; x_wconf 68' lang='lat' dir='ltr'>ao</span> 
     </span>
     <span class='ocr_line' id='line_1_42' title="bbox 161 2845 1904 2905; baseline 0.003 -20"><span class='ocrx_word' id='word_1_420' title='bbox 161 2847 353 2886; x_wconf 89' lang='lat' dir='ltr'>Graecos.</span> <span class='ocrx_word' id='word_1_421' title='bbox 381 2845 658 2903; x_wconf 77' lang='lat' dir='ltr'>Pherecydes,</span> <span class='ocrx_word' id='word_1_422' title='bbox 705 2846 965 2896; x_wconf 87' lang='lat' dir='ltr'>Hellanicus,</span> <span class='ocrx_word' id='word_1_423' title='bbox 1008 2848 1194 2890; x_wconf 89' lang='lat' dir='ltr'>Acusilas</span> <span class='ocrx_word' id='word_1_424' title='bbox 1238 2849 1315 2890; x_wconf 89' lang='lat' dir='ltr'>fuit</span> <span class='ocrx_word' id='word_1_425' title='bbox 1353 2850 1506 2905; x_wconf 86' lang='lat' dir='ltr'>aliique</span> <span class='ocrx_word' id='word_1_426' title='bbox 1546 2847 1759 2904; x_wconf 88' lang='lat' dir='ltr'>permulti,</span> <span class='ocrx_word' id='word_1_427' title='bbox 1812 2846 1904 2890; x_wconf 86' lang='lat' dir='ltr'>talis</span> 
     </span>
    </p>
   </div>
   <div class='ocr_carea' id='block_1_3' title="bbox 152 2958 1904 3375">
    <p class='ocr_par' dir='ltr' id='par_1_4' title="bbox 152 2958 1904 3375">
     <span class='ocr_line' id='line_1_43' title="bbox 248 2958 1903 3003; baseline 0.002 -13"><span class='ocrx_word' id='word_1_428' title='bbox 248 2960 280 2990; x_wconf 87' lang='lat'><strong>1.</strong></span> <span class='ocrx_word' id='word_1_429' title='bbox 309 2958 457 2990; x_wconf 83' lang='lat' dir='ltr'>laudare</span> <span class='ocrx_word' id='word_1_430' title='bbox 482 2959 563 2991; x_wconf 86' lang='lat' dir='ltr'>AB:</span> <span class='ocrx_word' id='word_1_431' title='bbox 592 2961 737 2992; x_wconf 80' lang='lat' dir='ltr'>laudare</span> <span class='ocrx_word' id='word_1_432' title='bbox 763 2962 958 3002; x_wconf 79' lang='lat' dir='ltr'>quempiam</span> <span class='ocrx_word' id='word_1_433' title='bbox 983 2961 1054 2993; x_wconf 79' lang='lat' dir='ltr'><strong>RE.</strong></span> <span class='ocrx_word' id='word_1_434' title='bbox 1080 2978 1122 2984; x_wconf 86' lang='lat'>—</span> <span class='ocrx_word' id='word_1_435' title='bbox 1163 2964 1225 3003; x_wconf 84' lang='lat' dir='ltr'>qui</span> <span class='ocrx_word' id='word_1_436' title='bbox 1249 2963 1358 2996; x_wconf 83' lang='lat' dir='ltr'>Codd.</span> <span class='ocrx_word' id='word_1_437' title='bbox 1387 2964 1456 2995; x_wconf 77' lang='lat' dir='ltr'>aL:</span> <span class='ocrx_word' id='word_1_438' title='bbox 1493 2967 1524 2994; x_wconf 81' lang='lat' dir='ltr'>ct</span> <span class='ocrx_word' id='word_1_439' title='bbox 1548 2963 1602 2998; x_wconf 88' lang='lat' dir='ltr'>R,</span> <span class='ocrx_word' id='word_1_440' title='bbox 1630 2965 1660 2993; x_wconf 81' lang='lat' dir='ltr'>ec</span> <span class='ocrx_word' id='word_1_441' title='bbox 1685 2961 1745 3002; x_wconf 80' lang='lat' dir='ltr'>qui</span> <span class='ocrx_word' id='word_1_442' title='bbox 1771 2961 1809 2993; x_wconf 87' lang='grc' dir='ltr'>Ε.</span> <span class='ocrx_word' id='word_1_443' title='bbox 1838 2961 1903 2998; x_wconf 84' lang='lat' dir='ltr'>(De</span> 
     </span>
     <span class='ocr_line' id='line_1_44' title="bbox 155 3004 1904 3048; baseline 0.001 -10"><span class='ocrx_word' id='word_1_444' title='bbox 155 3005 215 3038; x_wconf 80' lang='lat' dir='ltr'>AB</span> <span class='ocrx_word' id='word_1_445' title='bbox 243 3013 311 3037; x_wconf 91' lang='lat' dir='ltr'>non</span> <span class='ocrx_word' id='word_1_446' title='bbox 339 3004 476 3046; x_wconf 84' lang='lat' dir='ltr'>liquet.)</span> <span class='ocrx_word' id='word_1_447' title='bbox 503 3022 538 3030; x_wconf 83' lang='lat'>-—</span> <span class='ocrx_word' id='word_1_448' title='bbox 566 3006 599 3038; x_wconf 85' lang='lat'><strong>3.</strong></span> <span class='ocrx_word' id='word_1_449' title='bbox 627 3013 675 3039; x_wconf 83' lang='lat' dir='ltr'>est</span> <span class='ocrx_word' id='word_1_450' title='bbox 701 3007 766 3040; x_wconf 91' lang='lat' dir='ltr'>Gu.</span> <span class='ocrx_word' id='word_1_451' title='bbox 793 3009 826 3040; x_wconf 87' lang='lat'>3.</span> <span class='ocrx_word' id='word_1_452' title='bbox 855 3008 936 3048; x_wconf 84' lang='lat' dir='ltr'>Lag.</span> <span class='ocrx_word' id='word_1_453' title='bbox 966 3010 1109 3047; x_wconf 85' lang='lat' dir='ltr'>optimi:</span> <span class='ocrx_word' id='word_1_454' title='bbox 1137 3010 1226 3041; x_wconf 72' lang='lat' dir='ltr'>inest</span> <span class='ocrx_word' id='word_1_455' title='bbox 1251 3010 1382 3042; x_wconf 83' lang='lat' dir='ltr'><strong>ABRE.</strong></span> <span class='ocrx_word' id='word_1_456' title='bbox 1410 3027 1451 3032; x_wconf 97' lang='lat'><strong>—</strong></span> <span class='ocrx_word' id='word_1_457' title='bbox 1477 3009 1510 3040; x_wconf 87' lang='lat'><strong>7.</strong></span> <span class='ocrx_word' id='word_1_458' title='bbox 1538 3009 1620 3040; x_wconf 75' lang='lat' dir='ltr'>mihi</span> <span class='ocrx_word' id='word_1_459' title='bbox 1645 3009 1749 3039; x_wconf 83' lang='lat' dir='ltr'>etiam</span> <span class='ocrx_word' id='word_1_460' title='bbox 1772 3016 1904 3040; x_wconf 75' lang='lat' dir='ltr'>necesse</span> 
     </span>
     <span class='ocr_line' id='line_1_45' title="bbox 156 3051 1897 3096; baseline 0 -12"><span class='ocrx_word' id='word_1_461' title='bbox 156 3052 199 3084; x_wconf 78' lang='grc' dir='ltr'>Α.</span> <span class='ocrx_word' id='word_1_462' title='bbox 229 3069 269 3076; x_wconf 91' lang='lat'>—-</span> <span class='ocrx_word' id='word_1_463' title='bbox 309 3051 343 3083; x_wconf 90' lang='lat'>8.</span> <span class='ocrx_word' id='word_1_464' title='bbox 371 3053 409 3082; x_wconf 80' lang='lat' dir='ltr'>in</span> <span class='ocrx_word' id='word_1_465' title='bbox 434 3060 470 3082; x_wconf 78' lang='lat' dir='ltr'>co</span> <span class='ocrx_word' id='word_1_466' title='bbox 496 3054 726 3086; x_wconf 76' lang='lat' dir='ltr'>testimonium</span> <span class='ocrx_word' id='word_1_467' title='bbox 750 3056 922 3096; x_wconf 67' lang='lat' dir='ltr'>eoeplicavi</span> <span class='ocrx_word' id='word_1_468' title='bbox 946 3055 989 3086; x_wconf 84' lang='lat' dir='ltr'><strong>R.</strong></span> <span class='ocrx_word' id='word_1_469' title='bbox 1029 3053 1276 3093; x_wconf 78' lang='lat' dir='ltr'>(testimonium</span> <span class='ocrx_word' id='word_1_470' title='bbox 1313 3060 1413 3089; x_wconf 82' lang='lat' dir='ltr'>etiam</span> <span class='ocrx_word' id='word_1_471' title='bbox 1440 3053 1528 3095; x_wconf 77' lang='lat' dir='ltr'>AB.)</span> <span class='ocrx_word' id='word_1_472' title='bbox 1565 3072 1604 3077; x_wconf 90' lang='lat'>—</span> <span class='ocrx_word' id='word_1_473' title='bbox 1639 3054 1672 3086; x_wconf 88' lang='grc'>9.</span> <span class='ocrx_word' id='word_1_474' title='bbox 1699 3055 1759 3086; x_wconf 76' lang='lat' dir='ltr'>illo</span> <span class='ocrx_word' id='word_1_475' title='bbox 1785 3055 1827 3087; x_wconf 87' lang='lat' dir='ltr'>R.</span> <span class='ocrx_word' id='word_1_476' title='bbox 1860 3072 1897 3078; x_wconf 89' lang='lat'>—</span> 
     </span>
     <span class='ocr_line' id='line_1_46' title="bbox 157 3098 1900 3143; baseline 0.001 -12"><span class='ocrx_word' id='word_1_477' title='bbox 157 3099 214 3131; x_wconf 66' lang='lat'><strong>14.</strong></span> <span class='ocrx_word' id='word_1_478' title='bbox 241 3100 327 3130; x_wconf 81' lang='lat' dir='ltr'>viris</span> <span class='ocrx_word' id='word_1_479' title='bbox 354 3106 421 3129; x_wconf 91' lang='lat' dir='ltr'>om.</span> <span class='ocrx_word' id='word_1_480' title='bbox 449 3098 499 3136; x_wconf 84' lang='grc' dir='ltr'>Α,</span> <span class='ocrx_word' id='word_1_481' title='bbox 526 3107 565 3132; x_wconf 79' lang='lat' dir='ltr'>cx</span> <span class='ocrx_word' id='word_1_482' title='bbox 591 3109 660 3140; x_wconf 86' lang='lat' dir='ltr'>quo</span> <span class='ocrx_word' id='word_1_483' title='bbox 687 3101 743 3132; x_wconf 88' lang='lat' dir='ltr'>bic</span> <span class='ocrx_word' id='word_1_484' title='bbox 769 3102 836 3135; x_wconf 90' lang='lat' dir='ltr'>duo</span> <span class='ocrx_word' id='word_1_485' title='bbox 863 3102 942 3134; x_wconf 83' lang='lat' dir='ltr'>solia</span> <span class='ocrx_word' id='word_1_486' title='bbox 969 3101 1102 3134; x_wconf 81' lang='lat' dir='ltr'>abscisa</span> <span class='ocrx_word' id='word_1_487' title='bbox 1127 3107 1208 3134; x_wconf 82' lang='lat' dir='ltr'>sunt</span> <span class='ocrx_word' id='word_1_488' title='bbox 1239 3112 1353 3143; x_wconf 84' lang='lat' dir='ltr'>usque</span> <span class='ocrx_word' id='word_1_489' title='bbox 1392 3102 1432 3133; x_wconf 89' lang='lat' dir='ltr'>ad</span> <span class='ocrx_word' id='word_1_490' title='bbox 1458 3100 1496 3141; x_wconf 54' lang='grc' dir='ltr'><strong>ὅ.</strong></span> <span class='ocrx_word' id='word_1_491' title='bbox 1523 3101 1581 3133; x_wconf 90' lang='grc'>61.</span> <span class='ocrx_word' id='word_1_492' title='bbox 1618 3116 1658 3124; x_wconf 91' lang='grc'>·-</span> <span class='ocrx_word' id='word_1_493' title='bbox 1700 3100 1755 3133; x_wconf 83' lang='grc'>17.</span> <span class='ocrx_word' id='word_1_494' title='bbox 1796 3102 1900 3133; x_wconf 80' lang='lat' dir='ltr'>etiam</span> 
     </span>
     <span class='ocr_line' id='line_1_47' title="bbox 152 3144 1901 3189; baseline 0.002 -12"><span class='ocrx_word' id='word_1_495' title='bbox 152 3154 242 3186; x_wconf 80' lang='lat' dir='ltr'>pars</span> <span class='ocrx_word' id='word_1_496' title='bbox 268 3145 327 3177; x_wconf 81' lang='lat' dir='ltr'>BR</span> <span class='ocrx_word' id='word_1_497' title='bbox 353 3149 386 3177; x_wconf 83' lang='lat' dir='ltr'>et</span> <span class='ocrx_word' id='word_1_498' title='bbox 410 3144 554 3176; x_wconf 83' lang='lat' dir='ltr'>Lamb.:</span> <span class='ocrx_word' id='word_1_499' title='bbox 580 3156 668 3187; x_wconf 83' lang='lat' dir='ltr'>pars</span> <span class='ocrx_word' id='word_1_500' title='bbox 694 3148 798 3179; x_wconf 86' lang='lat' dir='ltr'>etiam</span> <span class='ocrx_word' id='word_1_501' title='bbox 823 3149 893 3180; x_wconf 91' lang='lat' dir='ltr'><strong>ET.</strong></span> <span class='ocrx_word' id='word_1_502' title='bbox 927 3163 959 3169; x_wconf 93' lang='lat'><strong>—</strong></span> <span class='ocrx_word' id='word_1_503' title='bbox 990 3148 1044 3180; x_wconf 87' lang='lat'><strong>18.</strong></span> <span class='ocrx_word' id='word_1_504' title='bbox 1068 3149 1273 3181; x_wconf 76' lang='lat' dir='ltr'>instruenda</span> <span class='ocrx_word' id='word_1_505' title='bbox 1298 3149 1488 3189; x_wconf 82' lang='lat' dir='ltr'>praeceptis</span> <span class='ocrx_word' id='word_1_506' title='bbox 1514 3148 1556 3180; x_wconf 81' lang='lat' dir='ltr'><strong>R.</strong></span> <span class='ocrx_word' id='word_1_507' title='bbox 1584 3165 1627 3169; x_wconf 97' lang='lat'><strong>—</strong></span> <span class='ocrx_word' id='word_1_508' title='bbox 1666 3147 1721 3180; x_wconf 86' lang='lat'><strong>19.</strong></span> <span class='ocrx_word' id='word_1_509' title='bbox 1748 3147 1901 3188; x_wconf 79' lang='lat' dir='ltr'>facultas</span> 
     </span>
     <span class='ocr_line' id='line_1_48' title="bbox 157 3192 1901 3235; baseline 0.002 -12"><span class='ocrx_word' id='word_1_510' title='bbox 157 3209 171 3216; x_wconf 91' lang='lat'><strong>·</strong></span> <span class='ocrx_word' id='word_1_511' title='bbox 195 3207 208 3213; x_wconf 92' lang='lat'><em>-</em></span> <span class='ocrx_word' id='word_1_512' title='bbox 231 3193 330 3224; x_wconf 82' lang='lat' dir='ltr'>rebus</span> <span class='ocrx_word' id='word_1_513' title='bbox 357 3192 559 3224; x_wconf 82' lang='lat' dir='ltr'>exciderunt</span> <span class='ocrx_word' id='word_1_514' title='bbox 585 3201 623 3225; x_wconf 85' lang='lat' dir='ltr'>ex</span> <span class='ocrx_word' id='word_1_515' title='bbox 650 3193 687 3225; x_wconf 89' lang='lat' dir='ltr'><strong>B.</strong></span> <span class='ocrx_word' id='word_1_516' title='bbox 718 3210 757 3216; x_wconf 90' lang='lat'>—</span> <span class='ocrx_word' id='word_1_517' title='bbox 785 3195 843 3226; x_wconf 92' lang='grc'>21.</span> <span class='ocrx_word' id='word_1_518' title='bbox 872 3195 1004 3226; x_wconf 79' lang='lat' dir='ltr'>diserta</span> <span class='ocrx_word' id='word_1_519' title='bbox 1029 3195 1068 3226; x_wconf 88' lang='lat' dir='ltr'><strong>B.</strong></span> <span class='ocrx_word' id='word_1_520' title='bbox 1098 3211 1137 3217; x_wconf 91' lang='lat'>—-</span> <span class='ocrx_word' id='word_1_521' title='bbox 1177 3196 1235 3226; x_wconf 83' lang='lat'><strong>25.</strong></span> <span class='ocrx_word' id='word_1_522' title='bbox 1263 3201 1311 3227; x_wconf 77' lang='lat' dir='ltr'>esc</span> <span class='ocrx_word' id='word_1_523' title='bbox 1337 3204 1405 3226; x_wconf 90' lang='lat' dir='ltr'>om.</span> <span class='ocrx_word' id='word_1_524' title='bbox 1434 3194 1472 3225; x_wconf 89' lang='lat' dir='ltr'><strong>B.</strong></span> <span class='ocrx_word' id='word_1_525' title='bbox 1503 3210 1542 3217; x_wconf 94' lang='lat'>—</span> <span class='ocrx_word' id='word_1_526' title='bbox 1584 3194 1640 3227; x_wconf 87' lang='grc'>29.</span> <span class='ocrx_word' id='word_1_527' title='bbox 1667 3194 1703 3226; x_wconf 82' lang='lat' dir='ltr'>Si</span> <span class='ocrx_word' id='word_1_528' title='bbox 1727 3192 1778 3235; x_wconf 79' lang='lat' dir='ltr'>ut]</span> <span class='ocrx_word' id='word_1_529' title='bbox 1805 3195 1901 3227; x_wconf 76' lang='lat' dir='ltr'>Sicut</span> 
     </span>
     <span class='ocr_line' id='line_1_49' title="bbox 156 3238 1897 3282; baseline 0.002 -13"><span class='ocrx_word' id='word_1_530' title='bbox 156 3238 185 3269; x_wconf 87' lang='lat' dir='ltr'>B</span> <span class='ocrx_word' id='word_1_531' title='bbox 202 3262 210 3276; x_wconf 88' lang='lat'>,</span> <span class='ocrx_word' id='word_1_532' title='bbox 238 3239 344 3271; x_wconf 79' lang='lat' dir='ltr'>Sicuti</span> <span class='ocrx_word' id='word_1_533' title='bbox 369 3239 411 3269; x_wconf 83' lang='lat' dir='ltr'><strong>R.</strong></span> <span class='ocrx_word' id='word_1_534' title='bbox 441 3254 479 3260; x_wconf 93' lang='lat'><em>-</em></span> <span class='ocrx_word' id='word_1_535' title='bbox 505 3238 561 3270; x_wconf 88' lang='grc'><strong>30.</strong></span> <span class='ocrx_word' id='word_1_536' title='bbox 587 3240 676 3270; x_wconf 73' lang='lat' dir='ltr'>sicut</span> <span class='ocrx_word' id='word_1_537' title='bbox 701 3240 744 3271; x_wconf 81' lang='lat' dir='ltr'><strong>R.</strong></span> <span class='ocrx_word' id='word_1_538' title='bbox 786 3258 824 3264; x_wconf 96' lang='lat'><strong>—</strong></span> <span class='ocrx_word' id='word_1_539' title='bbox 868 3243 924 3274; x_wconf 90' lang='grc'><strong>31.</strong></span> <span class='ocrx_word' id='word_1_540' title='bbox 951 3250 1082 3282; x_wconf 80' lang='lat' dir='ltr'>quoque</span> <span class='ocrx_word' id='word_1_541' title='bbox 1107 3249 1175 3273; x_wconf 92' lang='lat' dir='ltr'>om.</span> <span class='ocrx_word' id='word_1_542' title='bbox 1202 3243 1244 3274; x_wconf 83' lang='lat' dir='ltr'><strong>R.</strong></span> <span class='ocrx_word' id='word_1_543' title='bbox 1275 3259 1312 3264; x_wconf 92' lang='lat'>—</span> <span class='ocrx_word' id='word_1_544' title='bbox 1355 3241 1410 3271; x_wconf 82' lang='lat'><strong>32.</strong></span> <span class='ocrx_word' id='word_1_545' title='bbox 1437 3241 1506 3279; x_wconf 78' lang='lat' dir='ltr'>ipsi</span> <span class='ocrx_word' id='word_1_546' title='bbox 1530 3241 1576 3273; x_wconf 84' lang='lat' dir='ltr'>sic</span> <span class='ocrx_word' id='word_1_547' title='bbox 1602 3240 1713 3274; x_wconf 91' lang='lat' dir='ltr'>Codd.</span> <span class='ocrx_word' id='word_1_548' title='bbox 1742 3241 1786 3273; x_wconf 80' lang='lat' dir='ltr'>al.</span> <span class='ocrx_word' id='word_1_549' title='bbox 1804 3264 1813 3278; x_wconf 85' lang='lat'>,</span> <span class='ocrx_word' id='word_1_550' title='bbox 1840 3242 1897 3273; x_wconf 86' lang='lat' dir='ltr'>R:</span> 
     </span>
     <span class='ocr_line' id='line_1_50' title="bbox 157 3283 1897 3329; baseline 0.002 -13"><span class='ocrx_word' id='word_1_551' title='bbox 157 3286 205 3316; x_wconf 73' lang='lat' dir='ltr'>sic</span> <span class='ocrx_word' id='word_1_552' title='bbox 231 3285 290 3325; x_wconf 85' lang='lat' dir='ltr'>(B)</span> <span class='ocrx_word' id='word_1_553' title='bbox 311 3286 349 3317; x_wconf 87' lang='lat' dir='ltr'><strong>E.</strong></span> <span class='ocrx_word' id='word_1_554' title='bbox 379 3302 413 3308; x_wconf 90' lang='grc'>-</span> <span class='ocrx_word' id='word_1_555' title='bbox 461 3283 518 3316; x_wconf 89' lang='grc'>36.</span> <span class='ocrx_word' id='word_1_556' title='bbox 543 3284 780 3327; x_wconf 74' lang='lat' dir='ltr'>referebatque</span> <span class='ocrx_word' id='word_1_557' title='bbox 804 3287 1020 3319; x_wconf 88' lang='lat' dir='ltr'>Lambinus:</span> <span class='ocrx_word' id='word_1_558' title='bbox 1060 3287 1283 3329; x_wconf 82' lang='lat' dir='ltr'>efferebatquc</span> <span class='ocrx_word' id='word_1_559' title='bbox 1308 3296 1385 3318; x_wconf 91' lang='lat' dir='ltr'>cum</span> <span class='ocrx_word' id='word_1_560' title='bbox 1412 3287 1506 3320; x_wconf 78' lang='lat' dir='ltr'>libris</span> <span class='ocrx_word' id='word_1_561' title='bbox 1531 3286 1651 3329; x_wconf 85' lang='lat' dir='ltr'>(etiam</span> <span class='ocrx_word' id='word_1_562' title='bbox 1678 3287 1721 3329; x_wconf 91' lang='lat' dir='ltr'>B)</span> <span class='ocrx_word' id='word_1_563' title='bbox 1747 3288 1820 3320; x_wconf 79' lang='lat' dir='ltr'><strong>RE.</strong></span> <span class='ocrx_word' id='word_1_564' title='bbox 1858 3302 1897 3310; x_wconf 92' lang='lat'>—</span> 
     </span>
     <span class='ocr_line' id='line_1_51' title="bbox 159 3330 1435 3375; baseline 0.002 -12"><span class='ocrx_word' id='word_1_565' title='bbox 159 3330 216 3364; x_wconf 81' lang='lat'><strong>37.</strong></span> <span class='ocrx_word' id='word_1_566' title='bbox 243 3332 342 3373; x_wconf 76' lang='lat' dir='ltr'>hique</span> <span class='ocrx_word' id='word_1_567' title='bbox 365 3340 457 3364; x_wconf 77' lang='lat' dir='ltr'>nunc</span> <span class='ocrx_word' id='word_1_568' title='bbox 482 3332 563 3372; x_wconf 83' lang='lat' dir='ltr'>(om.</span> <span class='ocrx_word' id='word_1_569' title='bbox 593 3331 710 3373; x_wconf 82' lang='lat' dir='ltr'>eciam)</span> <span class='ocrx_word' id='word_1_570' title='bbox 737 3332 779 3365; x_wconf 80' lang='lat' dir='ltr'><strong>R.</strong></span> <span class='ocrx_word' id='word_1_571' title='bbox 809 3351 846 3357; x_wconf 89' lang='lat'>—</span> <span class='ocrx_word' id='word_1_572' title='bbox 874 3334 931 3366; x_wconf 69' lang='lat'><strong>40.</strong></span> <span class='ocrx_word' id='word_1_573' title='bbox 959 3338 1134 3375; x_wconf 65' lang='lat' dir='ltr'>{justarum</span> <span class='ocrx_word' id='word_1_574' title='bbox 1157 3335 1371 3374; x_wconf 74' lang='lat' dir='ltr'>reliquerunt</span> <span class='ocrx_word' id='word_1_575' title='bbox 1396 3333 1435 3367; x_wconf 92' lang='lat' dir='ltr'><strong>B.</strong></span> 
     </span>
    </p>
   </div>
  </div>
 </body>
</html>
