2117 3762
247 302 326 345 170
911 301 980 343 DE
1010 301 1333 346 INVENTIONE

244 413 358 458 sunt,
406 413 447 451 et
483 410 578 464 quia
619 410 770 464 partim
810 410 975 448 veteres
1015 411 1129 456 sunt,
1173 412 1322 464 partim
1353 423 1505 459 novae,
1549 411 1701 466 partim
1730 412 1782 453 ab
1812 411 1998 462 illorum,

242 472 486 527 partim⁴ab
526 477 668 513 nostro
708 468 911 511 beneficio
950 469 1180 524 profectae,
1229 474 1379 527 partim
1418 473 1629 521 utiliores,
1678 476 1826 529 partim
1866 478 2001 518 minus

242 535 389 583 utiles,
442 548 495 575 ex
525 547 742 575 causarum
787 531 1079 586 dignitatibus,
1131 545 1182 574 cx
1221 539 1454 590 temporum
1496 536 1900 592 opportunitatibus,
1950 553 2002 579 ex

243 595 416 646 officiis,
450 611 503 637 ex
522 596 819 650 religionibus,
855 609 908 636 ex
941 596 1214 636 vetustatibus
1248 595 1482 640 habebitur.
1544 600 1646 639 LVI.
1679 598 1834 640 Utilitas
1865 604 2001 641 autem

213 664 313 702 saut
342 660 385 699 in
414 672 590 713 corpore
619 659 755 713 posita
784 662 847 699 est
875 662 947 698 aut
975 658 1017 698 in
1049 657 1238 698 extrariis
1267 661 1423 710 rebus;
1468 674 1644 715 quarum
1685 666 1824 703 tamen
1859 676 2002 704 rerum

241 722 372 762 multo
403 722 582 762 maxima
611 733 706 774 pars
737 721 789 761 ad
820 721 1010 774 corporis
1041 721 1305 761 commodum
1334 724 1580 772 revertitur,
1614 728 1659 764 ut
1688 724 1730 763 in
1761 737 1806 764 re
1835 724 2002 780 publica

242 785 443 838 quaedam
473 787 588 831 sunt,
621 796 726 837 quae
758 781 815 836 (ut
844 784 903 824 sic
933 782 1086 832 dicam)
1117 784 1168 823 ad
1201 795 1352 838 corpus
1372 787 1581 838 pertinent
1601 785 1801 835 civitatis,
1835 793 1881 828 ut
1899 789 2001 841 agri,

240 851 411 901 portuS,
444 844 647 898 pecunia,
681 845 848 894 classis,
881 850 1053 893 nautae,
1084 844 1259 893 milites,
1293 845 1415 893 socii,
1447 847 1598 901 quibus
1629 851 1754 890 rebus
1785 849 2004 892 incolumi-

240 913 366 949 tatem
409 921 456 947 ac
494 906 725 950 libertatem
764 910 943 950 retinent
980 909 1183 959 civitates;
1235 907 1341 948 aliae
1382 921 1506 956 vero,
1555 924 1660 964 quae
1692 912 1772 952 iam
1804 914 2002 966 quiddam

191 989 226 1013 10
242 971 370 1024 magis
409 968 590 1025 amplum
629 976 671 1012 et
707 972 843 1012 minus
881 971 1161 1012 necessarium
1201 968 1448 1018 conficiunt,
1493 975 1538 1011 ut
1575 971 1690 1014 urbis
1735 976 1901 1028 egregia
1933 988 2004 1016 ex-

240 1033 402 1074 ornatio
448 1038 569 1087 atque
607 1033 853 1088 amplitudo,
904 1039 949 1075 ut
994 1034 1197 1086 quaedam
1247 1031 1454 1073 excellens
1492 1035 1693 1085 pecuniae
1742 1038 2000 1089 magnitudo,

239 1094 513 1136 amicitiarum
545 1109 591 1136 ac
616 1096 859 1137 societatum
880 1095 1117 1138 multitudo.
1182 1098 1272 1137 169.
1306 1094 1467 1145 Quibus
1489 1098 1615 1137 rebus
1638 1111 1721 1139 non
1742 1098 1843 1141 illud
1866 1102 2003 1142 solum

239 1156 477 1206 conficitur,
518 1163 564 1200 ut
594 1158 732 1200 salvae
763 1164 803 1200 et
832 1160 1090 1209 incolumes,
1133 1173 1278 1202 verum
1312 1160 1432 1200 etiam
1454 1190 1465 1207 ,
1513 1164 1560 1200 ut
1588 1160 1746 1215 amplae
1776 1167 1900 1216 atque
1930 1176 2005 1218 po-

238 1225 372 1261 tentes
403 1222 484 1263 sint
515 1222 714 1263 civitates.
775 1222 912 1270 Quare
941 1222 1130 1264 utilitatis
1161 1225 1267 1264 duae
1297 1227 1436 1277 partes
1466 1223 1659 1263 videntur
1689 1238 1804 1272 esse,
1845 1225 2005 1266 incolu-

189 1298 224 1324 15
239 1285 359 1325 mitas
380 1289 421 1325 et
439 1286 639 1340 potentia.
697 1284 962 1326 Incolumitas
994 1290 1056 1326 est
1085 1285 1226 1327 salutis
1256 1290 1345 1326 rata
1376 1290 1499 1338 atque
1528 1283 1690 1338 integra
1714 1287 2000 1338 conservatio;

237 1346 423 1402 potentia
453 1352 514 1389 est
544 1349 595 1388 ad
626 1361 699 1388 sua
731 1350 1014 1389 conservanda
1052 1352 1092 1388 et
1129 1347 1299 1388 alterius
1330 1346 1556 1387 obtinenda
1587 1348 1832 1388 idonearum
1863 1364 2004 1391 rerum

237 1408 423 1451 facultas.
484 1411 618 1464 Atque
651 1412 694 1451 in
723 1409 774 1451 iis
805 1411 1025 1457 omnibus,
1058 1424 1163 1465 quae
1194 1416 1287 1451 ante
1319 1411 1425 1450 dicta
1455 1415 1573 1458 sunt,
1608 1409 1708 1464 quid
1730 1409 1822 1451 fieri
1843 1417 1884 1453 et
1905 1414 2005 1467 quid

237 1472 361 1513 facile
391 1470 481 1513 fieri
511 1472 666 1527 possit,
715 1478 882 1527 oportet
912 1474 1192 1514 considerare.
1250 1472 1386 1513 Facile
1426 1471 1516 1512 fieri
1556 1473 1599 1513 id
1637 1474 1840 1522 dicimus,
1892 1478 2004 1529 quod

239 1533 327 1575 sine
367 1546 518 1588 magno
560 1539 629 1575 aut
667 1534 754 1575 sine
795 1536 882 1576 ullo
921 1534 1091 1584 labore,
1139 1541 1330 1590 sumptu,
1379 1533 1570 1575 molestia
1600 1549 1723 1588 quam
1753 1535 2005 1580 brevissimo

189 1612 224 1636 20
238 1604 427 1652 tempore
458 1596 604 1638 confici
625 1602 781 1653 potest;
812 1611 934 1653 posse
965 1603 1104 1639 autem
1133 1599 1244 1647 fieri,
1277 1596 1388 1652 quod
1411 1610 1659 1650 quamquam
1690 1598 1860 1648 laboris,
1895 1614 2006 1641 sum-

238 1665 352 1715 ptus,
383 1658 615 1708 molestiae,
646 1660 956 1714 longinquitatis
986 1660 1147 1715 indiget
1176 1667 1300 1717 atque
1332 1665 1401 1701 aut
1431 1674 1576 1700 omnes
1608 1665 1678 1701 aut
1704 1662 1904 1715 plurimas
1935 1667 2006 1703 aut

238 1721 437 1763 maximas
469 1736 612 1764 causas
643 1721 768 1763 habet
798 1721 1076 1772 difficultatis,
1125 1728 1263 1764 tamen
1282 1754 1294 1772 ,
1341 1721 1407 1763 his
1437 1721 1639 1777 susceptis
1671 1721 2000 1775 difficultatibus,

240 1784 440 1840 compleri
471 1792 595 1839 atque
626 1787 676 1826 ad
709 1787 865 1826 exitum
896 1785 1070 1840 perduci
1100 1792 1250 1841 potest.

354 1849 446 1888 170.
478 1848 684 1897 Quoniam
716 1861 816 1901 ergo
847 1847 898 1889 de
928 1850 1144 1889 honestate
1175 1854 1215 1890 et
1236 1851 1286 1890 de
1307 1848 1483 1891 utilitate
1506 1846 1706 1898 diximus,
1736 1863 1845 1891 nunc
1867 1855 2003 1900 restat,

188 1915 284 1952 esut
322 1909 373 1951 de
413 1909 464 1950 iis
504 1912 654 1959 rebus,
704 1925 806 1964 quas
844 1910 907 1952 his
948 1909 1163 1952 attributas
1194 1926 1285 1952 esse
1328 1912 1566 1951 dicebamus
1611 1911 1916 1954 necessitudine
1965 1919 2006 1956 et

240 1973 490 2022 affectione,
523 1974 843 2029 perscribamus.
905 1975 1029 2015 LVII.
1081 1975 1184 2014 Puto
1216 1976 1342 2029 igitur
1372 1987 1462 2014 esse
1497 1975 1605 2014 hanc
1640 1973 2001 2025 necessitudinem,

238 2038 304 2079 cui
333 2037 447 2079 nulla
477 2041 517 2079 vi
549 2036 683 2078 resisti
713 2042 871 2090 potest,
911 2050 994 2091 quo
1027 2050 1073 2078 ea
1105 2039 1238 2078 secius
1270 2036 1334 2085 id,
1379 2037 1491 2090 quod
1528 2037 1666 2077 facere
1708 2042 1866 2091 potest,
1910 2051 2005 2094 per-

238 2099 374 2150 ficiat;
421 2113 526 2153 quae
557 2113 692 2153 neque
723 2099 875 2141 mutari
905 2114 1041 2154 neque
1072 2099 1193 2141 leniri
1222 2104 1374 2154 potest.
1435 2100 1594 2152 Atque,
1636 2104 1682 2140 ut
1713 2101 1894 2154 apertius
1923 2104 2004 2142 hoc

239 2162 314 2210 sit,
364 2160 563 2216 exemplis
602 2163 698 2202 licet
733 2163 816 2203 vim
856 2161 935 2209 rei,
987 2163 1120 2216 qualis
1159 2167 1199 2202 et
1234 2167 1384 2216 quanta
1425 2163 1505 2210 sit,
1557 2175 1872 2215 cognoscamus.
1933 2165 2004 2204 Uri

189 2236 362 2280 soposse
407 2226 573 2265 flamma
616 2225 794 2279 ligneam
841 2226 1052 2266 materiam
1098 2237 1267 2265 necesse
1312 2229 1387 2265 est.
1461 2225 1623 2265 Animal
1653 2224 1829 2265 mortale
1861 2223 2002 2279 aliquo

238 2294 427 2343 tempore
467 2289 641 2328 interire
676 2301 847 2329 necesse
888 2293 976 2339 est;
1028 2292 1150 2341 atque
1190 2287 1245 2327 ita
1283 2299 1476 2334 necesse,
1528 2291 1574 2327 ut
1610 2285 1673 2328 vis
1711 2288 1895 2341 postulat
1936 2302 2001 2336 ea,

241 2365 363 2405 quam
394 2349 520 2392 modo
553 2349 923 2399 describebamus,
972 2348 1304 2392 necessitudinis.
1362 2348 1613 2389 Huiusmodi
1647 2347 2000 2404 [necessitudines]

239 2427 332 2454 eum
369 2411 439 2467 [in]
474 2412 637 2454 dicendi
667 2416 848 2455 rationes
878 2412 1081 2460 incident,
1129 2417 1241 2453 recte
1280 2413 1608 2453 necessitudines
1652 2412 2000 2468 appellabuntur;

237 2477 301 2517 sin
332 2474 494 2529 aliquae
524 2488 590 2516 res
621 2475 808 2517 accident
838 2475 1045 2522 difficiles,
1079 2474 1120 2515 in
1150 2474 1219 2515 illa
1249 2476 1489 2530 superiore,
1522 2474 1707 2530 possitne
1727 2473 1841 2524 fieri,
1874 2489 2003 2529 quae-

188 2547 223 2574 ³⁵
238 2539 372 2579 stione
403 2537 772 2579 considerabimus.
837 2541 928 2580 171.
959 2540 1094 2591 Atque
1125 2536 1249 2577 etiam
1280 2537 1361 2577 hoc
1391 2536 1494 2578 mihi
1523 2538 1673 2579 videor
1701 2536 1863 2583 videre,
1912 2550 2002 2578 esse

238 2601 438 2655 quasdam
469 2613 563 2641 cum
592 2599 856 2641 adiunctione
887 2598 1240 2648 necessitudines,
1290 2598 1490 2653 quasdam
1529 2599 1738 2653 simplices
1769 2604 1809 2641 et
1838 2599 2004 2641 absolu-

329 2739 363 2771 4-
391 2743 508 2771 autem
534 2742 598 2770 aut
622 2740 660 2770 in
683 2741 812 2771 nostris
836 2740 938 2771 rebus
963 2743 1026 2772 aut
1050 2741 1087 2771 in
1112 2748 1256 2780 corpore
1280 2739 1369 2771 PAT
1396 2740 1524 2780 aliique
1543 2763 1551 2778 ,
1578 2747 1660 2771 sane
1688 2737 1785 2770 salso.
1815 2754 1854 2761 -
1882 2739 1917 2771 5.
1945 2747 2003 2770 ex-

239 2788 360 2820 trariis
385 2786 445 2817 AT
471 2785 629 2826 aliique:
667 2788 842 2818 extraneis
867 2787 924 2818 ΥΕ
952 2792 985 2819 et
1011 2796 1099 2819 corr.
1126 2787 1174 2823 P,
1214 2787 1403 2818 contrariis
1431 2796 1481 2826 pr.
1509 2785 1535 2816 P
1552 2810 1560 2824 ‚
1597 2785 1803 2817 extrinsecis
1827 2785 1870 2816 R.
1900 2802 1936 2808 —
1966 2787 2000 2818 8.

239 2835 380 2872 classis,
408 2833 442 2864 id
470 2837 542 2869 est,
571 2841 674 2864 naves
701 2842 845 2871 omnes,
875 2843 965 2873 quae
992 2838 1073 2865 sunt
1099 2835 1267 2870 civitatis,
1296 2834 1419 2865 PART
1445 2833 1574 2873 aliique
1601 2832 1782 2864 meliores:
1810 2832 1934 2864 classes
1960 2833 1999 2864 E.

244 2897 276 2903 -
307 2881 340 2912 9.
368 2880 461 2911 aliae
487 2879 563 2917 PR,
607 2879 721 2912 schot.
753 2881 852 2913 Voss.
880 2881 927 2911 ΙΙ.
956 2881 1055 2913 Leid.
1082 2881 1171 2912 111.:
1216 2881 1291 2911 alia
1314 2881 1419 2912 ATE.
1458 2896 1502 2901 —
1543 2879 1599 2910 15.
1642 2884 1727 2910 rata
1762 2878 1878 2910 Schol.
1906 2878 1999 2911 Oud.

239 2929 314 2966 ipso
342 2927 533 2966 probante:
564 2931 641 2957 tuta
667 2927 827 2959 PARTE.
861 2944 896 2950 —
940 2928 996 2958 17.
1024 2929 1062 2958 in
1088 2937 1155 2959 om.
1183 2925 1286 2958 PAT.
1317 2944 1354 2950 —
1398 2927 1479 2967 quid
1502 2926 1579 2967 fieri
1604 2925 1718 2964 PAT,
1746 2925 1883 2957 Senot:
1919 2927 2002 2966 quid

238 2975 313 3016 fieri
338 2974 474 3015 difficile
500 2974 529 3004 R
547 2997 555 3009 ,
582 2974 666 3013 quid
692 2974 876 3016 difficulter
899 2974 976 3016 fieri
1002 2975 1040 3005 E.
1069 2989 1110 2994 -
1148 2974 1204 3004 20.
1229 2982 1328 3014 posse
1354 2979 1470 3005 autem
1495 2973 1519 3003 P
1536 2996 1544 3010 ‚
1590 2972 1705 3004 Schol.
1732 2972 1831 3003 Voss.
1859 2972 1933 3004 11.:
1960 2982 2002 3005 ea

241 3024 355 3051 autem
379 3021 438 3051 AT
455 3043 464 3058 ,
492 3020 629 3061 difficile
655 3024 771 3051 autem
796 3022 868 3052 RE.
897 3037 940 3042 —
982 3022 1039 3052 27.
1063 3024 1197 3060 potest,
1240 3028 1306 3060 quo
1331 3037 1344 3042 -
1368 3035 1382 3040 -
1404 3019 1589 3060 perficiat,·
1617 3027 1705 3059 quae
1728 3018 1818 3050 ΡΑΤ
1843 3019 1998 3059 aliique:

237 3071 377 3106 potest:
403 3076 490 3108 quae
518 3068 641 3099 mediis
669 3070 803 3099 omissis
829 3068 903 3099 RE.
934 3085 970 3090 —
1000 3068 1058 3099 29.
1089 3067 1240 3106 exemplo
1267 3067 1317 3104 P,
1361 3066 1477 3097 Schol.
1506 3066 1605 3097 Leid.
1635 3067 1662 3096 1.
1690 3082 1733 3087 —
1778 3065 1833 3096 30.
1861 3066 2002 3097 Animal

238 3113 385 3144 mortale
411 3113 582 3145 Orellius:
610 3114 748 3146 Animal
773 3123 897 3156 corpus
920 3115 1069 3146 mortale
1095 3114 1212 3145 Schol.
1242 3113 1358 3151 Oud.,
1387 3113 1519 3152 Corpus
1545 3112 1681 3144 animal
1704 3112 1853 3144 mortale
1880 3121 1930 3151 pr.
1957 3113 1998 3150 P,

241 3160 376 3198 Corpus
399 3161 547 3191 mortale
572 3161 598 3192 E
625 3169 702 3192 cum
727 3162 820 3193 ART
849 3165 883 3194 et
909 3169 996 3192 corr.
1024 3161 1063 3192 P.
1115 3160 1217 3200 Quod
1255 3162 1351 3199 prius
1388 3159 1500 3191 suerat
1528 3160 1629 3199 gloss.
1658 3159 1913 3196 Christianum,
1957 3159 1999 3191 ab

240 3205 440 3238 hominibus
469 3208 575 3247 magis
604 3209 706 3239 etiam
735 3211 799 3248 piis
827 3217 907 3242 vero
933 3208 1160 3239 substitutum
1189 3211 1253 3237 est.
1295 3222 1335 3228 —-
1379 3206 1435 3237 32.
1462 3204 1738 3246 necessitudinis]
1767 3205 1849 3237 Post
1874 3205 1938 3237 hoc
1964 3215 1995 3238 v.

239 3255 275 3285 in
302 3251 388 3282 PAT
416 3261 533 3283 rursus
561 3255 779 3288 inculcantur
805 3265 893 3289 vers.
921 3255 978 3286 27.
1007 3255 1086 3286 28.:
1115 3255 1168 3285 cui
1191 3253 1291 3285 nulla
1308 3269 1321 3275 ·
1339 3253 1472 3284 -leniri
1493 3257 1626 3293 potest,
1656 3254 1737 3284 item
1765 3254 1798 3283 in
1825 3251 1910 3290 RE,
1936 3253 1998 3285 sed

241 3306 361 3331 rursus
389 3301 521 3330 omissis
547 3309 599 3331 vv.
628 3310 693 3340 quo
720 3311 761 3335 ea
778 3320 791 3326 -
808 3303 1010 3344 -persiciat.
1044 3301 1115 3334 Nos
1142 3300 1347 3332 delevimus.
1368 3316 1409 3322 —
1436 3300 1478 3332 V.
1504 3299 1772 3331 necessitudines
1797 3303 1998 3337 suspectum

241 3346 324 3378 Em.
352 3346 517 3384 expunxit
543 3345 737 3380 Schutzius.
787 3349 857 3383 Nos
883 3349 1114 3388 seclusimus,
1152 3349 1232 3380 item
1259 3355 1291 3380 v.
1318 3348 1368 3380 in.
1399 3364 1436 3371 -
1477 3346 1535 3380 34.
1561 3346 1718 3379 accident
1741 3344 1831 3377 PAT
1857 3346 1999 3387 duoque

242 3392 433 3425 Gronovii:
460 3391 612 3426 incident
637 3393 742 3428 VRE.
