2117 3762
872 199 914 240 C.
946 200 1012 240 22.
1046 200 1113 240 23.
1785 204 1861 244 471

119 304 380 347 huiusmodi:
413 305 453 347 Si
486 303 742 361 expetendae
772 303 964 352 divitiae,
998 306 1032 345 si
1064 304 1258 357 fugienda
1289 308 1526 360 paupertas.
1575 306 1635 345 De
1667 318 1797 360 aequo
1830 314 1870 348 et

120 367 283 422 iniquo:
318 371 559 423 Aequumne
590 367 640 407 sit
669 365 834 412 ulcisci,
866 380 887 407 a
917 380 1164 423 quocunque
1197 367 1388 409 iniuriam
1419 369 1645 421 acceperis.
1705 370 1765 408 De
1797 367 1870 409 ho-

119 436 236 471 nesto
267 436 307 470 et
338 431 466 484 turpi:
512 431 795 470 Honestumne
827 429 877 469 sit
908 444 983 482 pro
1015 429 1145 484 patria
1176 431 1298 471 mori.
1362 431 1430 471 85.
1475 431 1537 471 Ex
1574 429 1704 470 altero
1734 435 1870 471 autem

118 504 295 546 genere,
328 493 439 546 quod
471 497 558 532 erat
589 489 854 545 bipertitum,
885 504 1010 532 unum
1043 499 1105 532 est
1135 494 1185 532 de
1212 494 1360 533 eodem
1383 491 1547 534 etalio:
1580 491 1689 542 Quid
1711 492 1873 534 intersit

117 555 228 596 inter
257 555 434 596 amicum
465 558 504 594 et
533 557 854 601 assentatorem,
887 567 1026 607 regem
1060 560 1099 594 et
1133 560 1365 608 tyrannum.
1414 556 1598 596 Alterum
1633 555 1684 595 de
1714 554 1902 596 maiores

120 623 160 658 et
192 616 372 663 minore,
424 621 488 663 ut,
528 615 560 655 si
592 622 840 670 quaeratur,
891 616 1180 669 eloquentiane
1219 618 1350 671 pluris
1388 620 1463 665 sit,
1510 631 1561 658 an
1600 615 1700 657 iuris
1740 616 1872 657 civilis

119 681 305 721 scientia.
366 681 424 720 De
464 677 711 731 cognitionis
753 677 1066 732 quaestionibus
1097 678 1309 720 hactenus.
1371 680 1438 720 86.
1472 679 1655 720 Actionis
1685 679 1871 734 reliquae

118 748 237 790 sunt,
270 753 442 796 quarum
473 741 554 781 duo
585 754 760 793 genera:
794 755 920 781 unum
952 739 1001 781 ad
1032 739 1239 786 officium,
1272 740 1444 782 alterum
1475 740 1526 782 ad
1557 746 1715 782 motum
1746 742 1872 782 animi

118 804 183 846 vel
221 802 468 858 gignendum
508 804 573 843 vel
620 805 846 844 sedandum
891 804 1066 857 planeve
1112 802 1356 843 tollendum.
1434 805 1492 844 Ad
1548 802 1731 845 osticium
1786 802 1870 845 sic:

119 867 348 921 quaeritur,
381 867 683 918 suscipiendine
719 865 799 906 sint
837 864 972 905 liberi.
1034 863 1096 905 Ad
1132 866 1362 905 movendos
1398 866 1580 914 animos,
1617 863 1723 919 [cum
1756 863 1925 920 fiunt]10

119 926 426 970 cohortationes
459 928 508 969 ad
540 927 842 969 defendendam
874 940 960 968 rem
991 926 1225 979 publicam,
1273 925 1324 966 ad
1355 927 1544 975 laudem,
1592 926 1643 968 ad
1678 927 1874 982 gloriam3

118 1005 199 1047 quo
246 1003 299 1031 ex
343 1003 494 1045 genere
539 997 634 1031 sunt
678 991 900 1044 querelae,
962 988 1223 1029 incitationes
1271 989 1644 1043 miserationesque
1692 989 1873 1037 flebiles,

117 1066 342 1106 rursusque
388 1053 522 1094 oratio
570 1059 655 1093 tum
702 1051 955 1092 iracundiam
1002 1051 1287 1106 restinguens,
1341 1058 1426 1093 tum
1469 1057 1623 1092 metum
1663 1051 1871 1107 eripiens,

118 1120 204 1156 tum
236 1114 507 1156 exsultantem
549 1113 747 1155 laetitiam
785 1113 1090 1168 comprimenS,
1139 1119 1226 1154 tum
1273 1116 1576 1168 aegritudinem
1616 1116 1872 1168 abstergens.

116 1178 229 1218 Haec
277 1190 369 1218 cum
410 1176 451 1218 in
494 1177 718 1231 propositis
764 1174 1076 1230 quaestionibus
1123 1188 1276 1230 genera
1316 1177 1421 1225 sint,
1474 1175 1618 1218 eadem
1659 1179 1701 1218 in
1732 1189 1925 1219 causas1s

116 1241 435 1282 transferuntur.

227 1304 382 1344 XXIII.
425 1303 492 1342 87.
539 1302 638 1343 Loci
676 1306 816 1342 antem
854 1301 927 1356 qui
966 1303 1018 1343 ad
1059 1314 1245 1356 quasque
1277 1302 1545 1357 quaestiones
1575 1303 1876 1344 accommodati

116 1367 217 1412 sint,
249 1364 442 1419 deinceps
474 1369 536 1405 est
564 1363 801 1408 videndum.
861 1366 1013 1406 Omnes
1050 1363 1110 1405 illi
1140 1364 1309 1420 quidem
1340 1365 1390 1404 ad
1421 1365 1665 1419 plerasque,
1699 1364 1771 1406 sed
1802 1364 1874 1406 alii

116 1427 168 1470 ad
197 1426 322 1475 alias,
357 1434 402 1468 ut
433 1427 545 1475 dixi,
578 1427 774 1481 aptiores.
843 1428 906 1468 Ad
938 1425 1223 1467 coniecturam
1255 1426 1381 1479 igitur
1410 1426 1589 1466 maxime
1619 1431 1737 1482 apta,
1771 1440 1877 1482 quae

117 1504 169 1532 ex
198 1488 354 1537 causis,
396 1502 502 1543 quae
535 1502 586 1529 ex
618 1488 796 1536 effectis,
839 1503 944 1545 quae
976 1504 1029 1531 ex
1061 1488 1293 1530 coniunctis
1325 1488 1432 1528 sumi
1462 1494 1651 1541 possunt.
1712 1491 1775 1530 Ad
1806 1488 1926 1534 de-20

114 1552 345 1594 finitionem
375 1557 513 1592 autem
543 1551 724 1606 pertinet
753 1551 859 1593 ratio
892 1557 932 1593 et
962 1551 1133 1593 scientia
1163 1549 1402 1592 definiendi.
1463 1554 1597 1605 Atque
1618 1550 1713 1592 huic
1735 1553 1875 1607 generi

115 1614 335 1656 finitimum
375 1620 436 1655 est
466 1613 592 1662 illud,
641 1615 754 1668 quod
796 1613 999 1667 appellari
1041 1616 1091 1655 de
1132 1613 1282 1655 eodem
1313 1611 1463 1654 etalio
1506 1614 1711 1664 diximus;
1761 1617 1875 1671 quod

117 1690 246 1731 genus
276 1675 410 1718 forma
441 1677 645 1731 quaedam
677 1676 928 1717 delinitionis
960 1683 1034 1718 est.
1097 1676 1139 1718 Si
1181 1677 1290 1717 enim
1332 1681 1582 1731 quaeratur,
1628 1678 1793 1719 idemne
1824 1677 1876 1719 sit

116 1740 341 1794 pertinacia
389 1745 428 1780 et
467 1740 804 1792 perseverantia,
853 1737 1164 1780 definitionibus
1203 1737 1470 1780 iudicandum
1516 1744 1594 1780 est.
1656 1740 1723 1781 88.
1773 1739 1874 1781 Loci

116 1808 253 1844 autem
282 1801 532 1843 convenient
561 1803 603 1842 in
634 1803 722 1842 eius
753 1801 918 1855 generis
949 1804 1235 1857 quaestionem
1266 1802 1582 1856 consequentis,
1625 1803 1875 1844 anteceden-
1888 1818 1927 1846 25

117 1867 195 1914 tis,
228 1865 514 1919 repugnantis,
546 1863 754 1914 adiuncti;
788 1863 910 1904 etiam
941 1863 993 1911 ii,
1027 1863 1097 1920 qui
1128 1870 1350 1905 sumuntur
1382 1879 1434 1905 ex
1465 1863 1597 1906 causis
1627 1871 1668 1905 et
1697 1866 1871 1906 effectis.

116 1930 218 1969 Nam
247 1928 282 1968 si
311 1929 416 1968 hanc
447 1940 534 1968 rem
565 1927 632 1968 illa
663 1927 876 1982 sequitur,
924 1925 1028 1967 hanc
1059 1932 1196 1968 autem
1227 1940 1312 1968 non
1342 1927 1553 1982 sequitur3
1602 1934 1674 1969 aut
1713 1929 1747 1968 si
1776 1929 1874 1970 huic

115 1990 179 2032 rei
207 1989 277 2032 illa
307 1989 535 2038 antecedit,
569 1988 664 2030 huic
693 2003 776 2030 non
805 1990 1031 2039 antecedit;
1064 1995 1134 2030 aut
1162 1990 1196 2030 si
1227 1988 1322 2030 huie
1352 1990 1412 2031 rei
1442 1995 1667 2045 repugnat,
1699 1989 1758 2031 illi
1789 2003 1873 2032 non

116 2057 344 2107 repugnat3
389 2058 460 2092 aut
501 2053 535 2093 si
578 2051 699 2093 huius
729 2051 792 2092 rei
824 2054 946 2098 haec,
992 2051 1102 2092 illius
1134 2051 1215 2092 alia
1245 2065 1367 2093 causa
1407 2057 1498 2102 est3
1545 2057 1615 2092 aut
1644 2051 1678 2093 si
1707 2065 1759 2093 ex
1789 2052 1873 2095 alio

117 2115 214 2163 hoc,
246 2128 298 2156 ex
327 2113 407 2155 alio
437 2113 538 2155 illud
568 2116 762 2155 effectum
793 2120 877 2155 est:
913 2128 964 2155 ex
996 2115 1141 2168 quovis
1172 2113 1322 2156 horum
1352 2114 1414 2163 id,
1446 2116 1497 2155 de
1529 2128 1611 2170 quo
1643 2117 1869 2170 quaeritur,
1886 2133 1923 2160 30

117 2177 303 2223 idemne,
335 2190 387 2217 an
417 2177 528 2217 aliud
560 2177 635 2225 sit,
680 2175 859 2217 inveniri
890 2182 1041 2232 potest.
1103 2178 1170 2218 89.
1213 2178 1276 2218 Ad
1307 2178 1472 2218 tertium
1503 2191 1632 2232 genus
1661 2179 1870 2233 quaestio-

117 2239 204 2288 nis,
251 2240 294 2279 in
324 2252 434 2293 quo,
474 2238 594 2294 quale
625 2240 702 2287 sit,
745 2239 979 2294 quaeritur,
1013 2239 1056 2280 in
1086 2241 1442 2293 comparationem
1474 2253 1522 2281 ea
1561 2241 1731 2286 cadunt,
1765 2254 1870 2295 quae

116 2301 256 2357 paullo
287 2306 379 2342 ante
410 2300 453 2341 in
483 2301 808 2356 comparationis
828 2301 919 2342 loco
942 2308 1184 2344 enumerata
1205 2308 1312 2344 sunt.
1371 2304 1418 2343 In
1439 2301 1542 2344 illud
1561 2308 1698 2344 autem
1718 2317 1863 2357 genus,

117 2366 161 2406 in
191 2377 274 2419 quo
305 2362 356 2405 de
387 2365 620 2417 expetendo
652 2362 933 2419 fugiendoque
964 2366 1201 2419 quaeritur,
1243 2365 1499 2407 adhibentur
1528 2378 1598 2414 ea,
1642 2379 1746 2420 quae
1777 2369 1872 2407 sunt

209 2533 243 2566 [ι.
271 2534 470 2574 bipertitum
496 2542 539 2565 a:
566 2533 768 2572 bipartitum
794 2535 820 2566 E
847 2542 925 2566 curn
952 2540 1033 2568 cett.
1061 2552 1106 2557 —
1131 2536 1223 2568 alio:
1261 2536 1354 2575 Quid
1378 2546 1396 2569 a
1413 2536 1466 2568 bd
1484 2546 1522 2575 e,
1550 2537 1597 2575 B,
1626 2536 1745 2568 Valla:
1786 2536 1871 2574 alio,

119 2584 157 2612 ut
180 2582 209 2612 si
234 2586 448 2622 quaeratur,
476 2580 560 2622 quid
586 2580 652 2611 t'E.
695 2597 734 2603 -
774 2581 807 2613 8.
837 2581 906 2612 duo
932 2583 1053 2614 abde
1071 2606 1080 2619 ,
1108 2583 1157 2620 B,
1185 2594 1226 2628 ρ,
1255 2583 1378 2622 Valla,
1406 2584 1490 2616 BV:
1535 2583 1605 2615 duo
1630 2588 1707 2614 sunt
1733 2582 1801 2613 t'E.
1830 2599 1874 2604 —

119 2628 153 2659 9.
181 2629 248 2659 sic:
273 2630 455 2669 quaeritur
481 2628 529 2659 ab
546 2627 565 2658 d
582 2635 623 2665 e,
653 2627 737 2659 Gr.:
764 2630 830 2667 sic,
857 2632 894 2659 ut
920 2638 995 2661 cum
1020 2632 1201 2670 quaeritur
1226 2629 1292 2662 ΤΕ.
1322 2645 1361 2653 -
1389 2631 1442 2662 10.
1473 2640 1551 2662 cum
1575 2631 1662 2672 fiunt
1689 2638 1755 2660 om.
1777 2628 1871 2667 ade,

121 2674 180 2706 Gr.
207 2674 277 2706 Nos
303 2675 520 2707 seclusimus.
552 2691 587 2696 -
631 2675 685 2706 1¹.
714 2675 760 2706 ad
785 2675 945 2714 laudem,
981 2677 1027 2707 ad
1052 2676 1204 2717 yloriam
1228 2684 1246 2707 a
1263 2677 1317 2708 bd
1334 2686 1374 2715 e,
1402 2677 1484 2709 BV:
1524 2677 1570 2708 ad
1594 2677 1743 2718 gloriam
1770 2679 1801 2706 et
1827 2677 1873 2708 ad

121 2721 258 2752 laudem
292 2721 356 2752 [Ε.
398 2739 434 2744 -
481 2721 536 2753 13.
577 2725 651 2751 tum
684 2722 906 2754 iracundiam
941 2723 1113 2761 abdel,
1157 2723 1277 2764 Valla,
1315 2723 1403 2756 BV:
1447 2733 1524 2756 cum
1547 2723 1767 2754 iracundiam
1793 2730 1873 2756 cum

121 2768 274 2799 Victorio
303 2767 342 2799 E.
385 2783 422 2789 ·-
464 2767 520 2799 18.
554 2768 623 2798 sint
659 2767 734 2804 ad.
770 2769 820 2800 13:
863 2774 943 2801 sunt
972 2771 997 2801 E
1025 2778 1103 2801 cum
1131 2775 1212 2802 cett.
1253 2789 1294 2794 -
1333 2771 1386 2802 illi
1420 2771 1555 2812 quidem
1580 2769 1715 2807 abar,
1752 2769 1871 2809 Valla,

122 2815 205 2846 BV:
245 2815 379 2854 quidem
405 2814 457 2845 illi
483 2815 559 2846 eE.
604 2829 634 2835 —
680 2815 726 2845 ad
757 2823 774 2846 a
791 2815 829 2848 fe
847 2839 855 2852 ‚
883 2816 934 2847 B:
971 2825 1056 2857 quos
1087 2826 1194 2856 supra
1220 2817 1398 2854 diximus,
1433 2818 1481 2849 ad
1508 2817 1559 2848 bd
1576 2840 1585 2853 ,
1614 2816 1748 2848 Oxonn.
1778 2821 1845 2849 tres
1862 2840 1872 2856 ,

122 2861 161 2893 E.
203 2875 239 2881 —
278 2860 461 2901 plerasque
498 2859 626 2895 ader.
670 2862 786 2899 Valla,
831 2863 913 2894 BV:
954 2864 1136 2903 plerasque
1173 2869 1254 2896 sunt
1288 2864 1331 2898 b.
1375 2864 1447 2896 NE.
1485 2881 1522 2887 —
1565 2863 1622 2894 22.
1661 2863 1730 2894 alio
1757 2862 1811 2896 de
1840 2868 1875 2896 et

123 2916 174 2947 pr.
203 2906 245 2936 b:
287 2907 394 2938 altero
432 2915 519 2939 corr.
548 2908 592 2943 b,
621 2907 757 2940 Oxonn.
793 2913 874 2947 tres,
906 2909 978 2941 NE.
1017 2908 1072 2948 (de
1101 2911 1210 2942 altero
1243 2920 1286 2948 a,
1313 2910 1365 2948 B,
1405 2914 1436 2942 et
1467 2911 1508 2942 de
1540 2910 1650 2941 altero
1682 2909 1718 2948 f,
1746 2910 1873 2948 Valla.)

123 2970 164 2976 —
204 2953 260 2984 25.
284 2955 483 2985 convenient
517 2955 629 2992 abd,
672 2956 759 2987 Edd.
797 2961 876 2989 ante
906 2956 950 2987 E:
994 2959 1198 2989 conveniant
1223 2957 1321 2989 seE·
1366 2972 1405 2979 —
1446 2956 1702 2996 consequentis,
1743 2960 1874 2990 antece-

121 3001 255 3035 dentis,
296 3002 520 3041 repuynantis
557 3001 626 3033 BV.
666 3000 915 3043 (consequentis
952 3003 1072 3036 saltem
1106 3004 1190 3041 B.):
1233 3006 1487 3044 consequentes,
1532 3002 1786 3038 antecedentes,
1823 3012 1874 3036 re-

119 3049 316 3088 pugnantes
344 3046 368 3077 E
395 3055 470 3078 cum
499 3052 578 3079 cett.
621 3064 659 3070 -
699 3048 756 3080 26.
786 3050 970 3085 adiuncti;
1000 3052 1103 3081 etiam
1128 3051 1154 3081 ii
1177 3051 1238 3091 qui
1263 3050 1438 3082 Orellius:
1466 3049 1626 3081 adiuncti
1652 3051 1758 3081 etiam
1782 3051 1873 3092 iique

123 3104 140 3127 a
157 3095 182 3125 B
198 3118 206 3130 ‚
233 3092 392 3123 adiuncti
417 3094 520 3124 etiam
545 3094 611 3134 hiq'
639 3094 659 3124 b
676 3117 684 3131 ,
728 3096 883 3127 adiuncti
909 3097 1013 3128 etiam
1037 3097 1135 3138 hique
1160 3097 1220 3138 qui
1246 3097 1266 3128 d
1285 3119 1294 3133 ,
1333 3096 1491 3127 adiuncti
1517 3097 1622 3127 etiam
1646 3096 1714 3129 duo
1740 3105 1873 3138 quoquc

123 3141 183 3180 qui
201 3139 295 3170 Valla
312 3164 320 3175 ,
347 3139 517 3170 adiunctis
544 3141 648 3171 etiam
672 3141 807 3173 duobus
831 3143 895 3179 iis,
923 3145 979 3182 qui
998 3143 1070 3175 NE.
1098 3141 1360 3183 (repugnantiu
1388 3142 1504 3174 adiuti
1528 3143 1634 3175 etiam
1656 3144 1719 3180 iis,
1745 3145 1803 3185 qui
1820 3144 1871 3175 lo.

122 3187 195 3218 Ios.
222 3186 323 3218 Klein
351 3188 383 3216 in
408 3185 498 3217 Diss.
527 3186 569 3217 de
603 3186 755 3219 tontibus
780 3188 990 3228 Topicorum
1017 3189 1207 3222 Ciceronis·
1250 3190 1391 3221 Bonnae
1418 3187 1522 3220 1844.
1549 3198 1583 3229 p.
1613 3188 1689 3231 62.)
1731 3205 1770 3213 ·-
1812 3190 1869 3222 28.

123 3230 390 3320 ἓείὃιῖρυςηαε]
426 3238 597 3273 repuynat
625 3231 712 3272 (om.
738 3236 803 3273 rel)
828 3235 995 3274 abdet,
1021 3236 1102 3282 Βρ,
1138 3235 1248 3268 Vana.
1286 3252 1323 3258 —
1366 3234 1422 3268 34.
1460 3234 1664 3278 fuqiendove
1699 3236 1759 3283 ῐρ.
1801 3235 1869 3268 Ct'r-
