2117 3762
206 636 221 681 ὲ

188 967 222 992 10

236 259 314 301 184
931 249 1000 290 DE
1033 247 1280 290 ORATORE

230 368 361 427 possit
397 362 529 407 oratio
572 358 623 402 ad
668 369 810 399 sensus
849 353 1079 395 animorum
1122 358 1242 409 atque
1282 359 1418 397 motus
1460 353 1525 396 vel
1563 354 1875 398 inflammandos
1915 348 1981 397 vel

233 432 356 474 etiam
397 420 716 479 exstinguendos
757 416 885 473 (quod
915 429 1042 457 unum
1072 416 1115 456 in
1146 422 1309 458 oratore
1341 417 1588 466 dominatur)
1631 417 1718 457 sine
1759 417 1984 471 diligentis-

234 494 336 537 sima
362 486 710 547 pervestigatione
741 492 883 521 earum
914 477 1100 519 omnium
1131 477 1359 528 rationum,
1407 493 1511 534 quae
1549 480 1599 519 de
1630 479 1785 520 naturis
1815 481 1982 522 humani

235 554 399 612 generis
430 565 477 592 ac
506 545 691 590 moribus
722 556 743 583 a
774 539 1032 595 philosophis
1063 539 1331 594 explicantur.
1394 544 1461 582 61.
1495 542 1627 596 Atque
1657 540 1765 581 haud
1787 542 1898 590 scio,
1930 556 1984 583 an

236 617 370 658 minus
399 615 479 655 hoc
508 608 625 650 vobis
657 605 733 646 sim
761 602 1034 659 probaturus3
1086 599 1280 656 equidem
1307 617 1392 644 non
1423 602 1645 652 dubitabo,
1685 605 1797 657 quod
1828 603 1982 653 sentio,

236 681 392 723 dicere:
438 672 605 729 physica
644 667 718 708 ista
747 667 839 718 ipsa
869 669 909 705 et
939 663 1226 704 mathematica
1257 668 1297 704 et
1327 677 1430 719 quae
1461 666 1597 721 paullo
1629 670 1722 705 ante
1752 670 1985 707 ceterarum

236 745 383 786 artium
413 732 584 791 propria
613 727 804 785 posuisti,
837 728 1032 768 scientiae
1063 730 1158 766 sunt
1187 738 1355 774 eorum,
1387 729 1456 781 qui
1485 728 1555 769 illa
1584 726 1849 783 profitentur;
1895 728 1988 769 illu-

236 813 365 848 strare
396 804 531 842 autem
563 793 750 836 oratione
781 791 815 831 si
846 790 937 845 quis
966 788 1064 830 istas
1093 788 1202 843 ipsas
1233 793 1340 828 artes
1370 788 1485 837 velit,
1531 793 1581 832 ad
1613 789 1790 832 oratoris
1821 791 1859 831 ei
1890 804 1988 832 con-

235 867 476 921 fugiendum
507 863 569 901 est
596 856 845 897 facultatem.
907 854 974 892 62.
1019 853 1163 904 Neque
1203 852 1334 898 enim,
1387 850 1422 891 si
1460 852 1670 894 Philonem
1707 852 1821 893 illum
1854 851 1988 894 archi-

236 933 406 972 tectum,
456 923 525 978 qui
555 915 873 962 Atheniensibus
904 912 1265 956 armamentarium
1305 911 1420 958 fecit,
1471 921 1627 956 constat
1656 915 1884 970 perdiserte
1915 928 1989 970 po-

237 989 335 1045 pulo
364 986 569 1029 rationem
601 979 740 1036 operis
770 978 835 1020 sui
864 976 1114 1024 reddidisse,
1149 973 1467 1016 existimandum
1499 982 1578 1023 est,
1611 977 1822 1018 architecti
1853 979 1989 1032 potius

237 1049 412 1092 artificio
456 1047 654 1089 disertum
696 1055 821 1096 quam
860 1038 1036 1081 oratoris
1074 1037 1216 1078 fuisse.
1278 1039 1382 1084 Nee,
1429 1040 1462 1078 si
1502 1038 1598 1079 huic
1625 1041 1680 1080 M.
1704 1041 1881 1081 Antonio
1912 1053 1988 1094 pro

236 1111 500 1156 Hermodoro
531 1108 674 1149 fuisset
704 1104 755 1145 de
785 1102 991 1143 navalium
1022 1114 1147 1155 opere
1177 1099 1420 1147 dicendum,
1453 1114 1558 1149 non,
1593 1115 1683 1142 cum
1714 1103 1764 1142 ab
1796 1102 1864 1142 illo
1897 1116 1992 1142 cau-

238 1192 323 1220 sam
362 1173 593 1218 didicisset,
638 1168 728 1223 ipse
758 1171 901 1207 ornate
933 1166 983 1205 de
1016 1163 1149 1204 alieno
1182 1161 1355 1203 artificio
1386 1162 1638 1219 copioseque
1670 1163 1850 1206 dixisset.
1909 1166 1990 1204 Ne-

186 1253 318 1303 1⁵que
362 1250 464 1278 vero
503 1230 794 1285 Asclepiades,
843 1231 876 1269 is
918 1240 1000 1282 qno
1036 1240 1112 1267 nos
1151 1224 1312 1266 medico
1344 1225 1560 1281 amicoque
1590 1227 1654 1267 usi
1684 1239 1843 1273 sumus,
1895 1240 1989 1267 cum

192 1910 227 1934 25

239 1299 474 1356 eloquentia
502 1294 698 1338 vincebat
727 1298 887 1334 ceteros
916 1289 1119 1335 medicos,
1170 1289 1212 1328 in
1243 1301 1292 1328 eo
1325 1289 1440 1342 ipso,
1494 1287 1604 1342 quod
1635 1293 1776 1329 ornate
1808 1287 1990 1335 dicebat,

238 1363 466 1406 medicinae
495 1358 686 1400 facultate
717 1358 926 1401 utebatur,
963 1365 1046 1394 non
1077 1349 1352 1405 eloquentiae.
1414 1352 1481 1390 63.
1515 1351 1646 1406 Atque
1676 1349 1777 1392 illud
1807 1356 1867 1392 est
1895 1366 1994 1404 pro-

239 1426 436 1472 babilius,
481 1435 617 1477 neque
647 1426 781 1461 tamen
811 1431 977 1461 verum,
1021 1415 1132 1469 quod
1165 1415 1353 1454 Socrates
1385 1411 1525 1453 dicere
1556 1412 1735 1459 solebat,
1779 1425 1921 1454 omnes
1951 1412 1993 1454 in

241 1505 312 1537 eo,
346 1486 456 1543 quod
488 1487 659 1529 scirent,
691 1481 788 1523 satis
820 1493 908 1521 esse
941 1477 1202 1531 eloquentes;
1253 1474 1353 1516 illud
1384 1474 1545 1523 verius,
1578 1489 1714 1530 neque
1744 1489 1994 1530 quemquam

240 1554 283 1595 in
314 1565 363 1592 eo
396 1550 594 1591 disertum
625 1560 715 1587 esse
746 1557 892 1598 posse,
941 1539 1053 1595 quod
1082 1540 1258 1586 nesciat,
1300 1551 1458 1592 neque,
1502 1537 1533 1578 si
1567 1538 1720 1593 optime
1751 1538 1851 1579 sciat
1880 1538 1994 1593 igna-

240 1627 394 1669 rusque
426 1614 477 1653 sit
506 1608 720 1652 faciundae
752 1622 798 1647 ac
828 1604 1047 1659 poliendae
1079 1601 1300 1648 orationiS,
1353 1599 1505 1640 diserte
1535 1599 1576 1640 id
1617 1600 1774 1655 ipsum,
1824 1602 1874 1641 de
1912 1614 1994 1654 quo

241 1679 360 1724 sciat,
391 1688 512 1730 posse
534 1674 687 1714 dicere.
745 1672 836 1711 XV.
860 1668 927 1708 6ἶι.
964 1666 1265 1718 Quamobrem,
1297 1663 1329 1703 si
1350 1661 1442 1716 quis
1464 1663 1700 1703 universam
1721 1667 1761 1703 et
1779 1662 1993 1718 propriam

242 1740 420 1795 oratoris
451 1736 532 1777 vim
565 1733 736 1776 definire
767 1728 1071 1783 complectique
1101 1725 1208 1772 vult,
1240 1724 1274 1765 is
1306 1730 1446 1765 orator
1476 1726 1554 1765 erit
1584 1739 1676 1766 mea
1697 1716 1896 1766 sententia
1917 1727 1996 1766 hoc

239 1798 322 1844 tam
347 1801 460 1855 gravi
481 1798 628 1852 dignus
653 1794 843 1841 nomine,
877 1793 963 1848 qui,
994 1801 1262 1845 quaecunque
1282 1801 1349 1828 res
1371 1786 1584 1835 inciderit,
1619 1801 1725 1842 quae
1749 1790 1799 1828 sit
1820 1780 2008 1828 dictione*

243 1862 509 1918 explicanda,
562 1858 790 1913 prudenter
828 1861 867 1896 et
905 1852 1134 1908 composite
1175 1857 1214 1890 et
1248 1855 1392 1890 ornate
1423 1854 1462 1889 et
1492 1852 1734 1899 memoriter
1764 1842 1995 1897 dicetgciifi]

244 1925 419 1982 quadam
450 1921 622 1964 actionis
654 1919 775 1960 etiam
808 1916 1017 1970 dignitate.
1080 1915 1146 1954 65.
1192 1910 1262 1952 Sin
1293 1911 1470 1964 cuipiam
1503 1911 1622 1951 nimis
1653 1910 1853 1952 infinitum
1884 1912 1998 1952 vide-

242 1996 334 2037 tur,
369 1985 477 2043 quod
508 1987 565 2025 ita
594 1981 820 2038 proposui,
856 1988 1166 2033 quacunque
1198 1973 1259 2014 de
1290 1988 1364 2021 re,
1410 1973 1505 2014 licet
1534 1975 1653 2021 hinc,
1688 1979 1883 2028 quantum
1913 1972 1999 2014 cui-

243 2066 323 2106 que
353 2048 584 2094 videbitur,
619 2041 886 2085 circumcidat
915 2046 1036 2093 atque
1067 2041 1269 2092 amputet,
1302 2041 1437 2076 tamen
1468 2035 1569 2076 illud
1601 2039 1770 2082 tenebo,
1803 2035 1857 2082 si,
1893 2048 1998 2090 quae

244 2112 391 2155 ceteris
436 2113 478 2151 in
520 2107 673 2150 artibus
718 2111 787 2146 aut
830 2102 973 2144 studiis
1012 2100 1086 2141 sita
1128 2105 1237 2145 sunt,
1287 2104 1429 2138 orator
1465 2098 1628 2150 ignoret
1666 2103 1906 2151 tantumque
1949 2110 1999 2137 ea

195 2222 208 2231 ρ
242 2180 399 2221 teneat,
433 2186 538 2227 quac
570 2171 650 2212 sint
678 2169 719 2209 in
752 2162 1119 2218 disceptationibus
1150 2168 1270 2215 atquc
1301 2161 1341 2200 in
1373 2174 1448 2200 usu
1480 2159 1655 2206 forensi,
1687 2166 1823 2200 tamen
1854 2160 1918 2200 his
1949 2161 1999 2200 de

194 2223 228 2247 ⁰⁰
243 2242 368 2280 rebus
398 2236 498 2290 ipsis
530 2235 562 2274 si
593 2232 643 2274 sit
673 2234 709 2272 ei
741 2227 982 2270 dicendum,
1015 2240 1108 2265 cum
1140 2224 1382 2276 cognoverit
1411 2224 1462 2262 ab
1494 2222 1568 2270 iis,
1603 2222 1672 2276 qui
1695 2226 1856 2270 tenent,
1891 2234 1998 2276 quae

193 2534 226 2559 35

245 2302 327 2343 siut
356 2300 397 2341 in
429 2310 592 2352 quaque
623 2308 684 2339 re,
721 2292 848 2333 multo
881 2295 1090 2330 oratorem
1124 2285 1269 2326 melius
1300 2298 1420 2339 quam
1445 2286 1556 2336 ipsos
1578 2284 1692 2332 illos,
1727 2297 1906 2338 quorum
1927 2296 1999 2324 eae

244 2367 324 2405 sint
355 2367 484 2408 artes,
535 2372 624 2398 csse
657 2356 875 2396 dicturum.
940 2354 1006 2391 66.
1042 2352 1099 2390 Ita
1131 2349 1162 2390 si
1195 2348 1245 2389 de
1275 2361 1321 2388 re
1352 2347 1517 2388 militari
1549 2346 1768 2387 dicendum
1799 2345 1892 2386 huic
1922 2344 2001 2386 erit

246 2425 455 2480 Sulpicio,
506 2425 677 2476 quaeret
707 2432 730 2458 a
762 2418 806 2457 C.
832 2414 960 2455 Mario
993 2412 1103 2454 affini
1135 2417 1276 2452 nostro
1309 2416 1367 2457 et,
1417 2424 1509 2450 cum
1540 2410 1767 2464 acceperit,
1818 2407 1874 2448 ita
1903 2420 2000 2460 pro-

243 2487 472 2532 nuntiabit,
506 2489 551 2524 ut
582 2481 656 2537 ipsi
690 2483 731 2523 C.
766 2477 896 2520 Mario
928 2488 1057 2529 paene
1088 2474 1155 2514 hic
1187 2473 1333 2514 melius
1364 2486 1485 2527 quam
1513 2471 1602 2525 ipse
1631 2471 1701 2512 illa
1733 2471 1839 2511 scire
1862 2468 2001 2510 videa-

246 2557 331 2598 tur;
379 2549 441 2589 sin
471 2548 521 2587 de
553 2545 645 2586 iure
676 2541 803 2588 civili,
852 2546 988 2580 tecum
1022 2536 1345 2578 communicabit
1376 2541 1497 2589 teque
1529 2533 1737 2574 hominem
1768 2530 2002 2586 prudentis—

246 2614 393 2654 simum
425 2616 464 2651 et
494 2605 788 2663 peritissimum
820 2603 862 2643 in
893 2602 943 2641 iis
973 2600 1071 2655 ipsis
1101 2598 1251 2646 rebus,
1285 2611 1385 2654 quas
1416 2599 1488 2638 abs
1518 2602 1558 2637 te
1590 2593 1804 2641 didicerit,
1837 2592 2002 2634 dicendi

252 2681 336 2716 arte
367 2670 603 2726 superabit3
654 2671 720 2708 67.
752 2666 813 2707 sin
845 2677 948 2719 qnae
977 2676 1044 2704 res
1075 2661 1286 2707 inciderit,
1333 2660 1375 2700 in
1406 2673 1486 2714 qua
1515 2660 1565 2699 de
1596 2664 1761 2704 natura,
1808 2657 1859 2696 de
1888 2654 2000 2697 vitiis

336 2790 369 2820 5.
397 2786 494 2818 vobis
519 2786 580 2816 hoc
607 2783 679 2813 BR.
711 2800 747 2805 —
793 2780 911 2811 dubito
939 2778 1048 2809 Codd.
1078 2777 1119 2807 al.
1149 2776 1189 2806 R.
1228 2791 1266 2796 —
1311 2774 1343 2805 6.
1384 2775 1453 2804 ista
1491 2773 1568 2811 ipsa
1604 2780 1692 2811 quae
1724 2769 1842 2810 paullo
1868 2774 1949 2800 ante
1974 2772 2005 2800 et

247 2834 490 2867 mathematica
518 2837 547 2863 et
573 2834 761 2861 ceterarum
778 2828 821 2859 R.
845 2843 883 2848 -
909 2826 944 2856 7.
973 2824 1152 2855 illustrari
1177 2822 1217 2852 13.
1240 2837 1276 2843 -
1307 2822 1361 2852 11.
1391 2825 1437 2852 est
1464 2822 1643 2858 tamquam
1671 2817 1717 2847 ad
1742 2817 1921 2847 architecti
1943 2824 2005 2855 po-

246 2884 313 2913 tius
337 2881 542 2921 facultatem
566 2878 608 2908 R.
640 2893 678 2898 ——
708 2876 760 2906 12.
790 2883 895 2916 quam
922 2871 1076 2902 oratoris
1105 2878 1173 2900 om.
1194 2868 1234 2898 B.
1255 2884 1295 2889 —-
1324 2867 1379 2899 13.
1406 2874 1496 2901 non,
1524 2862 1615 2903 cum]
1642 2873 1821 2903 nunquam
1846 2863 1893 2899 B,
1919 2870 2005 2892 num

245 2938 320 2959 cum
348 2929 388 2958 R.
420 2943 459 2949 —
503 2927 558 2957 15.
587 2932 662 2955 cum
688 2922 795 2953 Codd.
826 2921 1009 2960 plerique,
1040 2919 1095 2948 R:
1125 2921 1216 2950 tum,
1245 2924 1320 2945 cum
1347 2914 1385 2945 E.
1414 2929 1453 2934 -—-
1497 2912 1554 2942 20.
1582 2913 1611 2941 si
1639 2911 1764 2949 optime
1792 2909 1901 2940 Codd.
1931 2908 2002 2939 ab:

245 2977 276 3006 si
300 2976 336 3004 id
362 2975 488 3013 optime
514 2972 586 3004 RE.
614 2987 651 2991 —-
677 2968 795 3008 (neque
820 2985 833 2990 -
862 2983 875 2988 —
901 2968 987 2997 sciat
1014 2973 1081 2995 om.
1112 2964 1168 2999 B.)
1192 2978 1229 2983 —
1256 2964 1470 3000 iyrzafrusque
1494 2959 1522 2989 si
1548 2959 1591 2988 sit
1617 2957 1688 2988 BR.
1721 2972 1759 2979 -
1787 2957 1845 2987 21.
1874 2955 1913 2986 dc
1939 2963 2006 2995 quo

245 3023 355 3055 sciat,
381 3028 478 3057 posse
507 3021 530 3050 B
558 3018 712 3057 aliique:
743 3016 782 3047 de
809 3022 875 3054 quo
902 3015 986 3043 sciat
1006 3034 1013 3045 ,
1042 3019 1113 3041 non
1136 3016 1235 3049 posse
1259 3008 1313 3045 R,
1346 3014 1463 3046 posse,
1510 3005 1551 3034 de
1577 3014 1644 3044 quo
1669 3005 1758 3035 sciat
1783 3003 1822 3034 E.
1862 3001 1937 3042 (Vv.
1966 3000 2006 3031 de

246 3076 313 3109 quo
339 3068 423 3096 sciat
451 3067 623 3096 immerito
650 3068 809 3102 suspecta
838 3064 935 3092 erant
964 3053 1210 3096 lleusingero)
1238 3071 1271 3076 -
1298 3053 1355 3084 24.
1384 3060 1587 3092 quacunque
1614 3051 1654 3080 de
1679 3058 1715 3081 re
1741 3049 1782 3080 Β.
1804 3064 1844 3071 -
1871 3048 1929 3079 25.
1956 3048 2006 3078 di-

249 3117 299 3145 cct
325 3113 349 3143 B
377 3113 506 3150 aliique
525 3136 532 3147 ,
561 3112 611 3142 R:
644 3111 739 3140 dicat
765 3110 805 3140 Ε.
828 3124 867 3129 -
895 3106 950 3137 26.
980 3105 1129 3136 actionis
1158 3102 1263 3132 etiam
1289 3101 1314 3130 B
1341 3099 1470 3137 aliique
1489 3122 1496 3133 ,
1525 3099 1579 3128 R:
1607 3099 1711 3128 etiam
1737 3096 1882 3127 actionis
1909 3093 1948 3125 E.
1967 3109 2002 3115 —

246 3161 303 3192 27.
327 3159 496 3198 proposui
515 3158 623 3189 Codd.
641 3157 704 3194 al.,
732 3157 786 3187 R:
809 3155 913 3195 posui
940 3153 979 3183 E.
1010 3151 1079 3183 Cir.
1098 3147 1276 3190 W'yttenb.
1298 3146 1412 3186 Eclog.
1436 3147 1512 3176 hist.
1534 3153 1566 3183 p.
1587 3144 1669 3175 [448.
1698 3159 1735 3166 —
1765 3143 1821 3173 29.
1850 3138 1923 3180 aut]
1952 3143 2007 3170 at-

248 3215 312 3248 que
338 3206 377 3235 B.
401 3221 438 3226 —
469 3203 524 3234 30.
554 3210 634 3234 sunt
653 3203 720 3234 Gu.
745 3205 776 3233 1.
796 3226 804 3239 ‚
833 3206 870 3233 ut
896 3199 1031 3232 volebat
1060 3197 1259 3228 Huldricus.
1282 3209 1321 3214 —-
1349 3191 1464 3233 atque]
1489 3196 1550 3222 aut
1570 3191 1611 3221 R.
1634 3208 1670 3213 —
1700 3193 1814 3220 tamen
1838 3188 1868 3218 si
1892 3187 1943 3217 his
1960 3186 2003 3217 R.

251 3253 391 3294 (omisso
410 3251 439 3280 si
459 3256 537 3281 ante
557 3260 587 3281 v.
608 3250 680 3288 sit.)
701 3267 738 3272 —-
766 3249 821 3280 32.
843 3254 1051 3287 unaquaque
1072 3247 1112 3275 R.
1138 3257 1171 3263 —
1201 3240 1312 3271 multa
1331 3239 1371 3270 B.
1394 3255 1432 3261 —
1451 3238 1507 3269 33.
1528 3237 1639 3268 simB
1658 3236 1803 3275 aliique:
1832 3236 1913 3264 sunt
1932 3233 2003 3264 RE.

252 3316 291 3323 —-
319 3299 374 3330 35.
405 3297 439 3328 C.
461 3306 528 3327 oni.
559 3296 757 3328 Lambinus.
784 3313 819 3318 -
849 3295 903 3326 illc
928 3294 969 3324 R.
993 3308 1034 3314 —
1063 3291 1118 3323 36.
1148 3293 1256 3319 tecum
1281 3294 1392 3318 seram
1416 3286 1552 3316 vocavit
1577 3284 1708 3316 Nonius
1734 3290 1768 3320 p.
1790 3279 1869 3312 189.
1893 3280 1944 3313 M.
1966 3296 2004 3302 —

252 3343 362 3387 teque]
390 3347 420 3375 te
445 3343 603 3381 Nonius,
632 3343 702 3373 BR.
732 3359 773 3365 —
800 3342 856 3373 37.
884 3342 933 3372 his
956 3340 999 3372 R.
1030 3356 1068 3362 —
1096 3336 1152 3369 38.
1181 3330 1285 3375 quae]
1312 3342 1379 3375 qua
1404 3332 1616 3370 Lambinus,
1645 3329 1764 3371 aliqua
1789 3326 1830 3359 B.
