2117 3762
239 273 320 318 412
1021 279 1236 324 ORATOR

239 396 364 439 quam
403 382 688 439 eloquentiae:
733 396 814 439 qua
857 386 996 425 tamen
1034 384 1078 425 in
1121 398 1244 428 causa
1270 391 1332 430 est
1361 398 1489 431 vacua
1519 389 1774 442 prudentia?
1823 391 1997 433 Noverit

238 446 365 501 igitur
393 447 459 488 hie
489 448 656 502 quidem
687 451 851 496 orator,
886 461 1010 500 quem
1042 457 1247 491 summum
1277 465 1366 492 esse
1396 451 1612 501 volumus,
1654 457 1993 506 argumentorum

241 515 283 551 et
311 510 519 551 rationum
549 508 678 549 locos.
741 509 809 550 ῐι5.
860 511 962 550 Nam
993 510 1217 564 quoniam,
1264 513 1464 569 quidquid
1509 520 1571 555 est
1611 514 1722 569 quod
1761 514 1803 555 in
1834 520 1999 556 contro-

242 573 378 614 versia
420 576 491 612 aut
533 572 575 610 in
615 570 879 613 contentione
919 577 1132 620 versetur,
1177 572 1218 614 in
1258 588 1311 616 eo
1350 582 1420 618 aut
1459 578 1564 618 sitne
1605 582 1676 618 aut
1717 578 1817 633 quid
1847 579 1899 618 sit
1928 582 2000 620 aut

212 635 363 689 ⁵quale
393 634 469 683 sit,
503 635 738 687 quaeritur3
785 635 911 683 sitne,
951 635 1098 689 signis;
1146 635 1244 691 quid
1273 637 1352 686 sit,
1395 638 1729 690 definitionibus3
1777 639 1899 695 quale
1930 639 1997 687 sit,

242 699 344 739 recti
373 697 572 751 pravique
601 697 813 751 partibus3
863 696 1013 752 quibus
1050 703 1097 739 ut
1126 700 1185 739 uti
1216 701 1346 754 possit
1375 708 1536 751 orator,
1585 717 1670 744 non
1699 702 1769 744 ille
1799 702 1998 756 vulgaris,

243 761 316 801 sed
344 759 413 800 hic
442 758 668 806 excellens,
709 773 733 800 a
762 760 943 815 propriis
975 763 1167 814 personis
1197 768 1239 803 et
1269 763 1528 818 temporibus
1560 779 1744 821 semper,
1785 765 1819 805 si
1847 769 1999 819 potest,

243 826 388 863 avocat
419 821 759 864 controversiam.
820 824 962 864 Latius
994 824 1105 866 enim
1136 827 1187 866 de
1217 838 1371 880 genere
1401 841 1523 881 quam
1555 831 1606 870 de
1635 833 1751 882 parte
1773 827 2002 880 disceptare

242 884 361 932 lieet3
394 888 463 930 ut,
496 885 609 939 quod
639 884 682 926 in
712 886 907 927 universo
939 887 991 927 sit
1009 889 1252 942 probatum,
1284 887 1327 929 id
1355 889 1398 929 in
1420 895 1536 943 parte
1557 891 1609 931 sit
1630 891 1798 946 probari
1819 903 2002 931 necesse.

193 955 230 981 10
245 948 313 989 46.
347 947 462 988 Haec
501 948 627 1001 igitur
663 948 851 1003 quaestio
882 962 905 990 a
935 950 1117 1004 propriis
1147 953 1339 1004 personis
1370 956 1411 992 et
1440 952 1699 1005 temporibus
1730 952 1781 994 ad
1821 951 2004 994 universi

245 1010 411 1066 generis
441 1011 672 1051 orationem
711 1010 897 1052 traducta
936 1011 1168 1066 appellatur
1206 1018 1337 1062 θέσις.
1396 1015 1443 1054 In
1484 1013 1560 1054 hac
1590 1015 1835 1056 Aristoteles
1865 1013 2006 1055 adole-

246 1077 407 1113 scentes
436 1085 520 1114 non
549 1072 599 1114 ad
629 1072 975 1128 philosophorum
1007 1088 1168 1116 morem
1196 1077 1378 1117 tenuiter
1398 1076 1649 1124 disserendi,
1681 1080 1753 1119 sed
1774 1080 1825 1119 ad
1845 1079 2005 1132 copiam

245 1137 486 1185 rhetorum,
518 1134 558 1176 in
588 1141 808 1192 utramque
838 1144 997 1191 partem
1028 1142 1072 1179 ut
1102 1139 1290 1179 ornatius
1321 1144 1362 1180 et
1391 1138 1562 1180 uberius
1593 1140 1674 1180 dici
1695 1146 1855 1193 posset,
1887 1154 2009 1181 exer-

247 1197 354 1247 cuit3
400 1197 597 1253 idemque
634 1199 750 1239 locos
780 1200 910 1240 -sic
941 1199 1051 1240 enim
1082 1200 1262 1256 appellat
1283 1225 1337 1232 —
1368 1203 1487 1256 quasi
1516 1208 1857 1256 argumentorum
1888 1208 2008 1244 notas

197 1267 234 1294 ¹⁵
251 1258 438 1308 tradidit,
484 1262 595 1302 unde
635 1262 767 1302 omnis
807 1262 851 1303 in
890 1269 1110 1316 utramque
1141 1270 1302 1317 partem
1335 1267 1572 1306 traheretur
1602 1264 1751 1309 oratio.
1811 1266 1902 1306 XV.
1936 1267 2006 1306 147.

248 1322 386 1364 Facile
415 1322 543 1377 igitur
573 1324 639 1364 hic
669 1329 812 1365 noster
840 1339 997 1366 —non
1028 1325 1136 1368 enim
1168 1325 1485 1368 declamatorem
1518 1326 1699 1382 aliquem
1731 1328 1782 1368 de
1812 1326 1912 1368 ludo
1942 1333 2012 1369 aut

250 1387 437 1427 rabulam
455 1385 636 1433 defore,
656 1388 728 1428 sed
745 1386 1029 1429 doctissimum
1048 1395 1088 1429 et
1107 1388 1452 1442 perfectissimum
1474 1390 1713 1445 quaerimus
1731 1413 1797 1438 —-‚
1818 1389 2012 1444 quoniam

250 1448 332 1490 loci
362 1449 465 1490 certi
494 1448 735 1498 traduntur,
768 1456 988 1504 percurret
1017 1465 1182 1500 omnes,
1214 1458 1357 1493 utetur
1377 1452 1504 1507 aptis,
1536 1452 1767 1505 generatim
1792 1451 1924 1502 dicet;
1959 1467 2013 1493 ex

251 1525 335 1567 quo
367 1516 560 1553 emanant
591 1513 742 1562 etiam,
790 1514 859 1569 qui
899 1527 1139 1555 communes
1177 1514 1436 1570 appellantur
1474 1516 1569 1556 loci.
1628 1517 1713 1556 Nee
1743 1528 1842 1556 vero
1874 1519 2014 1556 utetur

202 1585 238 1612 20
252 1573 535 1630 imprudenter
563 1577 641 1617 hac
671 1575 820 1631 copia,
853 1578 926 1618 sed
956 1576 1095 1618 omnia
1126 1577 1337 1632 expendet
1369 1582 1410 1618 et
1441 1577 1601 1631 seliget.
1663 1579 1756 1619 Non
1777 1578 1887 1618 enim
1909 1590 2016 1618 sem-

252 1653 327 1694 per
371 1651 448 1679 nec
486 1639 529 1679 in
574 1638 766 1680 omnibus
805 1641 939 1681 causis
979 1653 1033 1681 ex
1072 1639 1221 1681 iisdem
1261 1646 1605 1695 argumentorum
1645 1646 1858 1682 momenta
1903 1644 2012 1680 sunt.

254 1701 322 1742 48.
355 1701 558 1742 Iudicium
597 1702 727 1755 igitur
756 1701 972 1744 adhibebit
1001 1717 1078 1744 nee
1108 1704 1294 1745 inveniet
1323 1703 1456 1745 solum
1489 1703 1587 1757 quid
1621 1704 1747 1751 dicat,
1788 1704 1861 1743 sed
1892 1701 2016 1744 etiam

254 1762 474 1818 expendet.
532 1765 645 1805 Nihil
686 1766 795 1806 enim
836 1770 898 1806 est
926 1764 1105 1807 feracius
1135 1766 1330 1821 ingeniis,
1372 1765 1421 1806 iis
1453 1767 1720 1819 praesertim,
1755 1779 1862 1819 quae
1895 1763 2018 1806 disci-

254 1826 377 1880 plinis
421 1826 584 1868 exculta
627 1834 736 1869 sunt.
815 1829 895 1869 Sed
942 1834 988 1870 ut
1037 1834 1200 1883 segetes
1239 1828 1440 1870 fecundae
1486 1834 1527 1869 et
1564 1831 1715 1869 uberes
1753 1841 1839 1868 non
1881 1827 2018 1868 solum

206 1898 241 1925 2⁵
257 1888 396 1944 fruges
435 1903 581 1930 verum
628 1889 779 1931 herbas
810 1892 936 1932 etiam
966 1890 1185 1933 effundunt
1213 1891 1518 1933 inimicissimas
1547 1890 1761 1945 frugibus,
1802 1890 1860 1931 sic
1889 1891 2020 1931 inter-

259 1954 357 1994 dum
399 1966 451 1993 ex
493 1951 574 1994 illis
610 1952 713 1994 locis
750 1958 821 1994 aut
859 1953 967 1995 levia
1007 1957 1209 2008 quaedam
1248 1960 1318 1995 aut
1359 1955 1492 1995 causis
1524 1954 1659 1994 aliena
1688 1957 1871 1994 autnon
1902 1951 2020 1992 utilia

257 2017 505 2069 gignuntur3
557 2029 735 2069 quorum
778 2014 830 2056 ab
875 2019 1053 2058 oratoris
1097 2016 1255 2058 iudicio
1295 2016 1478 2058 delectus
1518 2030 1691 2069 magnus
1732 2015 2017 2056 adhibebitur.

257 2079 326 2119 49.
361 2078 552 2127 Quonam
582 2078 707 2120 modo
738 2079 806 2120 ille
836 2080 878 2120 in
909 2081 1029 2120 bonis
1059 2078 1247 2120 haerebit
1277 2084 1317 2120 et
1346 2077 1546 2120 habitabit
1576 2079 1694 2119 suis?
1743 2079 1827 2118 Aut
1857 2077 2018 2119 molliet

260 2141 362 2180 dura
393 2145 462 2181 aut
490 2140 739 2190 occultabit,
790 2155 897 2197 quae
929 2141 1031 2182 dilui
1061 2156 1143 2183 non
1173 2146 1390 2196 poterunt,
1437 2146 1560 2196 atque
1593 2141 1761 2181 omnino
1793 2141 2019 2195 opprimet,

210 2211 246 2240 ³0
261 2203 488 2251 silieehit,
534 2210 603 2245 aut
634 2205 816 2244 abducet
845 2204 1004 2244 animos
1043 2209 1114 2244 aut
1143 2203 1255 2245 aliud
1283 2203 1454 2252 asseret,
1507 2205 1619 2258 quod
1658 2203 1896 2258 oppositum
1924 2215 2023 2258 pro-

261 2263 439 2306 habilius
469 2265 522 2306 sit
552 2280 674 2321 quam
704 2265 806 2307 illud
836 2268 948 2321 quod
979 2265 1177 2307 obstabit.

375 2330 442 2369 50.
491 2330 577 2369 Iam
612 2342 709 2370 vero
742 2341 810 2375 ea,
859 2342 964 2383 quae
995 2330 1223 2378 invenerit,
1267 2343 1348 2383 qua
1379 2329 1594 2382 diligentia
1624 2326 1872 2369 collocabit?
1923 2341 2026 2382 quo-

262 2391 374 2432 niam
403 2393 446 2432 id
476 2394 703 2432 secundum
736 2396 827 2432 erat
857 2394 908 2432 de
939 2390 1084 2433 tribus.
1145 2392 1358 2433 Vestibula
1387 2393 1583 2432 nimirum
1614 2393 1788 2432 honesta
1808 2389 2024 2446 aditusque

265 2455 316 2494 ad
347 2467 512 2495 causam
542 2453 668 2495 faciet
705 2454 908 2504 illustres;
954 2468 1130 2510 cumque
1173 2454 1334 2496 animos
1376 2455 1512 2507 prima
1544 2454 1813 2507 aggressione
1847 2466 2026 2507 occupa-

215 2526 250 2555 35
266 2517 392 2565 verit,
423 2515 650 2558 infirmabit
681 2516 952 2573 excludetque
983 2518 1213 2567 contraria3
1249 2519 1299 2558 dc
1329 2515 1577 2558 firmissimis
1607 2515 1687 2557 alia
1716 2517 1850 2573 prima
1879 2520 2024 2569 ponet,

361 2672 394 2702 1.
422 2669 658 2711 eloquentiae:
700 2668 784 2710 qua]
830 2670 867 2701 In
904 2671 967 2702 hac
1005 2671 1174 2702 librorum
1214 2674 1248 2702 et
1281 2671 1311 2701 R
1349 2669 1427 2701 lect.
1459 2668 1651 2708 prudentia
1688 2670 1740 2700 est
1777 2669 2026 2699 nominativus.

267 2719 369 2752 Multi
406 2720 440 2749 in
480 2726 519 2749 ea
546 2717 755 2754 haeserunt;
803 2719 885 2749 mihi
925 2719 1005 2749 olim
1043 2722 1076 2749 in
1110 2721 1264 2749 mentem
1299 2721 1466 2749 venerat:
1515 2724 1603 2756 quae
1639 2724 1709 2755 qua
1735 2730 1748 2735 -
1774 2731 1786 2736 -
1809 2716 2028 2753 prudentia?

270 2763 404 2807 (ablat.)
433 2764 500 2796 On.
529 2780 571 2787 —·
598 2767 645 2794 est
672 2773 739 2794 orn.
769 2765 864 2795 Eins.
892 2780 933 2786 —
960 2767 993 2796 2.
1022 2766 1075 2796 hic
1101 2765 1210 2804 ‘iyittcr
1238 2764 1332 2795 Eins.
1364 2780 1400 2785 —
1428 2764 1460 2795 9.
1485 2762 1634 2802 probari
1658 2763 1703 2792 sit
1730 2762 1774 2792 R.
1806 2777 1844 2783 —
1885 2763 1942 2792 11.
1971 2770 2030 2792 ra-

271 2816 404 2846 tionem
428 2811 580 2845 Nizolius
607 2814 641 2842 et
667 2811 875 2851 Purgoidus.
906 2812 975 2842 (ΣΠ.
1002 2810 1040 2852 5.
1070 2812 1150 2842 125.
1178 2827 1220 2831 -
1246 2810 1353 2850 “ee'atg
1381 2810 1511 2841 Graece
1540 2810 1686 2847 scripsi:
1715 2809 1817 2840 thesis
1843 2816 1920 2839 cum
1940 2813 2031 2839 cete-

271 2864 318 2892 ris
347 2861 387 2891 E.
429 2874 468 2881 —-
514 2858 557 2889 In
580 2857 643 2888 hoc
670 2857 738 2889 Gu.
767 2860 800 2889 1.
844 2875 881 2880 —
926 2859 982 2889 12.
1009 2867 1079 2890 non
1101 2857 1387 2898 philosophorum
1411 2864 1505 2887 more
1531 2856 1625 2886 Eins.
1655 2870 1695 2876 -
1737 2855 1791 2886 13.
1814 2855 1926 2894 possit
1954 2855 2029 2886 libri

271 2910 421 2947 (praeter
447 2905 512 2937 Gu.
540 2907 572 2936 1.
602 2906 688 2943 qui:
714 2903 866 2946 potest),
894 2905 1011 2937 Peter.
1063 2905 1107 2936 Ut
1134 2913 1196 2936 nos
1214 2927 1222 2941 ,
1265 2904 1393 2945 Gryph.
1421 2903 1455 2934 2.
1484 2902 1605 2933 Lamb.
1625 2926 1633 2937 ,
1673 2905 1712 2932 ut
1736 2902 1932 2933 Aristotelis
1960 2909 2032 2933 cer·

273 2960 343 2986 tum
364 2953 546 2985 consilium
564 2975 572 2989 ‚
602 2960 669 2982 non
698 2953 802 2984 huius
829 2951 972 2984 effeetus
999 2952 1223 2992 significetur.
1256 2950 1324 2983 On.
1352 2967 1396 2972 -——
1438 2948 1493 2980 14.
1521 2949 1699 2987 appellant
1718 2949 1758 2980 R.
1779 2964 1822 2969 —-
1850 2949 1903 2980 17.
1930 2957 2032 2989 quae-

272 3002 404 3037 rimus,
430 3005 468 3031 ut
493 2999 658 3039 quoniam
684 3016 698 3022 -
722 3017 734 3022 -
757 3003 945 3038 percurrat
969 3016 982 3021 -
1005 3002 1129 3029 utatur
1153 3015 1167 3020 -
1193 2997 1287 3028 dicat
1311 3015 1323 3020 -
1349 3000 1507 3028 emanent
1533 2996 1602 3026 Vit.
1625 2995 1721 3028 Eins.
1750 2995 1811 3027 Dr.
1840 2994 1906 3026 Gu.
1937 2995 1968 3026 1.
1995 2995 2030 3025 2.

273 3049 323 3085 R,
351 3048 465 3080 Peter.
516 3045 560 3077 Ut
585 3054 667 3084 nos,
698 3046 782 3078 Cod.
813 3045 1040 3077 Lovaniensis
1068 3049 1153 3076 teste
1180 3044 1299 3082 Lipsio
1326 3044 1406 3075 Var.
1435 3043 1546 3074 Lectt.
1574 3043 1619 3078 2,
1646 3042 1681 3072 7.
1711 3046 1818 3081 atque
1843 3041 1967 3073 Aldus.
1988 3057 2032 3063 —

275 3095 332 3126 19.
358 3095 385 3125 ii
409 3093 513 3125 etiam
537 3093 579 3124 R.
599 3107 644 3115 —
669 3093 725 3124 21.
752 3092 911 3124 omnibus
936 3093 973 3122 in
997 3093 1112 3123 causis
1140 3091 1233 3122 Eins.
1254 3108 1298 3112 —
1323 3100 1364 3122 ecc
1389 3090 1510 3121 iisdem
1536 3093 1817 3130 arqumentorum
1843 3088 1912 3120 vn.
1934 3088 2030 3118 Eins.

274 3141 334 3172 Dr.
353 3164 361 3175 ,
391 3139 458 3170 Gu.
487 3140 518 3170 1.
547 3140 581 3170 2.
610 3138 664 3170 R:
693 3149 735 3170 ea>
760 3140 880 3170 iisdem
904 3139 1021 3170 eadem
1046 3142 1335 3179 aryumentorum
1361 3136 1482 3168 Lamb.
1512 3135 1553 3166 E.
1585 3152 1620 3158 -
1663 3135 1721 3167 23.
1750 3145 1818 3167 om.
1848 3135 1937 3166 enim
1964 3133 2031 3164 Gu-

276 3188 310 3218 1.
340 3202 379 3208 -
406 3195 475 3217 om.
503 3191 552 3217 est
577 3186 640 3217 Dr.
667 3186 733 3218 Gu.
761 3187 795 3218 2.
824 3203 866 3208 —
891 3186 949 3216 25.
978 3186 1083 3216 etiam
1108 3185 1229 3215 herbas
1254 3184 1313 3215 Dr.
1342 3182 1408 3214 Gu.
1437 3185 1469 3214 1.
1497 3183 1532 3213 2.
1560 3182 1603 3213 R.
1633 3197 1672 3203 -
1701 3182 1757 3214 26.
1786 3187 1850 3213 aut
1874 3190 1896 3212 a
1921 3181 2033 3212 causis

276 3235 320 3266 R.
352 3248 387 3253 —
414 3232 470 3264 28.
501 3231 661 3270 Quonam
688 3233 765 3264 libri
803 3234 902 3270 noti,
930 3232 983 3266 R,
1030 3231 1119 3264 Edd.
1158 3234 1241 3263 vett.
1278 3232 1383 3264 etiam
1416 3229 1562 3261 Aldina:
1605 3227 1745 3270 Alioqui
1778 3236 1927 3269 quonam
1954 3235 2033 3257 cum

277 3282 422 3312 Ascens.
463 3287 532 3311 sec.
573 3279 693 3310 Lamb.
727 3280 775 3317 E,
818 3279 942 3316 Peter,
986 3282 1024 3310 ut
1062 3280 1288 3309 continuetur
1321 3278 1544 3317 interrogatio
1583 3283 1694 3314 usque
1730 3275 1772 3307 ad
1808 3283 1839 3307 v.
1868 3273 2031 3304 obstabit.

279 3324 436 3366 (Alioqui
462 3329 575 3356 tamen
600 3330 651 3357 est
677 3326 846 3358 emblema
874 3334 1013 3365 prorsus
1039 3325 1274 3357 arbitrarium.
1303 3322 1388 3364 On.)
1417 3340 1456 3346 —
1499 3321 1671 3354 habitabit
1696 3322 1733 3353 in
1756 3322 1838 3353 suis·
1864 3329 1946 3352 nam
1973 3322 2034 3351 aut

280 3381 398 3407 rursus
426 3380 465 3405 ex
491 3373 651 3412 interpoi.
680 3373 720 3406 R.
752 3390 788 3397 —
819 3372 875 3405 34.
901 3380 1025 3406 causas
1051 3372 1094 3404 R.
