2117 3762
281 255 364 298 3122
1059 245 1258 288 BRUTUS

280 361 440 417 inquit,
472 362 522 402 ad
544 363 583 400 te
604 358 741 399 animo
762 353 972 400 venimus,
1002 354 1049 393 ut
1079 350 1130 393 de
1158 365 1205 392 re
1234 349 1401 407 publica
1430 352 1539 390 esset
1569 347 1777 390 silentium
1807 354 1847 390 et
1879 348 2037 406 aliquid

283 424 521 467 audiremus
551 421 691 475 potius
724 431 776 458 ex
805 421 869 465 te,
904 427 1029 470 quam
1059 418 1099 454 te
1131 411 1384 454 afficeremus
1414 411 1498 453 ulla
1526 412 1731 452 molestia.
1792 414 1876 454 Vos
1905 425 2035 460 vern,

283 489 475 544 inquam,
508 483 661 530 Attice,
695 484 735 521 et
764 482 1024 534 praesentem
1055 489 1122 517 me
1151 488 1249 516 cura
1277 474 1422 517 levatis
1455 479 1495 515 et
1525 472 1685 515 absenti
1716 488 1863 527 magna
1894 475 2038 517 solatia

285 550 469 593 dedistis.
529 548 631 587 Nam
671 542 819 585 vestris
858 541 1039 594 primum
1079 536 1225 579 litteris
1267 543 1476 579 recreatus
1515 549 1580 577 me
1621 538 1672 577 ad
1701 535 1876 592 pristina
1905 538 2040 579 studia

254 609 491 655 srevocavi.
552 610 656 648 Tum
685 604 780 653 ille,
827 603 954 657 Legi,
993 600 1147 655 inquit,
1186 598 1452 655 perlubenter
1482 598 1720 655 epistolam,
1763 613 1886 654 quam
1917 599 1967 641 ad
1998 605 2038 641 te

284 678 435 717 Brutus
474 669 585 712 misit
623 681 675 709 ex
715 667 830 716 Asia,
875 678 957 720 qua
995 662 1099 704 mihi
1136 661 1248 704 visus
1287 667 1349 703 est
1387 668 1427 704 et
1463 675 1635 704 monere
1670 666 1711 702 te
1742 661 1968 717 prudenter
1998 667 2039 704 et

286 735 489 780 consolari
533 730 796 773 amicissime.
860 730 926 768 12.
973 728 1121 773 Recte,
1171 726 1364 779 inquam,
1413 730 1474 766 est
1513 726 1640 766 visus.
1701 726 1805 765 Nam
1844 737 1912 765 me
1952 723 2041 765 istis

286 798 386 842 scito
430 796 578 838 litteris
619 808 672 835 ex
711 792 905 834 diuturna
945 787 1258 844 perturbatione
1294 786 1420 828 totius
1460 785 1705 829 valetudinis
1743 793 1952 841 tamquam
1991 787 2042 828 ad

287 858 594 914 adspiciendam
630 855 766 897 lucem
809 867 899 895 esse
939 857 1195 893 revocatum.
1255 854 1389 905 Atque
1423 854 1469 890 ut
1504 855 1599 903 post
1638 852 1893 891 Cannensem
1931 848 2043 890 illam

237 921 559 965 1oealamitatem
603 917 785 974 primum
828 914 1012 957 Marcelli
1054 913 1106 955 ad
1142 912 1290 955 Nolam
1326 912 1490 965 proelio
1532 911 1708 967 populus
1747 925 1791 952 se
1830 913 2042 952 Romanus

289 983 423 1026 erexit
466 988 695 1039 posteaque
733 991 960 1035 prosperae
1000 991 1066 1018 res
1106 976 1302 1028 deinceps
1342 972 1493 1014 multae
1535 978 1779 1014 consecutae
1821 981 1936 1022 sunt,
1986 973 2045 1014 sic

286 1052 382 1104 post
418 1059 560 1088 rerum
598 1049 835 1086 nostrarum
872 1046 912 1083 et
941 1038 1225 1082 communium
1255 1034 1520 1092 gravissimos
1550 1047 1667 1075 casus
1700 1035 1802 1077 nihil
1832 1040 1926 1077 ante
1958 1035 2045 1091 epi-

287 1110 435 1153 stolam
464 1109 581 1151 Bruti
611 1106 715 1148 mihi
744 1103 913 1154 accidit,
964 1105 1077 1160 quod
1114 1101 1264 1143 vellem
1293 1103 1362 1140 aut
1393 1099 1504 1152 quod
1535 1097 1673 1152 aliqua
1702 1112 1753 1139 exi
1782 1104 1899 1152 parte
1931 1098 2043 1140 solli-

289 1172 491 1216 citudines
509 1171 708 1213 allevaret
726 1181 854 1210 meas.
918 1168 984 1208 13.
1017 1169 1122 1207 Tum
1139 1166 1310 1209 Brutus,
1340 1160 1465 1205 Volui
1486 1159 1528 1201 id
1546 1159 1713 1216 quidem
1748 1160 1912 1203 efficere
1933 1166 2044 1203 certe

239 1247 276 1275 15
291 1241 331 1278 et
361 1234 479 1292 capio
509 1245 703 1288 magnum
732 1230 932 1277 fructum,
964 1228 998 1270 si
1029 1226 1195 1284 quidem
1227 1227 1339 1280 quod
1370 1225 1484 1266 volui
1514 1228 1625 1266 tanta
1653 1223 1696 1265 in
1726 1239 1771 1266 re
1801 1230 2045 1267 consecutus

291 1313 396 1341 sum.
455 1298 536 1339 Sed
567 1296 672 1338 scire
705 1294 851 1347 cupio,
885 1306 990 1348 quae
1020 1297 1061 1332 te
1092 1288 1213 1331 Attici
1236 1288 1394 1330 litterae
1417 1286 1725 1329 delectaverint.
1783 1289 1890 1329 Istae
1920 1301 2045 1334 vero,

290 1363 485 1417 inquam,
535 1361 686 1407 Brute,
737 1370 820 1398 non
858 1354 985 1396 modo
1023 1352 1339 1395 delectationem
1369 1349 1494 1398 mihi,
1540 1348 1612 1391 sed
1642 1350 1786 1397 etiam,
1829 1357 1874 1392 ut
1903 1363 2047 1406 spero,

291 1427 465 1467 salutem
494 1423 734 1464 attulerunt.
795 1420 1010 1460 Salutem?
1041 1416 1176 1471 inquit
1203 1414 1291 1456 ille.
1355 1412 1575 1463 Quodnam
1604 1414 1771 1453 tandem
1794 1425 1924 1467 genus
1945 1411 2050 1453 istuc

291 1494 376 1529 tam
399 1487 658 1543 praeclarum
678 1483 909 1524 litterarum
939 1479 1046 1522 fuit?
1078 1482 1140 1521 An
1161 1476 1263 1520 mihi
1282 1475 1435 1532 potuit,
1466 1477 1658 1530 inquam,
1693 1488 1782 1516 esse
1803 1481 1873 1517 aut
1893 1476 2051 1530 gratior

241 1562 279 1589 20
293 1551 375 1593 ulla
412 1547 603 1592 salutatio
640 1550 710 1588 aut
749 1547 800 1586 ad
839 1546 919 1585 hoc
956 1547 1118 1597 tempus
1148 1540 1283 1596 aptior
1313 1552 1435 1594 quam
1465 1537 1574 1579 illius
1604 1536 1726 1586 libri,
1773 1552 1855 1594 quo
1888 1551 1954 1579 me
1982 1538 2050 1578 hic

292 1613 439 1656 affatus
469 1611 585 1666 quasi
614 1610 817 1650 iacentem
838 1606 1058 1648 excitavit?
1092 1604 1158 1645 14.
1182 1606 1285 1644 Tum
1306 1601 1396 1650 ille,
1430 1603 1587 1654 Nempe
1615 1614 1709 1641 eum
1733 1600 1857 1647 dicis,
1890 1600 2047 1656 inquit,

291 1689 375 1732 quo
406 1675 483 1717 iste
514 1685 680 1715 omnem
710 1684 851 1712 rerum
882 1667 1127 1710 memoriam
1158 1664 1343 1707 breviter
1381 1668 1441 1711 et,
1489 1668 1534 1705 ut
1570 1662 1670 1704 mihi
1709 1662 1876 1719 quidem
1915 1662 2050 1705 visum

292 1744 374 1787 est,
418 1735 717 1793 perdiligenter
746 1733 988 1787 complexus
1019 1733 1107 1772 est?
1157 1730 1284 1776 Istum
1314 1728 1473 1782 ipsum,
1518 1725 1710 1781 inquam,
1752 1729 1902 1775 Brute,
1936 1725 2049 1773 dico,

290 1801 444 1844 librum
472 1798 573 1841 mihi
603 1796 725 1839 saluti
754 1794 896 1837 fuisse.
958 1795 1027 1834 IV.
1062 1795 1166 1834 Tum
1197 1792 1378 1838 Atticus,
1412 1788 1723 1842 Optatissimum
1752 1789 1854 1831 mihi
1885 1791 2051 1845 quidem

239 1875 276 1901 2⁵
293 1871 373 1913 est,
406 1861 519 1919 quod
540 1860 664 1903 dicis:
699 1858 773 1900 sed
793 1856 894 1914 quid
914 1855 1081 1898 tandem
1110 1854 1258 1897 habuit
1287 1853 1395 1894 liber
1423 1853 1520 1901 iste,
1553 1851 1664 1907 quod
1694 1850 1770 1893 tibi
1798 1856 1868 1892 aut
1896 1864 2051 1893 novum

289 1933 361 1970 aut
388 1931 501 1968 tanto
532 1924 626 1966 usui
654 1925 796 1978 posset
824 1923 941 1962 esse?
975 1921 1041 1960 15.
1074 1918 1147 1960 Ille
1167 1931 1265 1959 vero
1289 1920 1329 1957 et
1349 1929 1458 1956 nova
1475 1946 1485 1964 ,
1518 1914 1713 1970 inquam,
1746 1913 1847 1955 mihi
1877 1914 2047 1969 quidem

289 1990 418 2033 multa
449 1994 488 2031 et
517 2001 607 2029 eam
636 1985 875 2032 utilitatem,
907 1995 1031 2037 quam
1060 1977 1351 2036 requirebam,
1386 1983 1431 2019 ut
1461 1976 1677 2030 explicatis
1707 1974 1921 2018 ordinibus
1948 1980 2052 2017 tem-

288 2066 439 2109 porum
476 2065 561 2093 uno
600 2048 643 2090 in
683 2051 906 2102 conspectu
944 2043 1085 2087 omnia
1120 2041 1330 2091 viderem3
1384 2053 1489 2096 quae
1527 2052 1619 2081 cum
1658 2040 1844 2081 studiose
1874 2043 2050 2080 tractare

291 2115 545 2171 coepissem,
591 2113 682 2165 ipsa
724 2109 827 2151 mihi
869 2109 1057 2149 tractatio
1102 2104 1330 2146 litterarum
1376 2103 1564 2144 salutaris
1608 2103 1688 2143 fuit
1731 2101 2050 2155 admonuitque,

239 2189 276 2215 ³0
290 2176 514 2233 Pomponi,
544 2180 589 2216 ut
617 2177 699 2215 ate
729 2172 821 2226 ipso
852 2182 1059 2212 sumerem
1089 2166 1247 2223 aliquid
1277 2168 1328 2207 ad
1359 2180 1425 2207 me
1455 2164 1727 2206 reficiendum
1756 2169 1881 2219 teque
1912 2177 2053 2205 remu-

288 2239 520 2282 nerandum
565 2237 598 2279 si
638 2249 722 2277 non
766 2234 878 2290 pari,
923 2237 966 2273 at
996 2235 1110 2286 grato
1141 2235 1279 2271 tamen
1309 2241 1502 2269 munere:
1554 2240 1804 2283 quamquam
1834 2227 1937 2269 illud
1969 2228 2053 2267 He-

288 2302 469 2345 siodium
507 2299 699 2342 laudatur
737 2311 760 2338 a
797 2295 950 2343 doctis,
1001 2293 1113 2350 quod
1157 2291 1300 2333 eadem
1339 2304 1534 2332 mensura
1566 2291 1744 2331 reddere
1784 2288 1924 2339 iubet,
1972 2302 2052 2344 qua

287 2364 517 2418 acceperis,
555 2367 625 2404 aut
650 2360 773 2402 etiam
799 2356 1093 2404 cumulatiore,
1133 2357 1165 2396 si
1194 2354 1344 2410 possis.
1409 2355 1474 2394 16.
1507 2355 1597 2407 Ego
1627 2358 1765 2393 autem
1796 2352 2050 2394 voluntatem

287 2428 364 2469 tibi
394 2424 583 2480 profecto
614 2422 806 2471 emetiar,
852 2419 923 2462 sed
960 2433 1052 2461 rem
1091 2421 1222 2474 ipsam
1262 2417 1447 2458 nondum
1472 2428 1595 2471 posse
1630 2413 1801 2465 videor;
1848 2414 1973 2470 idque
2006 2420 2053 2455 ut

239 2503 273 2529 ³⁵
287 2492 501 2545 ignoscas,
534 2500 558 2528 a
584 2491 624 2527 te
651 2490 763 2541 peto.
823 2486 908 2525 Nec
938 2484 1048 2524 enim
1081 2495 1133 2522 ex
1164 2478 1310 2528 novis,
1343 2483 1389 2520 ut
1421 2477 1629 2532 agricolae
1659 2477 1817 2526 solent,
1850 2476 2052 2518 fructibus

289 2558 372 2602 est,
419 2549 530 2593 unde
560 2549 636 2591 tibi
665 2546 836 2589 reddam
869 2547 982 2601 quod
1012 2543 1176 2599 accepi3
1227 2544 1285 2584 sic
1316 2541 1449 2582 omnis
1480 2540 1586 2582 fetus
1616 2553 1832 2596 repressus
1864 2544 2051 2582 exustus-

289 2630 370 2672 que
408 2613 485 2656 flos
524 2612 592 2654 siti
631 2611 785 2653 veteris
812 2607 1014 2650 ubertatis
1054 2605 1240 2655 exaruit,
1288 2619 1365 2646 nec
1397 2619 1451 2645 ex
1490 2602 1686 2649 conditis,
1733 2602 1802 2658 qui
1837 2603 1972 2643 iacent
2010 2605 2052 2644 in

287 2676 472 2721 tenebris
493 2679 534 2716 et
553 2677 604 2716 ad
627 2687 731 2729 quos
761 2674 895 2714 omnis
915 2671 1038 2711 nobis
1059 2668 1193 2710 aditus
1208 2700 1219 2717 ,
1254 2667 1324 2722 qui
1350 2680 1479 2722 paene
1509 2666 1608 2707 solis
1629 2665 1780 2718 patuit,
1814 2666 2051 2705 obstructus

290 2747 365 2784 est.
429 2741 621 2781 Seremus
646 2736 773 2791 igitur
809 2733 965 2790 aliquid
993 2738 1203 2786 tamquam
1231 2730 1273 2771 in
1296 2730 1452 2771 inculto
1481 2736 1520 2771 et
1550 2728 1748 2769 derelicto
1779 2727 1893 2777 solo;
1941 2729 2053 2783 quod

239 2806 345 2847 aoita
366 2803 584 2858 diligenter
603 2799 809 2847 colemus,
840 2802 885 2839 ut
914 2794 1133 2851 impendiis
1163 2793 1285 2835 etiam
1315 2805 1469 2846 augere
1498 2790 1705 2844 possimus
1729 2789 1960 2843 largitatem
1993 2788 2053 2830 tui

289 2866 498 2915 muneris;
546 2864 672 2905 modo
717 2861 829 2903 idem
868 2864 1012 2901 noster
1052 2858 1210 2898 animus
1251 2853 1416 2896 efficere
1445 2854 1596 2909 possit,
1645 2851 1758 2908 quod
1789 2865 1906 2906 ager,
1953 2851 2048 2907 qui,

289 2944 383 2971 eum
407 2927 560 2970 multos
581 2938 711 2968 annos
740 2921 916 2980 quievit,
946 2919 1168 2962 uberiores
1200 2917 1350 2960 efferre
1377 2917 1515 2972 fruges
1543 2916 1660 2957 solet.
1722 2917 1787 2956 17.
1821 2917 1926 2956 Tum
1955 2914 2050 2963 ille,

289 2994 379 3045 Ego
406 3005 506 3032 vero
538 2995 580 3031 et
611 2988 861 3043 exspectabo
893 2998 963 3033 ea,
1008 2996 1112 3039 quae
1146 2981 1382 3037 polliceris,
1421 2995 1498 3021 nec
1534 2978 1698 3034 exigam
1726 2978 1806 3019 nisi
1837 2983 1908 3018 tuo
1940 2990 2053 3018 com-

290 3053 414 3094 modo
447 3058 488 3094 et
520 3057 642 3094 erunt
670 3049 774 3092 mihi
805 3054 1020 3106 pergrata,
1053 3046 1089 3087 si
1109 3044 1297 3087 solveris.
1357 3042 1460 3084 Mihi
1492 3055 1682 3097 quoque,
1714 3039 1846 3096 inquit
1871 3042 2050 3087 Brutus,

242 3129 277 3156 45
294 3114 570 3171 exspectanda
601 3118 696 3156 sunt
726 3126 799 3162 ea,
832 3125 938 3167 quae
968 3109 1102 3152 Attico
1132 3105 1357 3164 polliceris,
1390 3104 1467 3147 etsi
1497 3104 1669 3146 sortasse
1698 3116 1774 3158 ego
1807 3117 1831 3143 a
1860 3107 1900 3142 te
1929 3100 2051 3142 huius

306 3189 2046 3208 M

384 3255 441 3285 21.
471 3254 558 3286 dices
584 3255 645 3295 Lg.
673 3254 706 3287 8.
734 3253 791 3286 29.
816 3253 874 3285 51.
899 3250 956 3284 53.
984 3250 1040 3282 58.
1068 3249 1125 3282 68.
1153 3249 1241 3281 Ven.
1265 3248 1296 3279 1.
1315 3271 1323 3284 ‚
1353 3247 1395 3278 R.
1425 3262 1464 3268 —-
1502 3244 1560 3277 34.
1589 3243 1755 3275 remetiar
1778 3241 1881 3274 Rivio
1909 3244 2054 3272 auctore

291 3301 331 3334 L.
352 3316 395 3324 -—
421 3301 476 3333 37.
504 3301 563 3331 siti
580 3301 644 3343 flos
663 3302 703 3333 L.
736 3318 772 3326 -
802 3299 860 3332 43.
879 3307 939 3331 nec
956 3299 984 3329 D
998 3322 1006 3335 ‚
1037 3297 1067 3328 R
1087 3301 1120 3330 et
1138 3300 1274 3329 ceterae
1293 3294 1379 3325 Edd.
1399 3296 1477 3324 ante
1495 3291 1649 3323 Aldum:
1677 3297 1785 3328 neque
1805 3296 1883 3320 cum
1902 3287 1992 3319 Aldo
2012 3287 2052 3318 E.

294 3366 332 3373 —
359 3348 418 3381 45.
445 3349 675 3388 exspectanda
699 3348 747 3387 L,
776 3350 810 3380 et
834 3348 883 3380 sic
907 3345 1045 3381 volebat
1071 3345 1173 3377 etiam
1200 3342 1250 3374 E:
1290 3344 1321 3374 ec
1346 3338 1578 3382 exspectanda
1604 3345 1682 3370 cum
1719 3335 1817 3368 libris
1852 3335 1941 3366 notis
1976 3333 2052 3365 RE.
