2117 3762
747 232 844 272 LlB.
879 232 946 271 lll.
1008 233 1049 273 C.
1084 233 1119 272 1.
1151 233 1189 272 2.
1220 234 1259 273 3.
1822 238 1873 278 35

134 344 306 392 propter
350 343 587 379 extraneam
627 349 789 376 causam
832 336 997 377 veniunt
1038 337 1078 377 in
1117 337 1476 385 consultationem,
1527 344 1571 380 ut
1608 338 1641 380 si
1680 339 1876 381 deliberet

132 409 294 442 senatus
326 399 432 441 bello
465 399 624 446 Italico.
657 398 778 439 sociis
808 399 1013 440 civitatem
1046 399 1130 446 det,
1163 414 1212 441 an
1244 413 1338 442 non.
1395 403 1440 442 In
1472 400 1620 455 quibus
1654 403 1786 442 causis
1816 407 1874 443 rei

131 470 274 504 natura
300 463 416 503 saciet
439 460 793 505 deliberationem,
827 461 958 501 omnis
989 461 1121 503 oratio
1152 462 1200 502 ad
1223 463 1351 515 ipsam
1374 477 1462 504 rem
1484 463 1878 507 acconunodabitur.

132 527 174 565 lu
207 524 355 578 quibus
387 531 581 565 extranea
612 537 731 563 causa
765 522 951 564 ciiiiliciet
983 523 1340 573 deliberationem,
1390 526 1430 567 in
1470 526 1531 567 bis
1562 541 1609 567 ea
1639 527 1725 580 ipsa
1757 543 1877 569 eausa

132 587 208 628 erit
240 585 475 639 adaugenda
507 593 573 626 ant
605 585 888 638 deprimenda.
947 590 986 627 3.
1019 591 1192 627 Omnem
1225 589 1453 629 orationem
1487 602 1654 637 eorum,
1687 591 1755 644 qui
1787 601 1906 631 sen-5

132 653 296 690 tentiam
339 649 491 694 dicent,
538 647 657 687 linem
699 648 775 688 sibi
816 649 1032 689 conveniet
1069 649 1251 690 utilitatis
1284 665 1538 706 proponere,
1589 659 1632 693 ut
1665 653 1797 694 omnis
1828 668 1877 694 eo

132 714 255 751 totius
285 709 482 750 orationis
512 709 617 750 ratio
649 710 896 751 conseratur.
958 710 1109 752 L'tilitas
1140 712 1180 751 in
1212 714 1311 753 duas
1344 720 1478 765 partes
1510 714 1550 755 in
1582 714 1690 756 civili
1719 716 1880 756 consol-

133 773 283 813 tatione
315 771 528 818 dividitur,
581 778 706 812 tutam
738 780 775 813 et
807 776 1030 816 honestam.
1089 775 1192 813 Tuta
1225 784 1303 820 est,
1352 790 1455 829 quac
1499 776 1659 818 conticit
1695 781 1878 820 instantis

130 844 197 877 aut
227 837 514 887 consequentis
545 835 716 887 periculi
749 836 984 877 vitationem
1024 834 1205 888 qualibet
1244 835 1419 878 ratione.
1482 841 1590 880 llaec
1621 840 1880 882 distribuitur

130 896 170 937 in
204 897 282 936 vim
315 902 354 936 et
384 895 546 945 dolum;
580 911 755 950 quorum
789 905 855 939 aut
886 898 1058 939 alterum
1092 898 1311 950 separatim
1340 906 1408 940 aut
1428 906 1648 955 utrumque
1670 916 1878 944 sumemus
1896 917 1928 940 ιο

129 959 392 1002 coniunctim.
459 959 530 1001 Vis
575 959 810 1001 decernitur
855 974 928 1013 per
973 959 1200 1007 exercitus,
1252 961 1419 1010 classes,
1470 977 1602 1011 arma,
1654 971 1880 1015 tormenta,

129 1022 390 1063 evocationes
432 1021 644 1063 bominum
685 1030 723 1063 et
759 1022 856 1063 alias
889 1021 1123 1063 huiusmodi
1154 1035 1234 1063 res.
1294 1023 1422 1065 Dolus
1453 1027 1707 1068 consumitur
1739 1028 1776 1069 in
1810 1043 1881 1083 pe-

128 1085 274 1131 cunia,
322 1083 647 1137 pollicitatione,
696 1083 1041 1131 dissimulatione,
1084 1084 1379 1134 maturatione,
1421 1089 1631 1130 mentione
1663 1097 1701 1130 et
1732 1091 1880 1132 ceteris

127 1145 268 1193 rebus,
301 1149 351 1187 de
383 1145 532 1200 quibus
564 1147 692 1202 magis
724 1146 874 1188 idoneo
906 1153 1093 1200 tempore
1124 1146 1364 1200 loquemur,
1397 1148 1617 1203 siquando
1649 1151 1698 1193 de
1729 1167 1774 1193 re
1806 1154 1880 1194 mi-

125 1208 233 1250 litari
278 1214 347 1249 aut
386 1208 435 1249 de
476 1208 827 1250 administratione
870 1209 930 1250 rei
971 1208 1160 1262 publicae
1205 1208 1387 1251 scribere
1427 1212 1625 1254 volemus.
1701 1217 1928 1257 llonesta¹⁵

128 1285 194 1312 res
226 1271 423 1312 dividitur
453 1271 494 1312 in
525 1278 682 1312 rectum
716 1278 755 1312 et
784 1270 998 1314 laudabile.
1058 1274 1227 1312 Rectum
1259 1277 1341 1318 est,
1394 1273 1505 1326 quod
1536 1289 1629 1316 cum
1660 1277 1810 1319 virtute
1841 1285 1881 1320 et

126 1332 265 1375 ol'licio
297 1333 353 1374 lit.
418 1333 461 1374 Id
493 1333 690 1375 dividitur
719 1334 761 1374 in
801 1333 1085 1387 prudentiam,
1130 1334 1345 1383 iustitiam,
1390 1335 1694 1385 fortitudinem,
1741 1343 1881 1381 mode-

127 1395 257 1436 stiam.
318 1395 536 1437 Prudentia
577 1401 638 1436 est
680 1395 898 1445 calliditas,
946 1411 1050 1452 quae
1090 1397 1251 1438 ratione
1292 1398 1467 1452 quadam
1510 1407 1645 1453 potest
1676 1402 1879 1444 delectum

127 1457 282 1499 habere
313 1457 519 1500 bonorum
551 1464 590 1499 et
620 1458 838 1500 malorum.
898 1460 1058 1501 Dicitur
1093 1459 1190 1500 item
1221 1462 1440 1515 prudentia
1471 1463 1639 1505 scientia
1670 1465 1879 1507 cuiusdam

126 1519 300 1562 artificii.
360 1523 408 1562 Et
438 1519 669 1573 appellatur
698 1521 915 1575 prudentia
945 1536 1086 1563 rerum
1117 1522 1337 1565 multarum
1368 1526 1567 1567 memoria
1590 1532 1630 1567 et
1650 1541 1748 1568 usus
1770 1542 1881 1569 com·
1894 1542 1929 1566 πο

127 1583 309 1636 plurium
341 1584 618 1636 negotiorum.
678 1583 831 1625 Iustitia
865 1590 925 1625 est
955 1584 1138 1638 aequitas
1168 1584 1232 1626 ius
1269 1586 1339 1627 uni
1386 1587 1535 1641 cuique
1574 1588 1756 1630 tribuens
1802 1604 1879 1644 pro

127 1644 322 1698 dignitate
363 1645 576 1699 cuiusque.
635 1646 850 1688 Fortitudo
888 1653 948 1688 est
986 1661 1127 1688 rerum
1167 1660 1407 1701 magnarum
1439 1651 1640 1704 appetitio
1671 1658 1710 1693 et
1738 1666 1879 1694 rerum

128 1707 343 1748 humilium
386 1707 638 1761 contemptio
674 1715 714 1749 et
745 1708 897 1750 laboris
928 1723 1020 1750 cum
1049 1708 1232 1751 utilitatis
1263 1711 1422 1753 ratione
1452 1714 1679 1768 perpessio.
1737 1717 1878 1756 Mode-

127 1769 202 1810 stia
242 1776 303 1810 est
339 1770 378 1810 in
420 1770 558 1811 animo
596 1771 808 1812 continens
847 1771 1076 1813 moderatio
1107 1771 1390 1825 cupiditatum.
1452 1777 1523 1816 111.
1557 1778 1597 1817 [ι.
1632 1778 1878 1819 Prudentiae

124 1831 311 1887 partibus
342 1838 507 1873 utemur
537 1832 576 1873 in
608 1833 801 1881 dicendo,
846 1834 880 1874 si
918 1832 1136 1875 commoda
1167 1849 1259 1876 cum
1290 1836 1563 1879 incommodis
1594 1839 1926 1889 conferemus,2⁵

126 1908 217 1936 cum
249 1894 421 1935 alterum
454 1895 596 1948 sequi,
640 1895 771 1936 vitare
802 1895 975 1937 alterum
1008 1895 1342 1948 cohortabimur;
1391 1905 1460 1940 aut
1489 1900 1521 1941 si
1553 1914 1633 1954 qua
1663 1900 1705 1942 in
1734 1915 1780 1943 re
1810 1916 1878 1944 co-

125 1956 385 1999 hortabimur
421 1957 598 2011 aliquid,
646 1957 763 1998 cuius
802 1958 864 1999 rei
900 1958 1078 2011 aliquam
1118 1957 1454 2014 disciplinabilem
1486 1962 1694 2005 scientiam
1724 1965 1877 2020 poteri-

124 2033 215 2061 mus
255 2022 426 2069 habere,
477 2019 689 2074 quomodo
718 2026 788 2062 aut
818 2034 898 2075 qua
939 2019 1122 2075 quidque
1162 2025 1322 2064 ratione
1358 2022 1446 2065 fieri
1478 2031 1693 2077 oporteat;
1744 2033 1813 2068 aut
1842 2027 1875 2069 si

125 2081 388 2124 suadebimus
433 2082 662 2138 quidpiam,
713 2083 829 2126 cuius
873 2083 936 2125 rei
989 2089 1126 2137 gestae
1177 2090 1246 2125 aut
1285 2092 1541 2138 praesentem
1582 2095 1651 2130 aut
1695 2088 1875 2130 auditam

124 2146 368 2188 memoriam
397 2145 626 2201 poterimus
656 2145 833 2194 habere,
866 2161 946 2201 qua
975 2147 1016 2188 in
1046 2159 1092 2186 re
1122 2144 1240 2187 facile
1272 2147 1336 2197 id,
1368 2149 1479 2203 quod
1509 2150 1704 2199 velimus,
1737 2165 1876 2192 exem·
1890 2168 1924 2193 ³0

124 2210 194 2265 plo
223 2209 346 2250 allato
375 2211 626 2264 persuadere
655 2210 875 2265 possimus.
936 2209 1120 2251 Iustitiae
1150 2208 1336 2261 partibus
1365 2217 1553 2259 utemur,
1599 2212 1633 2254 si
1662 2219 1731 2254 aut
1759 2213 1869 2255 inno-

125 2273 302 2314 centium
333 2278 403 2313 aut
432 2271 664 2325 supplicum
695 2271 884 2314 misereri
914 2271 1098 2314 dicemus
1128 2278 1346 2325 oportere;
1396 2273 1431 2315 si
1470 2275 1734 2317 ostendemus
1769 2275 1874 2317 bene

124 2333 378 2376 merentibus
417 2334 590 2387 gratiam
628 2333 777 2376 referri
817 2334 1061 2383 convenire;
1112 2332 1147 2377 si
1187 2333 1559 2379 demonstrabimus
1597 2337 1737 2379 ulcisci
1770 2339 1874 2380 male

125 2397 295 2440 meritos
324 2404 540 2452 oportere;
586 2398 620 2439 si
656 2397 778 2440 fidem
816 2412 964 2451 magno
996 2412 1125 2451 opere
1155 2397 1414 2440 censebimus
1445 2400 1786 2448 conservandam:
1838 2401 1870 2441 si

124 2461 237 2515 leges
268 2466 309 2502 et
338 2474 474 2502 mores
504 2460 678 2502 civitatis
708 2463 874 2516 egregie
911 2461 1095 2503 dicemus
1135 2466 1331 2516 oportere
1369 2462 1545 2512 servari;
1595 2462 1629 2503 si
1659 2462 1921 2507 societates„

125 2530 246 2578 atque
275 2522 470 2564 amicitias
500 2522 683 2571 studiose
713 2524 898 2565 dicemus
929 2523 1007 2565 coli
1037 2523 1279 2573 convenire;
1325 2523 1381 2572 si,
1422 2527 1532 2577 quod
1562 2524 1625 2565 ius
1656 2527 1696 2565 in
1729 2538 1873 2578 paren-

124 2592 206 2633 tes,
239 2585 358 2634 deos,
389 2584 562 2641 patriam
593 2591 737 2627 natura
767 2586 1040 2640 comparavit,
1072 2585 1113 2627 id
1142 2585 1337 2639 religiose
1368 2586 1585 2628 colendum
1617 2585 1872 2626 demonstra-

124 2647 282 2698 bimus3
314 2649 347 2688 si
366 2648 570 2701 hospitia,
604 2647 839 2696 clientelas,
873 2648 1162 2702 cognationes,
1195 2647 1410 2690 affinitates
1439 2655 1546 2690 caste
1569 2649 1758 2689 colendas
1782 2663 1870 2690 esso

127 2710 330 2760 dicemus;
375 2711 409 2751 si
440 2723 515 2751 nec
545 2723 669 2764 prece
699 2723 776 2751 nec
804 2710 938 2765 pretio
969 2724 1046 2752 nec
1075 2711 1206 2765 gratia
1235 2724 1310 2752 nec
1340 2711 1526 2765 periculo
1558 2725 1633 2752 nec
1663 2711 1867 2752 simultate

127 2786 151 2813 a
179 2772 245 2814 via
272 2776 384 2813 recta
414 2773 680 2814 ostendemus
711 2773 859 2814 deduci
889 2778 1104 2829 oportere;
1150 2775 1183 2814 si
1214 2772 1396 2814 dicemus
1426 2773 1467 2814 in
1498 2773 1688 2814 omnibus
1719 2787 1920 2828 aequa-so

127 2834 209 2877 bile
229 2836 292 2875 ius
321 2835 442 2877 statui
463 2835 701 2878 convenire.
763 2835 836 2877 His
858 2841 979 2891 atque
1008 2835 1245 2878 huiusmodi
1275 2835 1462 2890 partibus
1491 2835 1666 2877 iustitiae
1690 2835 1722 2876 si
1748 2849 1868 2890 quam

222 2945 276 2976 10.
303 2953 448 2984 quorum
465 2945 612 2978 alterum
633 2941 714 2984 (orn.
731 2942 807 2986 aut)
826 2945 896 2976 PT.
916 2961 957 2968 —
983 2945 1038 2976 11.
1064 2946 1272 2976 discernitur
1289 2946 1332 2983 F,
1362 2945 1400 2976 L.
1431 2960 1470 2966 -
1497 2944 1552 2975 15.
1579 2944 1721 2975 velimus
1739 2945 1868 2976 PFRT.

127 3005 171 3014 -
194 2991 252 3022 20.
280 2991 323 3022 Ec
348 2991 483 3022 PAFT:
513 2992 595 3024 Item
621 2993 723 3024 BRE.
754 3008 793 3014 —
835 3001 948 3023 rerum
971 2992 1163 3023 multarum
1188 2992 1322 3023 PFRT:
1349 2991 1539 3022 multarum
1564 2999 1679 3021 rerum
1703 2991 1803 3023 ABE.
1825 3008 1870 3013 —

127 3037 184 3069 21.
213 3038 254 3069 V.
282 3039 335 3068 ius
359 3038 500 3069 seclusit
525 3039 715 3071 Ernestius.
763 3039 928 3070 Usttatius
959 3048 1040 3071 sane
1077 3040 1165 3070 soret
1197 3047 1316 3074 suum,
1357 3040 1406 3069 uti
1443 3037 1646 3077 significavit.
1681 3037 1868 3070 Lambinus

128 3087 245 3117 nescio
281 3093 348 3124 qua
383 3087 586 3117 auctoritate
622 3087 728 3118 edens
761 3087 816 3116 ius
852 3094 951 3117 suum
987 3085 1186 3124 unicuique.
1228 3102 1264 3107 —
1304 3084 1361 3114 22.
1388 3092 1503 3114 rerum
1533 3089 1614 3116 ante
1640 3093 1672 3116 v.
1692 3085 1869 3116 humilium

128 3141 197 3163 om.
217 3131 303 3164 Cod.
326 3130 416 3162 Pith.
440 3147 482 3153 -—
517 3131 573 3163 28.
594 3132 734 3166 habere,
763 3132 935 3173 quomodo
952 3149 965 3154 -
982 3149 995 3154 -
1013 3149 1026 3154 -
1044 3135 1203 3170 oporteat
1227 3130 1361 3161 PAFT:
1390 3130 1530 3168 habere,
1557 3134 1588 3161 et
1605 3132 1776 3170 quomodo
1793 3147 1803 3154 -
1825 3148 1837 3153 —
1855 3148 1869 3154 -

129 3183 290 3218 oporteat
315 3176 439 3217 (possit
463 3176 526 3215 Β),
554 3180 769 3210 ostendemus
796 3179 897 3210 mm.
940 3196 981 3200 —
1019 3177 1075 3208 31.
1101 3186 1283 3217 possumus
1309 3177 1438 3208 Pssn'r.
1475 3192 1521 3199 —-
1553 3177 1610 3208 32.
1637 3178 1793 3209 misereri
1817 3178 1870 3209 di-

129 3233 241 3257 cemus
254 3224 450 3256 PABFRT:
470 3225 618 3256 dicemus
630 3225 788 3257 misereri
804 3225 841 3256 E.
862 3241 899 3246 —
922 3224 976 3256 35.
993 3228 1149 3264 oportere
1163 3223 1297 3255 servari
1312 3223 1478 3254 PAFRT:
1504 3225 1641 3255 servari
1657 3229 1813 3264 oportere
1830 3224 1867 3255 E.

130 3272 185 3309 (B.
210 3282 277 3304 orn.
300 3269 487 3310 oportere.)
520 3288 562 3294 —
602 3271 658 3302 38.
687 3272 828 3303 colenda
862 3280 912 3310 pr.
934 3270 960 3301 P
982 3275 1016 3303 et
1041 3279 1128 3303 corr.
1155 3270 1236 3310 AR,
1272 3270 1370 3309 prob.
1398 3270 1490 3303 oud.
1529 3287 1570 3294 -
1606 3271 1663 3304 40.
1692 3270 1870 3311 aequabile

129 3317 286 3362 (aequale
310 3317 354 3360 R)
380 3319 432 3351 ius
457 3317 653 3350 PABFRT:
687 3320 741 3351 ius
766 3317 941 3359 aequabile
968 3317 1006 3348 Ε.
