2117 3762
230 260 310 300 288
936 257 1004 295 DE
1043 256 1289 296 ORATORE

232 369 272 405 et
305 376 427 418 saepe
468 360 518 403 ab
557 358 776 402 acerbitate
820 359 1035 399 commode
1074 366 1112 400 et
1154 360 1334 401 breviter
1380 364 1419 399 et
1463 364 1580 398 acute
1626 364 1666 399 et
1706 357 1834 399 hilare
1878 359 1986 400 dicto

232 425 459 468 deducitur.

344 488 566 529 LXXXIV.
611 483 796 534 Exposui
828 480 934 527 fere,
970 488 1013 522 ut
1045 484 1186 535 potui,
1219 482 1337 524 vobis
1368 483 1409 523 in
1440 488 1622 535 utroque
1657 496 1815 535 genere
1845 496 1987 524 causa-

231 564 323 591 rum
354 562 458 603 quae
489 546 603 600 sequi
632 544 837 591 solerem,
891 557 998 598 quae
1027 542 1198 595 fugere,
1246 559 1350 599 quae
1381 550 1567 597 spectare
1615 557 1779 598 quaque
1819 544 1987 585 omnino

201 614 273 653 sin
304 610 437 653 causis
474 610 634 648 ratione
674 607 846 646 versari.
909 607 1005 646 341.
1054 608 1138 645 Nec
1180 605 1283 646 illud
1324 608 1490 647 tertium
1530 605 1812 647 laudationum
1853 619 1985 660 genus

231 680 293 714 est
322 671 509 717 difficile,
543 670 657 722 quod
688 680 766 721 ego
798 667 917 708 initio
949 667 1066 722 quasi
1098 681 1120 707 a
1147 668 1379 721 praeceptis
1410 668 1562 708 nostris
1594 681 1881 716 secreveram3
1916 667 1989 709 sed

230 740 270 776 et
299 733 394 788 quia
424 730 549 771 multa
581 735 718 770 essent
747 731 982 771 orationum
1014 742 1168 781 genera
1198 734 1240 769 et
1269 730 1462 781 graviora
1490 736 1529 770 et
1550 729 1718 770 maioris
1740 731 1904 784 copiae,
1936 731 1988 770 de

230 796 379 851 quibus
410 806 532 833 nemo
562 791 650 832 sere
680 791 941 846 praeciperet
968 797 1007 832 et
1029 790 1142 845 quod
1172 804 1247 831 nos
1277 789 1581 833 laudationibus
1612 806 1693 832 non
1724 793 1780 832 ita
1812 791 1986 832 multum

232 858 292 900 uti
322 856 575 902 soleremus,
609 860 740 895 totum
772 856 883 895 hunc
915 855 1185 906 segregabam
1211 853 1361 893 locum.
1423 853 1506 907 Ipsi
1537 855 1647 895 enim
1679 853 1826 895 Graeci
1857 853 1990 906 magis

185 919 395 973 iolegendi
436 916 503 971 [et]
550 916 835 957 delectationis
882 921 952 956 aut
994 916 1174 956 hominis
1219 913 1392 955 alicuius
1432 917 1604 956 ornandi
1645 930 1768 970 quam
1805 915 1992 956 utilitatis

229 982 349 1022 huius
378 978 557 1020 forensis
588 992 712 1019 causa
741 979 998 1018 laudationes
1029 977 1389 1030 scriptitaverunt3
1424 989 1602 1029 quorum
1628 984 1722 1019 sunt
1742 979 1861 1025 libri,
1894 977 1988 1033 qui-

229 1045 304 1083 bus
325 1041 641 1089 Themistocles,
672 1039 892 1086 Aristides,
923 1039 1159 1093 Agesilaus,
1191 1038 1517 1093 Epaminondas,
1549 1039 1789 1095 Philippus,
1812 1040 1992 1081 Alexan-

229 1104 303 1146 der
333 1104 483 1157 aliique
514 1103 755 1144 laudantur:
803 1108 967 1142 nostrae
998 1101 1279 1149 laudationes,
1323 1099 1473 1156 quibus
1503 1102 1545 1141 in
1576 1100 1670 1143 foro
1700 1102 1882 1149 utimur,
1916 1107 1987 1142 aut

231 1166 452 1207 testimonii
490 1167 738 1206 brevitatem
778 1163 931 1204 babent
967 1162 1117 1204 nudam
1158 1169 1281 1218 atque
1311 1163 1544 1204 inornatam
1575 1169 1644 1203 aut
1674 1163 1909 1205 scribuntur
1939 1165 1991 1204 ad

181 1242 214 1266 15
230 1229 448 1271 funebrem
478 1227 736 1274 contionem,
768 1240 873 1281 quae
903 1225 955 1266 ad
976 1227 1175 1267 orationis
1196 1225 1360 1266 laudem
1382 1226 1553 1266 minime
1574 1225 1884 1267 accommodata
1906 1232 1983 1266 est.

231 1293 312 1333 Sed
342 1297 498 1337 tamen,
530 1289 724 1344 quoniam
755 1294 816 1329 est
844 1287 1042 1328 utendum
1063 1286 1311 1341 aliquando,
1344 1300 1643 1341 nonnunquam
1665 1287 1787 1328 etiam
1809 1288 1993 1328 scriben-

230 1353 347 1402 dum,
394 1353 506 1395 velut
536 1354 585 1402 Q.
618 1351 828 1392 Tuberoni
858 1349 1097 1391 Africanum
1128 1349 1377 1390 avunculum
1407 1349 1590 1391 laudanti
1620 1349 1787 1403 scripsit
1817 1351 1861 1390 C.
1886 1353 1990 1391 Lae-

230 1416 309 1458 lius
326 1448 336 1465 ,
370 1416 436 1457 vel
457 1420 502 1456 ut
531 1419 694 1455 nosmet
724 1413 804 1466 ipsi
835 1412 1008 1453 ornandi
1031 1426 1153 1453 causa
1176 1415 1427 1454 Graecorum
1453 1426 1586 1459 more,
1622 1413 1656 1453 si
1677 1425 1782 1466 quos
1802 1411 1990 1458 velimus,

230 1479 400 1520 laudare
430 1479 660 1531 possimus,
701 1475 753 1517 sit
782 1489 807 1515 a
836 1473 955 1515 nobis
986 1488 1152 1529 quoque
1183 1479 1378 1515 tractatus
1408 1473 1474 1514 hic
1504 1474 1633 1515 locus.
1696 1476 1792 1515 342.
1826 1474 1988 1528 Perspi-

182 1552 217 1576 20
231 1555 353 1582 cuum
396 1545 458 1581 est
499 1539 624 1593 igitur
665 1537 744 1579 alia
781 1550 872 1577 esse
911 1536 954 1576 in
985 1536 1153 1578 homine
1185 1538 1382 1591 optanda,
1434 1535 1513 1577 alia
1544 1537 1766 1577 laudanda.
1825 1537 1993 1584 Genus,

229 1602 381 1650 forma,
414 1601 545 1648 vires,
577 1613 702 1654 opes,
735 1598 904 1640 divitiae
933 1604 1176 1652 ceteraque,
1211 1611 1317 1652 quae
1347 1596 1512 1639 fortuna
1543 1597 1611 1639 dat
1639 1604 1709 1639 aut
1730 1597 1993 1639 extrinsecus

230 1671 302 1707 aut
329 1665 517 1719 corpori,
564 1676 648 1703 non
678 1663 834 1702 habent
862 1660 906 1701 in
936 1674 980 1701 se
1003 1674 1146 1702 veram
1175 1659 1365 1706 laudem,
1411 1674 1518 1714 quae
1560 1660 1707 1701 deberi
1745 1659 1886 1701 virtuti
1924 1659 1996 1701 uni

230 1732 423 1783 putatur3
466 1728 540 1767 sed
570 1730 732 1772 tamen,
766 1725 879 1779 quod
908 1724 999 1776 ipsa
1031 1724 1162 1763 virtus
1193 1723 1236 1762 in
1268 1736 1411 1764 earum
1443 1735 1582 1763 rerum
1614 1736 1691 1763 usu
1721 1737 1769 1763 ac
1800 1722 1998 1764 modera-

229 1790 342 1831 tione
380 1790 560 1830 maxime
595 1786 801 1834 cernitur,
853 1784 1067 1826 tractanda
1096 1786 1140 1825 in
1169 1785 1478 1825 laudationibus
1510 1786 1634 1825 etiam
1664 1784 1765 1826 haec
1794 1790 1890 1826 sunt
1919 1798 1994 1826 na-

183 1861 217 1885 2⁵
231 1858 347 1894 turae
379 1857 421 1893 et
448 1852 639 1892 fortunae
670 1851 804 1897 bona,
836 1849 876 1888 in
909 1849 1059 1902 quibus
1092 1853 1154 1888 est
1183 1860 1345 1887 summa
1374 1846 1485 1888 laus:
1532 1860 1617 1888 non
1648 1847 1846 1889 extulisse
1876 1861 1921 1889 se
1950 1849 1994 1888 in

233 1919 463 1969 potestate,
513 1927 600 1953 non
640 1910 766 1952 fuisse
805 1909 1052 1951 insolentem
1092 1909 1135 1950 in
1171 1908 1369 1963 pecunia,
1419 1922 1504 1948 non
1534 1922 1577 1949 se
1616 1909 1861 1963 praetulisse
1904 1909 1996 1950 aliis

232 1983 405 2033 propter
434 1973 729 2017 abundantiam
759 1971 971 2021 fortunae;
1003 1978 1048 2013 ut
1077 1985 1177 2026 opes
1209 1976 1249 2012 et
1279 1970 1422 2025 copiae
1454 1983 1538 2011 non
1568 1970 1792 2024 superbiae
1824 1970 1995 2012 videan—

233 2045 300 2080 tur
328 2052 376 2079 ac
404 2036 568 2078 libidini
599 2035 672 2077 sed
693 2034 867 2075 bonitati
887 2047 933 2074 ac
956 2032 1233 2074 moderationi
1253 2032 1488 2073 facultatem
1511 2037 1551 2073 et
1574 2032 1788 2073 materiam
1809 2032 1988 2074 dedisse.

233 2101 330 2141 343.
373 2099 514 2142 Virtus
554 2103 716 2144 autem,
769 2109 875 2151 quae
917 2102 979 2137 est
1017 2108 1091 2149 per
1130 2110 1173 2135 se
1210 2096 1300 2149 ipsa
1336 2093 1556 2135 laudabilis
1587 2100 1627 2134 et
1657 2096 1746 2135 sine
1778 2109 1859 2150 qua
1888 2095 1993 2135 nihil

187 2161 394 2203 solaudari
423 2166 583 2215 potest,
617 2165 756 2201 tamen
785 2157 910 2199 habet
939 2157 1080 2212 plures
1111 2162 1270 2212 partes,
1310 2170 1484 2210 quarum
1515 2157 1595 2196 alia
1626 2163 1687 2197 est
1717 2156 1797 2198 alia
1827 2159 1878 2197 ad
1909 2157 1998 2198 lau-

236 2223 447 2265 dationem
489 2221 637 2277 aptior.
699 2223 801 2262 Sunt
841 2220 951 2260 enim
989 2219 1094 2260 aliae
1133 2218 1329 2266 virtutes,
1378 2231 1481 2273 quae
1512 2217 1705 2259 videntur
1734 2218 1777 2259 in
1808 2220 1996 2260 moribus

236 2287 452 2327 hominum
482 2290 522 2325 et
551 2282 730 2338 quadam
766 2281 958 2323 comitate
997 2295 1043 2322 ac
1084 2279 1356 2322 beneficentia
1396 2282 1580 2333 positae;
1631 2280 1759 2331 aliae,
1807 2295 1913 2335 quae
1951 2281 1997 2322 in

235 2347 390 2402 ingenii
420 2347 556 2402 aliqua
585 2345 778 2386 facultate
809 2350 877 2385 aut
907 2343 1033 2384 animi
1063 2342 1344 2397 magnitudine
1376 2356 1422 2383 36
1453 2344 1625 2383 robore.
1690 2345 1792 2384 Nam
1814 2345 1996 2384 clemen-

237 2411 316 2458 tia,
348 2408 526 2456 iustitia,
558 2408 811 2460 benignitas,
843 2404 969 2454 fides,
1001 2404 1202 2446 fortitudo
1225 2404 1267 2445 in
1287 2404 1482 2459 periculis
1504 2404 1792 2447 communibus
1813 2405 1994 2447 iucunda

189 2477 300 2514 ³⁵est
339 2470 483 2513 auditu
520 2471 563 2510 in
600 2466 925 2517 laudationibus3
976 2467 1072 2508 342.
1117 2480 1262 2508 omnes
1305 2467 1416 2508 enim
1458 2469 1534 2508 hae
1573 2467 1746 2508 virtutes
1787 2481 1871 2509 non
1913 2473 1998 2509 tam

237 2533 362 2588 ipsis,
395 2534 465 2589 qui
492 2545 561 2573 eas
590 2532 766 2579 habent,
809 2543 933 2584 quam
963 2530 1107 2583 generi
1137 2530 1352 2570 hominum
1382 2530 1619 2571 fructuosae
1648 2534 1861 2583 putantur.
1925 2531 1999 2571 Sa-

332 2716 365 2746 1.
393 2717 424 2744 et
449 2713 599 2745 breviter
623 2712 650 2742 B
676 2711 830 2750 aliique:
861 2720 900 2742 ac
925 2711 976 2742 br.
1005 2710 1046 2751 (A
1059 2708 1089 2747 ⁶2)
1115 2710 1186 2742 RE.
1215 2726 1260 2731 —-
1299 2709 1334 2741 (4.
1363 2707 1510 2750 quaque]
1539 2719 1608 2750 qua
1631 2710 1704 2740 ΑΒ.
1735 2727 1773 2732 -
1813 2710 1846 2741 5.
1873 2710 1998 2742 lauda·

239 2762 345 2793 tionis
363 2761 434 2792 BR.
465 2775 504 2782 —-
531 2759 564 2790 7.
592 2762 701 2789 essent
726 2758 916 2789 Pearcius:
944 2762 1024 2788 sant
1051 2766 1130 2788 cum
1159 2756 1253 2788 libris
1281 2754 1401 2797 (etiam
1420 2756 1491 2794 AB)
1510 2756 1584 2787 RE.
1607 2773 1647 2778 ·-—
1675 2760 1706 2788 et
1729 2758 1901 2798 qravt'ora
1926 2766 1997 2788 om.

240 2810 283 2840 R.
313 2825 350 2831 -
379 2808 436 2839 10.
464 2810 494 2838 et
520 2806 744 2837 delectationi
768 2805 807 2835 B.
836 2807 882 2841 (et
907 2803 1059 2836 deletum
1086 2803 1236 2835 malebat
1262 2801 1474 2838 Sensuzius.)
1502 2819 1539 2824 —
1581 2803 1637 2834 13.
1664 2804 1728 2834 alii
1753 2803 1828 2835 BR.
1856 2819 1898 2825 —-
1939 2803 1997 2835 14.

240 2855 480 2886 inscribuntur
518 2853 560 2884 R.
603 2868 640 2874 —
684 2852 740 2882 15.
769 2851 926 2881 oratoris
953 2850 1038 2882 Cod.
1066 2852 1151 2891 Reg.
1180 2850 1286 2881 7703.
1328 2855 1415 2881 teste
1440 2848 1647 2888 Leclerquio
1667 2873 1675 2887 ,
1716 2855 1750 2882 et
1775 2851 1821 2881 ita
1847 2851 2000 2881 coniecit

243 2902 438 2933 Ernestius.
468 2916 508 2921 —
547 2897 768 2930 accommoda
807 2897 846 2928 B.
888 2914 925 2919 —-
967 2897 1022 2928 16.
1057 2903 1103 2929 esc
1128 2894 1304 2936 utendum]
1332 2895 1536 2927 studendum
1572 2896 1644 2926 AB.
1680 2913 1717 2919 —-
1760 2897 1816 2927 17.
1846 2896 1888 2934 Q.
1917 2897 1999 2928 Ver-

242 2947 404 2987 burgius:
435 2947 473 2977 P.
503 2954 580 2978 cum
608 2945 702 2976 libris
729 2943 845 2983 (etiam
873 2941 944 2981 AB)
970 2944 1044 2975 RE.
1083 2961 1119 2966 —
1160 2942 1342 2973 laudantis
1368 2942 1407 2974 Β.
1439 2957 1475 2962 -
1516 2940 1571 2973 18.
1600 2942 1693 2974 velut
1719 2942 1829 2974 Codd.
1857 2942 1924 2980 aL,
1952 2942 1996 2972 R.

241 3010 282 3015 —
318 2994 372 3026 19.
397 3000 581 3032 possumus
617 2993 665 3028 R,
705 2991 823 3021 Lamb.
851 3007 890 3010 —
935 2990 987 3021 hic
1014 2990 1123 3022 Codd.
1162 2990 1234 3021 al.:
1272 2991 1301 3020 is
1327 2989 1410 3025 RE,
1446 2995 1515 3019 om·
1554 2988 1594 3019 B.
1634 3003 1678 3010 —-
1713 2990 1771 3020 21.
1799 2993 1997 3029 ceteraque,

241 3038 340 3079 quae]
379 3047 530 3080 quaeqae
554 3039 607 3074 A,
643 3041 754 3069 cetera
781 3045 932 3076 quaeque
969 3038 1019 3074 B,
1058 3041 1096 3068 ut
1122 3036 1270 3068 videtur.
1304 3052 1340 3056 —
1375 3036 1439 3065 dat
1464 3034 1672 3066 Schntzius:
1713 3036 1769 3068 det
1793 3035 1925 3066 ABRE.
1955 3050 1995 3057 -

242 3086 300 3115 22.
328 3094 469 3126 corpore
507 3086 546 3117 B.
584 3100 622 3105 -
666 3083 722 3115 2⁷¹4.
762 3083 800 3114 in
825 3083 1084 3114 laudationibus
1109 3083 1214 3114 etiam
1243 3082 1271 3111 A
1299 3082 1449 3120 aliique.
1489 3081 1538 3112 R:
1580 3082 1684 3112 etiam
1719 3083 1757 3114 in
1788 3081 1998 3113 laudationi-

244 3131 306 3162 bus
333 3132 384 3168 E,
426 3133 531 3163 eciam.
568 3140 637 3162 om.
678 3131 715 3162 B.
759 3146 799 3151 —
839 3129 896 3159 25.
924 3137 958 3159 se
993 3138 1061 3161 om.
1089 3128 1160 3159 AB.
1192 3144 1229 3150 —
1273 3126 1329 3159 30.
1358 3126 1514 3167 caudari]
1541 3128 1661 3159 audiri
1688 3127 1729 3158 B.
1768 3145 1805 3151 —
1850 3127 1923 3157 alia
1949 3129 1999 3157 est

243 3178 318 3209 alia
343 3177 540 3209 Manutius:
569 3178 644 3209 alia
670 3181 717 3208 est
745 3184 822 3207 cum
851 3176 944 3206 tibris
970 3178 1088 3216 (etiam
1114 3174 1188 3210 AB)
1215 3174 1286 3204 RE.
1313 3190 1354 3195 —-
1392 3173 1448 3204 32.
1478 3179 1510 3205 ec
1536 3183 1604 3205 om.
1633 3174 1704 3205 ΑΒ.
1730 3191 1774 3196 -
1811 3174 2000 3205 commum·-

245 3227 316 3256 tate
340 3224 381 3254 R.
412 3239 447 3244 —
476 3225 511 3254 in
537 3230 614 3256 ante
639 3225 770 3265 inqenii
797 3231 864 3264 om.
892 3222 962 3252 AB.
994 3237 1030 3242 —
1060 3221 1118 3253 34.
1144 3221 1336 3252 iudicanda
1362 3219 1432 3251 AB.
1456 3238 1494 3244 —-
1523 3219 1580 3252 35.
1606 3229 1678 3252 non
1703 3223 1775 3252 tam
1797 3220 1895 3260 ipsis,
1923 3216 1997 3260 qui]

244 3279 316 3301 non
342 3270 424 3310 ipsis
450 3273 587 3309 tamque
612 3270 682 3301 AB.
715 3287 749 3292 —
795 3268 851 3300 36.
879 3277 936 3300 eas
961 3269 1085 3301 habent
1112 3267 1199 3298 Cod.
1228 3267 1325 3299 Voss.
1353 3267 1508 3307 aliique:
1543 3276 1583 3299 ea
1609 3272 1657 3298 esc
1681 3267 1806 3298 habent
1831 3265 1914 3303 AB,
1942 3274 1999 3297 eas

246 3318 282 3348 in
306 3324 339 3347 se
363 3316 488 3347 habent
516 3317 571 3347 RE
597 3322 630 3347 et
655 3325 742 3348 corr.
771 3316 870 3348 Leid.
