2117 3762
812 280 855 324 C.
886 281 954 322 47.
988 279 1055 321 48.
1087 281 1156 322 49.
1777 284 1854 324 371

112 389 272 436 oratio;
306 393 431 429 totam
463 388 572 429 enim
602 387 765 427 tenebat
797 400 884 427 eain
907 386 1150 442 penitusque
1170 389 1435 440 cognoverat.
1491 386 1634 441 Itaque
1655 386 1696 426 in
1717 392 1857 428 senatu

112 452 389 492 consularium
421 451 706 491 auctoritatem
739 451 1062 504 assequebatur,
1110 451 1181 489 sed
1214 449 1254 490 in
1285 449 1417 490 causis
1447 447 1620 504 publicis
1650 449 1773 495 nibil,
1818 450 1858 490 in

111 512 282 566 privatis
321 515 418 553 satis
459 518 666 553 veterator
704 510 933 552 videbatur.
996 514 1094 552 Erat
1132 511 1173 552 in
1203 513 1374 566 privatis
1405 512 1536 552 causis
1568 512 1619 561 Q.
1644 513 1859 552 Lucretius

111 574 297 627 Vespillo
327 581 367 615 et
397 581 538 616 acutus
569 581 607 615 et
638 573 739 614 iuris
769 576 942 626 peritus.
1004 576 1103 614 Nam
1132 574 1266 614 Ofella
1297 572 1558 615 contionibus
1580 575 1716 629 aptior
1736 588 1859 628 quam

111 635 288 676 iudiciis.
350 636 534 678 Prudens
563 634 685 676 etiam
717 638 762 676 'l.‘.
787 630 946 677 Annius
970 636 1115 677 Velina
1144 642 1184 677 et
1213 638 1256 676 in
1286 637 1373 677 eius
1410 637 1575 689 generis
1605 638 1738 678 causis
1769 649 1890 678 ora-⁵

112 704 179 739 tor
207 713 304 740 sane
337 698 577 740 tolerabilis.
639 700 684 738 In
716 698 862 740 eodeni
895 713 1045 751 genere
1077 711 1294 740 causarum
1325 700 1496 740 multum
1527 703 1614 739 erat
1644 702 1690 740 T.
1715 701 1863 741 luven-

114 760 214 808 tius,
245 761 366 802 nimis
396 761 463 802 ille
494 761 662 814 quidem
693 760 828 801 lentus
860 763 899 801 in
932 759 1106 801 dicendo
1139 766 1180 801 et
1209 774 1340 815 paene
1371 760 1567 813 frigidus,
1610 763 1681 802 sed
1712 767 1753 802 et
1782 761 1864 803 cal-

111 823 221 865 lidus
258 831 299 865 et
338 823 379 865 in
419 821 619 877 capiendo
667 825 905 864 adversario
946 829 1136 864 versutus
1177 829 1216 864 ct
1254 829 1468 878 praeterea
1498 838 1574 864 nec
1605 825 1794 867 indoctus
1823 832 1865 868 ct

112 900 259 940 magna
302 900 396 928 cum
441 886 539 925 iuris
587 884 716 926 civilis
757 886 1039 939 intelligentia.
1103 887 1195 927 179.
1244 887 1368 926 Cuius
1406 884 1568 927 auditor
1604 888 1648 930 P.
1680 887 1860 938 Orbius,

110 962 227 990 meus
266 947 352 990 sere
395 947 598 1002 aequalis,
645 949 686 988 in
725 948 901 988 dicendo
943 961 1026 988 non
1056 949 1179 988 nimis
1212 949 1486 995 exercitatus,
1531 948 1574 990 in
1604 950 1695 991 iure
1726 956 1912 992 antemio

110 1009 220 1052 civili
263 1024 347 1051 non
384 1009 559 1051 inferior
597 1024 719 1066 quam
750 1012 947 1064 magister
975 1009 1067 1051 suit.
1128 1012 1228 1051 Nam
1258 1012 1306 1050 T.
1330 1009 1534 1059 Aufidius,
1580 1013 1649 1066 qui
1681 1013 1784 1053 vixit
1812 1015 1863 1054 ad

109 1086 312 1115 summam
351 1079 624 1120 senectutem,
673 1073 839 1114 volebat
876 1086 967 1114 esse
1006 1073 1149 1115 similis
1179 1074 1329 1113 horum
1361 1076 1531 1126 eratque
1564 1079 1605 1114 et
1634 1075 1768 1116 bonus
1798 1076 1864 1117 vir

109 1141 151 1177 et
178 1136 402 1184 inuocem,
451 1137 523 1176 sed
561 1133 724 1176 dicebat
763 1149 924 1188 parum.
987 1137 1071 1176 Nec
1111 1148 1210 1176 sane
1240 1136 1333 1188 plus
1363 1133 1491 1176 frater
1522 1136 1610 1176 eius
1640 1139 1691 1178 M.
1720 1139 1867 1192 Vergi-

108 1197 208 1245 lius,
249 1197 320 1254 qui
359 1200 548 1239 tribunus
584 1197 638 1252 pl.
669 1200 713 1238 L.
743 1198 880 1239 Sullae
911 1199 1154 1254 imperatori
1186 1197 1294 1239 diem
1325 1197 1444 1238 dixit.
1505 1197 1603 1239 Eius
1633 1198 1794 1253 collega
1823 1201 1866 1245 P.

107 1261 292 1316 Magius,
343 1262 384 1302 in
425 1260 600 1302 dicendo
642 1260 781 1316 paullo
812 1267 952 1302 tamen
982 1260 1207 1316 copiosior.
1271 1261 1364 1301 180.
1401 1258 1482 1301 Sed
1512 1260 1696 1302 omnium
1728 1268 1913 1304 orato-15

107 1336 198 1364 rum
229 1324 314 1364 sive
345 1322 611 1372 rabularum,
666 1323 737 1377 qui
767 1329 808 1364 et
838 1325 960 1378 plane
990 1322 1146 1365 indocti
1178 1327 1218 1363 et
1246 1321 1439 1363 inurbani
1469 1327 1539 1363 aut
1566 1323 1710 1364 rustici
1741 1323 1865 1366 etiam

106 1383 297 1433 suerunt,
331 1400 434 1442 quos
465 1386 633 1442 quidem
663 1399 740 1439 ego
763 1385 1055 1440 cognoverim,
1092 1384 1391 1427 solutissimum
1419 1384 1462 1425 in
1492 1383 1664 1426 dicendo
1698 1392 1738 1427 et
1769 1400 1865 1429 acu-

107 1449 310 1491 tissimum
340 1451 478 1491 iudico
510 1448 640 1490 nostri
679 1448 836 1490 ordinis
877 1450 927 1498 Q.
955 1449 1210 1494 Sertorium,
1262 1447 1470 1501 equestris
1513 1449 1555 1489 C.
1592 1450 1863 1502 Gargonium.

107 1512 202 1553 Fuit
231 1514 354 1553 etiam
385 1511 515 1553 facilis
547 1517 588 1552 et
617 1511 836 1564 expeditus
867 1513 917 1551 ad
948 1509 1170 1552 dicendum
1202 1514 1243 1551 et
1275 1509 1386 1550 vitae
1416 1508 1636 1563 splendore
1667 1510 1796 1553 multo
1827 1517 1868 1553 et

108 1575 274 1629 ingenio
320 1587 416 1616 sane
461 1573 668 1629 probabili
715 1575 761 1613 T.
794 1574 937 1614 Iunius
973 1575 1021 1614 L.
1055 1574 1101 1614 F.
1132 1572 1404 1621 tribunicius,
1453 1586 1536 1626 quo
1575 1580 1791 1615 accusante
1821 1576 1864 1616 P.
1881 1591 1916 1616 20

108 1639 294 1685 Sextius,
335 1643 500 1692 praetor
530 1636 791 1691 designatus,
832 1635 1048 1677 damnatus
1079 1640 1141 1676 est
1169 1635 1361 1676 ambitus.
1422 1636 1462 1676 Is
1492 1638 1762 1690 processisset
1791 1635 1865 1679 ho-

107 1698 278 1741 noribus
308 1701 492 1754 longius,
527 1701 602 1740 nisi
634 1713 801 1754 semper
829 1697 992 1739 infirma
1013 1703 1136 1752 atque
1159 1699 1284 1739 etiam
1305 1710 1429 1751 aegra
1451 1697 1688 1740 valetudine
1710 1698 1865 1741 suisset.

219 1763 365 1803 XLIX.
400 1763 492 1803 181.
525 1765 661 1816 Atque
693 1775 769 1816 ego
802 1761 1014 1816 praeclare
1044 1759 1231 1814 intelligo
1263 1775 1329 1801 me
1360 1761 1403 1800 in
1434 1773 1581 1801 eorum
1611 1774 1866 1803 commemo-

108 1826 269 1866 ratione
299 1826 484 1873 versari,
518 1826 587 1879 qui
620 1838 695 1865 nec
726 1825 850 1864 babiti
885 1828 979 1863 sunt
1009 1827 1198 1864 oratores
1230 1835 1364 1877 neque
1395 1823 1596 1872 fuerunt,
1627 1824 1867 1878 praeteriri-

107 1902 188 1943 que
217 1902 241 1928 a
271 1902 337 1928 me
367 1887 525 1941 aliquot
555 1902 606 1928 ex
639 1886 850 1928 veteribus
883 1886 1279 1927 commemoratione
1309 1890 1378 1928 aut
1416 1886 1537 1926 laude
1575 1885 1744 1940 dignos:
1793 1889 1865 1928 sed
1881 1901 1914 1927 25

105 1951 187 1992 hoc
218 1949 384 2006 quidem
415 1949 691 2003 ignoratione.
753 1947 863 1998 Quid
894 1949 1004 1989 enim
1035 1954 1097 1989 est
1126 1947 1355 2001 superioris
1387 1947 1556 1996 aetatis,
1598 1951 1711 2003 quod
1742 1950 1867 1991 scribi

105 2015 237 2068 possit
266 2011 317 2054 de
347 2014 416 2060 iis,
466 2010 517 2053 de
559 2013 710 2067 quibus
750 2010 862 2051 nulla
897 2016 1169 2051 monumenta
1206 2010 1437 2064 loquuntur
1478 2023 1555 2051 nec
1584 2011 1758 2052 aliorum
1788 2026 1866 2053 nec

105 2077 322 2131 ipsorum?
361 2078 421 2117 De
452 2075 511 2115 eis
541 2079 703 2123 autem,
737 2086 841 2128 quos
871 2072 951 2126 ipsi
979 2072 1182 2122 vidimus,
1217 2074 1426 2113 neminem
1455 2070 1544 2114 fere
1574 2073 1866 2126 praetermitti-

106 2151 198 2180 mus
228 2152 396 2186 eorum‚
429 2151 534 2193 quos
565 2135 784 2192 aliquando
817 2135 1003 2176 dicentes
1031 2134 1225 2177 vidimus.
1291 2136 1383 2176 182.
1421 2134 1527 2178 Volo
1558 2135 1668 2177 enim
1698 2138 1794 2178 sciri
1823 2137 1866 2178 in

106 2207 219 2243 tanta
248 2207 291 2242 et
318 2206 401 2242 tam
430 2206 571 2243 vetere
602 2213 646 2241 re
677 2198 843 2253 publica
883 2197 1074 2238 maximis
1113 2196 1306 2252 praemiis
1344 2196 1604 2252 eloquentiae
1642 2198 1865 2253 propositis
1880 2212 1914 2238 ³0

107 2277 252 2306 omnes
284 2262 447 2318 cupisse
478 2261 641 2310 dicere,
671 2275 756 2302 non
785 2260 984 2316 plurimos
1015 2273 1138 2302 ausos
1169 2273 1284 2309 esse,
1330 2259 1518 2314 potuisse
1547 2273 1717 2316 paucos.
1777 2264 1865 2315 Ego

108 2333 245 2369 tamen
281 2328 338 2368 ita
376 2324 427 2367 de
464 2339 547 2367 uno
588 2338 755 2380 quoque
795 2325 952 2372 dicam,
998 2328 1043 2364 ut
1071 2321 1245 2376 intelligi
1277 2322 1431 2375 possit,
1480 2336 1603 2378 quem
1633 2323 1863 2365 existimem

108 2389 399 2436 clamatorem,
432 2402 555 2442 quem
577 2393 788 2429 oratorem
809 2385 951 2428 fuisse.
1008 2384 1159 2427 lisdem
1190 2384 1277 2426 sere
1307 2384 1567 2439 temporibus
1597 2392 1729 2427 aetate
1760 2385 1862 2427 inse-

107 2455 243 2495 riores
273 2451 412 2506 paullo
443 2464 566 2506 quam
599 2449 748 2499 Iulius,
793 2448 867 2490 sed
898 2447 1089 2503 aequales
1118 2446 1423 2502 propemodum
1453 2449 1623 2489 fuerunt
1653 2450 1695 2491 C.
1723 2449 1862 2496 Cotta,

107 2517 154 2557 P.
184 2514 411 2570 Sulpicius,
453 2515 504 2563 Q.
531 2511 701 2560 Varius,
743 2512 817 2553 Cn.
847 2511 1119 2565 Pomponius,
1152 2511 1196 2552 C.
1228 2510 1378 2558 Curio,
1407 2512 1454 2551 L.
1485 2509 1648 2560 Fufius,
1680 2513 1735 2552 M.
1759 2513 1864 2553 Dru·
1877 2522 1911 2547 ³5

108 2593 200 2628 sus,
232 2579 276 2619 P.
297 2578 516 2625 Antistius,
547 2590 624 2616 nec
654 2574 735 2616 ulla
764 2579 896 2615 aetate
926 2572 1098 2614 uberior
1127 2577 1341 2614 oratorum
1370 2573 1478 2614 fetus
1506 2571 1597 2614 suit.
1661 2575 1753 2614 183.
1797 2575 1860 2614 Ex

107 2639 173 2682 his
203 2640 322 2682 Cotta
350 2645 391 2682 et
428 2637 632 2694 Sulpicius
669 2650 763 2678 cum
803 2649 897 2678 meo
937 2634 1119 2683 iudicio,
1167 2640 1254 2676 tum
1299 2636 1508 2684 omnium,
1554 2634 1670 2676 facile
1708 2635 1861 2689 primas

201 2750 236 2782 1.
263 2751 476 2790 coynoverat
500 2747 543 2779 D.
570 2746 630 2787 Lg.
659 2755 798 2785 omnes,
825 2745 913 2777 Ven.
941 2745 975 2776 1.
1004 2746 1075 2776 Ott.
1106 2743 1172 2775 Gu.
1202 2744 1233 2777 1.
1261 2744 1296 2775 2.
1325 2742 1360 2775 3.
1388 2743 1512 2777 Dresd.
1541 2744 1590 2776 R:
1629 2747 1794 2785 cogynorat
1821 2743 1859 2777 E.

109 2811 151 2818 —
178 2795 212 2827 4.
242 2796 394 2835 Vespillo
418 2795 616 2828 Manutius:
647 2793 790 2832 Vispillo
820 2801 898 2824 cum
927 2791 1020 2823 libris
1050 2791 1091 2822 Ε.
1117 2808 1162 2813 -
1202 2790 1316 2832 Ofella
1340 2790 1459 2823 Victor
1484 2791 1626 2822 Pisanus
1648 2796 1753 2830 atque
1780 2790 1861 2823 Cor-

109 2842 233 2876 radus:
259 2842 402 2882 Aphilia
426 2850 503 2875 eum
528 2841 617 2873 Aldo
643 2840 688 2878 E,
717 2840 793 2872 libri
820 2847 932 2880 aeque
959 2841 1119 2876 corrupte
1145 2838 1186 2870 A.
1212 2838 1287 2879 filia
1313 2836 1393 2877 (R),
1424 2838 1558 2874 Asilia,
1594 2838 1650 2869 alii
1677 2838 1788 2869 aliter.
1820 2855 1858 2862 —

109 2889 327 2922 contionibus
353 2890 471 2929 aptior
494 2889 537 2920 Ι).
565 2888 625 2928 Lg.
655 2896 774 2919 omnes
799 2886 866 2918 Gu.
889 2887 921 2917 1.
941 2885 974 2916 2-
995 2884 1145 2917 Dresd.:
1175 2885 1296 2924 aptior
1321 2884 1541 2915 concionibus
1567 2883 1605 2916 E.
1636 2900 1672 2906 —-
1703 2884 1757 2916 1³.
1784 2883 1862 2915 Ver-

109 2936 213 2978 gyilius
237 2935 304 2974 1).,
331 2934 398 2967 Gu.
426 2937 459 2968 1.
485 2935 520 2967 2.
548 2933 671 2966 Dresd.
699 2935 749 2972 R,
777 2941 867 2974 quae
895 2934 928 2963 in
956 2931 1123 2963 Cicerone
1151 2933 1276 2964 rectior
1301 2934 1353 2962 cst
1377 2932 1566 2969 scriptura:
1601 2930 1764 2969 J't'rslilius
1783 2938 1861 2963 cum

111 2983 291 3024 plerisque
317 2981 355 3013 E.
394 2999 435 3005 —
479 2981 535 3014 16.
564 2985 596 3013 et
615 2981 721 3020 plane
745 2980 878 3012 indocti
903 2982 936 3009 ec
961 2978 1003 3008 l).
1033 2977 1101 3010 Gu.
1127 2979 1161 3008 1.
1188 2978 1221 3008 2.
1258 2977 1346 3009 Ven.
1375 2978 1408 3007 1.
1437 2977 1555 3008 ottob.
1593 2976 1692 3014 prob.
1723 2977 1860 3009 llandto

110 3030 212 3062 Turs.
232 3029 280 3060 11.
308 3035 343 3068 p.
361 3027 452 3060 537:
479 3033 511 3060 et
531 3029 640 3068 plano
664 3028 797 3059 indocti
822 3030 884 3058 aut
909 3026 994 3064 Reg.
1021 3023 1093 3062 AB,
1110 3024 1183 3063 RE,
1211 3028 1274 3055 aut
1298 3023 1401 3062 plane
1425 3023 1556 3054 indocti
1581 3025 1611 3052 ct
1636 3023 1720 3064 Reg.
1750 3023 1796 3059 C,
1823 3028 1862 3056 ut

111 3078 308 3109 coniecerat
333 3075 539 3116 Heusinger.
580 3092 624 3096 —
668 3074 723 3106 18.
753 3073 967 3115 Garyom‘um
992 3070 1034 3101 Ι).
1063 3070 1122 3111 Lg.
1150 3070 1184 3102 8.
1214 3071 1269 3102 35.
1299 3069 1354 3101 39.
1382 3069 1439 3100 51.
1465 3069 1521 3100 53.
1549 3068 1605 3100 56.
1633 3069 1690 3101 58.
1717 3070 1774 3102 68.
1800 3071 1858 3103 70.

109 3123 189 3156 Vat.
227 3123 314 3155 Ven.
343 3122 378 3152 1.
404 3122 438 3153 2.
467 3121 585 3153 Ottob.
616 3121 682 3153 Gu.
710 3122 743 3152 1.
771 3121 819 3152 Rt
857 3118 1072 3159 Gorgoneum
1104 3125 1183 3149 cum
1208 3117 1332 3149 ceteris
1361 3115 1399 3147 E.
1428 3114 1497 3146 Cir.
1526 3115 1639 3147 Bentl.
1667 3115 1710 3148 ad
1736 3117 1858 3149 Horat.

111 3170 223 3203 Serm.
251 3171 291 3206 1,
317 3168 359 3202 2.
387 3167 446 3199 27.
473 3184 517 3189 —
541 3169 600 3199 21.
626 3167 757 3200 Sestius
782 3167 870 3199 Ven.
897 3166 930 3196 2.
960 3164 1025 3195 Gu.
1046 3163 1079 3195 2.
1106 3163 1231 3196 Dresd.
1263 3180 1300 3186 —
1337 3161 1393 3192 22.
1422 3162 1527 3193 etiam
1552 3165 1716 3202 expunxit
1740 3164 1861 3204 Meyer

112 3225 192 3250 cum
217 3216 268 3255 R,
297 3215 340 3247 de
366 3223 433 3255 qua
459 3213 675 3246 Ellendtlus:
706 3216 762 3245 «in
784 3214 849 3245 Ed.
871 3221 923 3252 pr.
944 3211 1048 3242 etiam
1067 3218 1134 3242 non
1159 3211 1222 3250 legi
1243 3209 1413 3241 elicitum:
1443 3210 1548 3240 immo
1568 3217 1659 3242 «non
1687 3209 1858 3250 legitur»;

110 3269 152 3296 ut
177 3266 251 3305 ipse
277 3263 362 3295 meis
389 3260 496 3293 oculis
522 3262 604 3293 vidi.
634 3277 672 3284 —
714 3260 772 3291 24.
798 3262 879 3292 sunt
902 3274 915 3279 -
941 3273 954 3279 -
979 3256 1119 3296 suerunt
1145 3256 1256 3289 Codd.
1285 3258 1417 3287 tantum
1444 3263 1513 3287 non
1539 3264 1681 3289 omnes:
1718 3258 1787 3288 sinc
1810 3273 1823 3279 ·
1846 3272 1860 3278 -

110 3310 240 3351 suerint
265 3309 331 3342 Gu.
350 3307 384 3339 2.
412 3307 472 3348 Lg.
492 3307 550 3340 70.
577 3316 665 3341 corr.
691 3306 780 3340 Ven.
804 3307 838 3339 1.
866 3305 938 3337 RE.
967 3320 1007 3327 —
1032 3302 1090 3335 26.
1118 3307 1167 3336 est
1191 3303 1280 3336 enim
1304 3302 1448 3335 Ascens.
1478 3310 1528 3342 pr.
1549 3302 1630 3335 Sch.
1660 3318 1696 3325 —
1723 3303 1781 3336 28.
1808 3303 1860 3333 his

113 3357 180 3390 Gu.
207 3359 241 3391 1.
267 3358 301 3389 2.
328 3356 370 3388 R.
395 3355 510 3388 Peter.
