2117 3762
762 283 807 324 C.
841 284 910 324 74.
943 283 1012 324 75.
1045 284 1113 325 76.
1733 286 1815 327 387

55 391 158 433 lenis
188 391 410 448 appellatio
441 390 668 433 litterarum
700 386 808 430 bene
839 389 1038 443 loquendi
1060 388 1212 430 samam
1234 386 1484 430 confecerat.
1548 388 1686 437 Cotta,
1719 392 1815 445 quia

55 468 99 496 se
130 454 250 495 valde
281 453 497 496 dilatandis
527 451 673 493 litteris
704 464 727 490 a
766 451 1034 492 similitudine
1079 455 1260 493 Graecae
1299 449 1519 493 locutionis
1558 449 1819 493 abstraxerat

54 518 311 572 sonabatque
352 514 605 558 contrarium
648 514 813 559 Catulo,
860 515 1102 565 subagreste
1141 513 1337 569 quiddam
1378 513 1582 568 planeque
1613 515 1816 554 subrusti-

55 592 170 626 cum,
214 579 292 621 alia
331 578 497 634 quidem
529 575 646 630 quasi
676 575 828 617 inculta
861 582 902 617 et
931 576 1108 617 silvestri
1140 575 1208 616 via
1239 575 1290 616 ad
1322 574 1495 616 eandem
1525 575 1689 617 laudem
1719 589 1815 631 per-

54 647 239 682 venerat.
301 641 472 682 Sisenna
502 646 637 680 autem
669 638 784 693 quasi
808 641 1050 680 emendator
1070 638 1273 679 sermonis
1295 638 1431 680 usitati
1453 652 1546 680 cum
1568 652 1658 680 esse
1679 638 1814 685 vellet,
1832 654 1846 679 ⁵

54 718 105 744 ne
137 717 159 744 a
191 704 236 745 C.
262 705 389 745 Rusio
418 702 586 758 quidem
619 707 857 742 accusatore
889 700 1090 742 deterreri
1120 701 1281 754 potuit,
1333 714 1416 754 quo
1447 702 1581 742 minus
1611 700 1817 743 inusitatis

53 764 192 807 verbis
223 771 422 807 uteretur.
481 766 579 805 260.
629 763 835 813 Quidnam
867 763 973 804 istuc
1006 766 1096 804 cst?
1146 764 1279 818 inquit
1307 765 1481 805 Brutus:
1533 769 1603 805 aut
1632 765 1725 819 quis
1757 770 1818 805 est

54 830 130 869 iste
163 829 208 869 C.
232 827 407 870 Rusius?
456 828 508 867 Et
537 825 629 873 ille,
664 826 755 867 Fuit
785 832 1024 874 accusator,
1058 827 1212 879 inquit,
1244 830 1384 873 vetus,
1416 840 1498 881 quo
1530 833 1746 869 accusante
1768 828 1814 868 C.

54 890 252 932 Rutilium
276 889 448 931 Sisenna
469 888 695 930 defendens
717 888 832 935 dixit,
855 889 1059 944 quaedam
1081 889 1169 930 eius
1200 888 1501 943 sputatilica
1521 903 1612 931 esse
1633 890 1817 931 crimina.

53 954 216 993 Lxxv.
253 954 358 993 Tum
381 953 426 994 C.
451 951 620 999 Rusius‚
662 952 1093 999 Circumvenior,
1133 950 1290 1004 inquit,
1323 952 1544 999 iudices,
1575 952 1678 993 nisi
1709 950 1868 993 sub—10

52 1013 268 1055 venitis.
303 1015 525 1055 Sisenna
556 1014 679 1069 quid
710 1013 868 1059 dicat,
900 1012 1108 1053 nescio:
1142 1017 1322 1054 metuo
1352 1012 1593 1055 insidias.
1641 1015 1818 1067 sputa-

51 1077 230 1123 tilica,
263 1075 388 1131 quid
419 1081 495 1118 est
524 1075 648 1117 hoc?
680 1082 828 1128 sputa
848 1073 969 1129 quid
991 1074 1213 1121 sitscio‚
1244 1075 1394 1116 tilica
1419 1075 1616 1118 nescio.
1646 1076 1815 1119 Maximi

50 1138 183 1180 risus:
205 1137 277 1180 sed
298 1138 368 1180 ille
390 1147 527 1182 tamen
547 1137 759 1179 familiaris
777 1150 893 1178 meus
913 1141 1024 1177 recte
1044 1136 1158 1192 loqui
1175 1135 1344 1192 putabat
1363 1151 1453 1179 esse
1473 1137 1666 1179 inusitate
1684 1138 1814 1193 loqui.

50 1202 147 1242 261.
173 1201 327 1242 Caesar
344 1207 481 1243 autem
507 1200 710 1242 rationem
733 1198 932 1241 adhibens
951 1198 1294 1241 consuetudinem
1310 1198 1502 1241 vitiosam
1520 1206 1561 1241 et
1581 1208 1817 1256 corruptam

49 1276 157 1317 pura
174 1270 214 1305 et
230 1266 469 1320 incorrupta
487 1262 785 1305 consuetudine
805 1264 1010 1304 emendat.
1044 1264 1210 1318 Itaque,
1243 1275 1337 1303 cum
1361 1261 1412 1303 ad
1439 1263 1546 1303 hanc
1573 1264 1817 1317 elegantiam
1832 1277 1867 1301 15

49 1328 275 1368 verborum
306 1327 568 1374 Latinorum,
606 1339 732 1381 quae,
775 1327 897 1367 etiam
921 1326 956 1366 si
984 1331 1127 1368 orator
1146 1338 1230 1367 non
1256 1323 1312 1366 sis
1348 1330 1389 1366 et
1418 1324 1473 1366 sis
1489 1326 1704 1379 ingenuus
1720 1326 1820 1367 civis

48 1390 280 1438 Romanus,
312 1396 448 1431 tamen
471 1390 702 1430 necessaria
725 1394 810 1438 est,
844 1387 1032 1442 adiungit
1051 1388 1123 1430 illa
1144 1387 1329 1429 oratoria
1360 1393 1610 1428 ornamenta
1630 1387 1817 1429 dicendi:

49 1457 137 1494 tum
183 1454 347 1495 videtur
386 1459 596 1508 tamquam
641 1453 800 1493 tabulas
846 1453 954 1492 bene
999 1451 1127 1506 pictas
1169 1449 1371 1492 collocare
1411 1451 1453 1491 in
1494 1451 1604 1492 bono
1645 1452 1816 1492 lumine.

50 1517 169 1558 Hanc
205 1529 299 1558 cum
339 1513 489 1556 habeat
526 1514 793 1570 praecipuam
832 1513 998 1555 laudem
1027 1513 1069 1555 in
1105 1512 1418 1561 communibus,
1468 1526 1554 1554 non
1591 1511 1715 1554 video
1753 1514 1820 1554 cui

51 1579 202 1620 debeat
230 1580 396 1620 cedere.
460 1575 727 1632 Splendidam
759 1575 965 1632 quandam
995 1576 1250 1631 minimeque
1280 1575 1572 1618 veteratoriam
1613 1574 1818 1617 rationem
1834 1587 1868 1612 20

51 1639 216 1682 dicendi
245 1647 380 1689 tenet,
413 1653 541 1689 voce,
574 1645 716 1689 motu,
748 1639 885 1681 forma
916 1641 1039 1681 etiam
1071 1637 1286 1692 magnifica
1317 1643 1357 1680 et
1387 1651 1588 1693 generosa
1617 1639 1820 1694 quodam-

51 1704 195 1744 modo.
251 1705 345 1744 262.
377 1705 480 1744 Tum
510 1705 687 1743 Brutus:
722 1702 942 1744 Orationes
972 1701 1140 1759 quidem
1170 1701 1260 1743 eius
1289 1701 1391 1742 mihi
1420 1703 1691 1743 vehementer
1720 1714 1820 1754 pro—

51 1766 221 1816 bantur;
272 1764 510 1818 complures
554 1771 693 1806 autem
738 1765 835 1819 legi.
897 1768 1031 1819 Atque
1076 1766 1201 1805 etiam
1252 1765 1573 1806 commentarios
1616 1762 1819 1818 quosdam

50 1827 214 1882 scripsit
242 1841 383 1869 rerum
415 1841 598 1869 suarum.
655 1827 785 1868 Valde
816 1827 1010 1882 quidem,
1044 1827 1235 1882 inquam,
1265 1828 1529 1882 probandos:
1576 1825 1676 1868 nudi
1709 1825 1819 1867 enim

51 1895 166 1937 suut,
210 1893 314 1931 recti
345 1896 386 1931 et
416 1890 607 1938 venusti,
659 1891 772 1930 omni
815 1896 966 1931 ornatu
1000 1891 1202 1931 orationis
1230 1894 1440 1944 tamquam
1470 1894 1588 1930 veste
1620 1888 1815 1930 detracta.
1833 1904 1868 1930 25

51 1950 132 1993 Sed
163 1953 262 1993 dum
292 1952 425 1994 voluit
454 1952 558 1994 alios
588 1954 744 1993 habere
774 1958 939 2006 parata,
970 1951 1080 1994 unde
1102 1957 1341 2001 sumerent,
1375 1951 1446 2007 qui
1466 1951 1617 1993 vellent
1637 1950 1819 1992 seribere

49 2012 287 2063 historiam,
332 2013 484 2067 ineptis
514 2019 675 2069 gratum
707 2013 883 2056 fortasse
912 2014 1035 2064 fecit,
1084 2014 1154 2070 qui
1184 2013 1325 2056 volent
1354 2013 1422 2055 iiia
1454 2013 1699 2055 calamistris
1729 2015 1821 2054 inu-

49 2089 168 2118 rere:
220 2090 342 2118 sanos
381 2076 549 2133 quidem
588 2076 781 2118 homines
821 2091 845 2118 a
874 2076 1098 2119 scribendo
1130 2076 1344 2119 deterruit.
1404 2075 1514 2117 Nihil
1547 2081 1609 2117 est
1639 2075 1748 2117 enim
1779 2075 1822 2116 in

51 2139 226 2181 historia
263 2153 366 2195 pura
406 2145 448 2181 et
483 2139 633 2181 illustri
662 2139 866 2182 brevitate
897 2139 1071 2185 dulcius.
1133 2140 1215 2181 Sed
1245 2141 1297 2181 ad
1329 2152 1426 2188 eos,
1478 2137 1514 2180 si
1542 2137 1700 2192 placet,
1751 2136 1822 2193 qui

51 2203 136 2244 vita
165 2208 458 2251 excesserunt,
489 2208 768 2244 revertamur.
1836 2215 1872 2241 ³0

164 2266 349 2306 LXXVI.
378 2266 475 2306 263.
530 2266 575 2306 C.
601 2265 777 2307 Sicinius
806 2264 957 2320 igitur,
991 2266 1043 2314 Q.
1067 2263 1257 2319 Pompeii
1288 2263 1416 2311 illius,
1449 2264 1520 2318 qui
1552 2276 1700 2305 censor
1727 2261 1819 2312 fuit,

54 2340 107 2368 ex
135 2324 218 2367 filia
248 2339 404 2382 nepos,
456 2326 718 2381 quaestorius
754 2333 942 2369 mortuus
984 2332 1070 2376 est,
1121 2326 1353 2382 probabilis
1392 2332 1554 2374 orator,
1600 2327 1682 2367 iam
1720 2339 1819 2367 vero

54 2388 176 2430 etiam
206 2390 433 2443 probatus,
468 2402 520 2430 ex
550 2390 630 2430 hac
658 2388 775 2442 inopi
805 2388 856 2430 ad
887 2389 1144 2438 ornandum,
1185 2390 1257 2430 sed
1287 2390 1340 2429 ad
1369 2388 1664 2430 inveniendum
1696 2400 1822 2442 expe-

54 2449 141 2492 dita
170 2451 454 2506 Hermagorae
486 2450 722 2505 disciplina.
783 2453 842 2492 Ea
872 2453 943 2492 dat
971 2451 1152 2493 rationes
1182 2457 1316 2492 certas
1337 2457 1377 2493 et
1398 2457 1618 2506 praecepta
1639 2450 1799 2492 dicendi
1810 2465 1820 2499 ;

54 2527 162 2568 quae
194 2514 228 2554 si
258 2513 465 2556 minorem
496 2512 648 2555 habent
668 2519 914 2569 apparatum
933 2537 988 2545 —
1008 2519 1103 2555 sunt
1123 2514 1234 2555 enim
1253 2513 1379 2555 exilia
1398 2537 1453 2544 —
1467 2545 1476 2562 ‚
1508 2520 1644 2555 tamen
1666 2511 1820 2553 habent
1834 2524 1868 2551 35

54 2575 243 2618 ordinem
284 2582 325 2618 et
362 2575 561 2632 quasdam
606 2589 747 2618 errare
790 2577 833 2618 in
877 2576 1055 2618 dicendo
1098 2590 1182 2617 non
1224 2577 1428 2630 patientes
1464 2577 1566 2618 vias.
1627 2576 1711 2616 Has
1750 2574 1820 2614 ille

54 2643 198 2681 tenens
235 2644 276 2681 et
314 2645 483 2694 paratus
526 2641 578 2680 ad
617 2652 760 2681 causas
797 2638 991 2688 veniens,
1042 2640 1271 2680 verborum
1311 2652 1396 2680 non
1437 2652 1583 2692 egens,
1633 2637 1722 2691 ipsa
1751 2635 1820 2677 illa

54 2702 367 2757 comparatione
397 2701 699 2756 disciplinaque
741 2700 907 2742 dicendi
937 2702 1018 2742 iam
1049 2700 1091 2742 in
1121 2707 1393 2756 patronorum
1423 2712 1643 2742 numerum
1672 2711 1819 2753 perve-

56 2769 191 2805 nerat.
250 2764 346 2807 264.
385 2766 486 2807 Erat
516 2765 639 2806 etiam
669 2763 733 2806 vir
763 2765 909 2804 doctus
939 2764 1144 2818 imprimis
1176 2766 1220 2806 C.
1244 2763 1440 2808 Visellius
1470 2767 1626 2810 Varro,
1673 2774 1821 2802 conso-

151 2946 187 2979 1.
213 2945 296 2978 levis
321 2945 384 2988 Lg.
412 2954 554 2986 omnes,
584 2944 671 2979 Ven.
701 2946 733 2978 1.
761 2944 804 2978 R.
832 2962 875 2968 —
914 2944 950 2976 lo.
977 2945 1053 2977 alia
1077 2944 1234 2986 quadam
1257 2945 1457 2983 Manutius,
1486 2943 1608 2976 Lamb.
1638 2958 1674 2966 —
1718 2941 1753 2974 6.
1781 2941 1816 2973 C.

58 2994 187 3028 Erucio
225 2993 366 3034 Pighius
405 2994 529 3034 probb.
557 2992 793 3032 Schneidero,
839 2992 1026 3029 Schutzio,
1069 2991 1273 3026 Weicherto
1307 2993 1348 3024 de
1375 2992 1472 3023 Poct.
1501 2991 1577 3022 Lat.
1605 2998 1638 3028 p.
1667 2988 1747 3022 101.
1775 3005 1818 3013 —·

57 3042 94 3074 9.
123 3040 158 3072 C.
179 3039 350 3072 Rutilium
374 3040 426 3072 R:
470 3041 664 3073 Chirtilium
698 3040 794 3077 libri,
830 3039 1027 3070 Chritilium
1051 3038 1093 3071 E.
1131 3053 1174 3062 -
1215 3040 1273 3070 11.
1299 3039 1395 3070 dicat
1418 3039 1479 3078 Lg.
1506 3037 1564 3067 20.
1590 3036 1646 3068 35.
1674 3036 1731 3068 68.
1757 3036 1816 3069 70.

58 3088 148 3122 Ven.
176 3089 210 3119 1.
245 3086 322 3119 Vat.
352 3086 494 3125 Ottob.,
534 3090 574 3119 ut
607 3086 745 3120 volebat.
782 3086 986 3118 Ernestius:
1022 3084 1118 3117 dicas
1149 3093 1228 3117 cum
1255 3087 1378 3117 ceteris
1416 3083 1534 3125 (etiam
1560 3083 1603 3114 D.
1632 3081 1699 3114 Gu.
1726 3082 1760 3114 1.
1780 3083 1816 3115 2.

58 3134 185 3168 Dresd.
213 3133 276 3171 R.)
303 3133 342 3164 E.
371 3149 412 3156 ·-—
451 3134 507 3165 15.
535 3133 740 3165 emendabat
766 3133 810 3164 Ι).
839 3132 906 3164 Gu.
932 3134 964 3164 1.
992 3130 1027 3162 2.
1063 3131 1189 3165 Dresd.
1215 3132 1258 3163 R.
1295 3131 1425 3163 Vitium
1453 3130 1517 3161 hoc
1542 3131 1675 3168 recepit
1698 3128 1815 3162 Peter.

62 3199 102 3206 -
138 3182 196 3213 21.
224 3179 338 3220 forma
363 3182 393 3211 et
417 3180 643 3221 maqnificam
668 3183 698 3212 et
723 3187 927 3220 qenai-osam
961 3181 1103 3211 auctore
1140 3178 1308 3210 Suetonio
1347 3177 1446 3209 Caes.
1473 3176 1513 3208 C.
1539 3176 1597 3208 55.
1626 3176 1745 3207 Lamb.
1775 3193 1818 3199 --

58 3229 118 3261 25.
138 3229 297 3260 detracta
314 3226 460 3258 Sueton.
487 3227 508 3258 Ι.
528 3227 567 3264 Ι.,
587 3227 662 3258 iibri
690 3235 823 3266 omnes,
844 3226 894 3264 R,
923 3225 1081 3256 Ellendt:
1110 3225 1264 3257 detracto
1282 3223 1404 3256 Lamb.
1423 3222 1464 3254 Ε.
1492 3222 1574 3254 Sch.
1601 3222 1672 3256 Ct'r.
1691 3224 1818 3262 Zumpt

60 3276 103 3308 ad
129 3275 229 3308 Verr.
259 3283 294 3314 p.
321 3272 401 3304 138.
440 3288 482 3295 —-
523 3272 581 3304 27.
608 3272 731 3304 volunt
755 3272 798 3305 D.
827 3272 895 3304 Gu.
921 3271 955 3302 2.
984 3271 1111 3304 Dresd.
1139 3275 1173 3303 et
1200 3279 1287 3303 corr.
1315 3270 1381 3303 Gu.
1410 3269 1443 3300 1.
1470 3269 1594 3309 Peter,
1619 3270 1728 3302 velint
1753 3270 1814 3308 Lg.

59 3322 118 3354 53.
144 3322 203 3354 68.
229 3321 288 3353 70.
317 3318 436 3352 Ottob.
468 3335 505 3342 —
535 3318 591 3350 28.
621 3323 670 3351 est
695 3319 785 3351 enim
810 3318 854 3350 D.
881 3318 943 3358 Lg.
973 3321 1110 3357 praeter
1135 3318 1192 3348 20.
1220 3317 1308 3349 Ven.
1336 3318 1369 3349 1.
1398 3315 1466 3348 Gu.
1495 3317 1528 3348 1.
1555 3315 1590 3349 2.
1616 3316 1742 3349 Dresd.
1760 3316 1812 3347 R:

62 3369 150 3404 enim
175 3373 223 3402 est
249 3377 328 3401 cum
352 3368 427 3400 aliis
451 3365 492 3399 E.
519 3380 565 3390 —
588 3364 646 3398 32.
671 3362 756 3407 iam]
782 3365 886 3398 immo
911 3364 1034 3398 Lami).
1059 3380 1102 3387 —
1129 3364 1186 3397 35.
1212 3360 1256 3404 si]
1284 3365 1347 3398 etsi
1371 3363 1426 3400 R,
1453 3363 1576 3397 Lamb.
