2117 3762
794 279 895 321 LIB.
929 278 961 319 Ι.
1024 277 1068 318 C.
1105 279 1170 319 15.
1208 278 1272 318 16.
1824 274 1899 317 185

157 388 391 435 hominum,
440 390 490 430 de
520 383 830 441 cupiditatibus,
881 386 930 426 de
963 384 1110 432 modo,
1162 385 1212 424 de
1244 379 1516 429 continentia,
1560 378 1611 421 dc
1642 378 1808 425 dolore,
1851 379 1900 420 de

157 457 291 495 morte
322 452 542 492 dicendum
572 450 643 494 sit,
686 447 882 495 forsitan,
924 447 956 489 si
988 450 1024 488 ei
1056 447 1107 488 sit
1137 447 1291 491 visum,
1333 444 1421 498 (etsi
1453 443 1552 485 haec
1582 441 1747 497 quidem
1780 454 1900 482 nosse

158 513 279 557 debet
309 512 461 565 orator)
509 526 599 554 cuin
631 512 723 552 Sex.
755 510 968 565 Pompeio,
1020 508 1181 550 erudito
1212 507 1377 548 homine
1408 507 1448 547 in
1478 504 1759 561 philosophia,
1791 516 1902 545 com-

157 576 392 622 municarit,
426 578 503 617 hoc
535 572 721 630 profecto
752 572 923 620 efficiet,
956 578 999 614 ut
1027 584 1312 628 quamcunque
1344 582 1430 610 rem
1461 582 1483 609 a
1513 581 1681 623 quoquo
1713 565 1902 620 cognorit

157 641 208 681 de
239 653 287 680 ca
317 637 444 680 multo
476 637 582 678 dicat
611 634 794 677 ornatius
825 649 947 690 quam
984 634 1052 676 ille
1089 633 1196 688 ipse,
1243 633 1350 673 unde
1382 630 1585 683 cognorit.
1647 631 1716 674 68.
1756 627 1837 669 Sed
1867 627 1931 669 sis

156 715 222 744 me
253 699 414 748 audiet,
464 697 657 754 quoniam
688 697 948 752 philosophia
980 697 1019 738 in
1053 702 1135 738 tres
1166 700 1301 750 partes
1331 700 1391 735 cst
1422 694 1599 741 tributa,
1650 691 1692 733 in
1731 697 1902 732 naturae

157 762 467 808 obscuritatem,
498 759 539 801 in
570 759 799 801 disserendi
830 758 1116 807 subtilitatem,
1153 757 1194 798 in
1227 756 1350 798 vitam
1381 762 1502 810 atque
1533 767 1689 801 mores,
1721 755 1803 795 duo
1835 751 1903 793 illa

157 826 434 879 relinquamus
463 829 584 877 atque
614 822 837 875 largiamur
867 822 1039 863 inertiae
1070 826 1255 868 nostrac3
1303 818 1467 859 tertium
1500 831 1620 865 vcro,
1655 815 1767 872 quod
1797 828 1903 857 sem·

154 902 230 945 per
269 887 445 928 oratoris
483 883 580 931 fuit,
628 884 705 925 nisi
744 883 992 930 tenebimus,
1043 882 1143 924 nihil
1181 880 1358 927 oratori,
1411 880 1450 921 in
1489 893 1571 935 quo
1611 892 1781 934 magnus
1811 890 1902 919 esse

155 949 308 1005 possit,
354 947 650 1001 relinquemus.
711 949 777 987 69.
813 948 949 996 Quare
980 949 1044 986 hic
1076 945 1190 986 locus
1221 943 1271 984 de
1302 943 1384 983 vita
1416 948 1456 983 et
1485 941 1670 982 moribus
1701 947 1812 982 totus
1842 943 1950 980 est1⁰

154 1010 310 1056 oratori
342 1008 662 1066 perdiscendus;
709 1015 844 1050 cetera
875 1010 907 1050 si
938 1022 1020 1049 non
1051 1006 1262 1052 didicerit,
1303 1011 1439 1046 tamen
1471 1006 1642 1059 poterit,
1673 1006 1705 1046 si
1738 1000 1902 1056 quando

154 1089 258 1131 opus
288 1074 390 1122 erit,
439 1085 588 1113 ornare
619 1071 815 1119 dicendo,
861 1071 895 1112 si
925 1069 1049 1112 modo
1081 1069 1132 1110 ad
1163 1083 1256 1110 eum
1288 1073 1410 1109 erunt
1440 1067 1570 1108 delata
1602 1072 1642 1107 et
1672 1066 1709 1107 ei
1740 1065 1900 1107 tradita.

153 1138 260 1180 xvi.
291 1134 453 1177 Etenim
485 1136 518 1174 si
550 1140 707 1175 constat
737 1133 844 1174 inter
874 1132 1038 1180 doctos,
1089 1133 1297 1173 hominem
1337 1131 1525 1184 ignarum
1557 1128 1804 1182 astrologiae
1835 1140 1904 1168 or-

152 1199 374 1241 natissimis
405 1203 526 1251 atquc
557 1195 722 1248 optimis
752 1194 944 1237 versibus
975 1199 1141 1236 Aratum
1174 1193 1225 1235 de
1256 1193 1368 1234 caelo
1398 1192 1607 1247 stellisque
1639 1190 1814 1239 dixisse;
1867 1189 1901 1230 si

153 1261 203 1303 de
233 1263 358 1302 rebus
387 1258 551 1301 rusticis
582 1259 788 1299 hominem
821 1259 871 1298 ab
902 1271 1002 1312 agro
1033 1256 1376 1303 remotissimum,
1418 1256 1667 1296 Nicandrum
1699 1252 1949 1306 Colopho-13

153 1328 288 1372 nium,
321 1322 482 1378 poetica
513 1319 689 1376 quadam
720 1319 929 1366 facultate,
961 1333 1043 1360 non
1074 1321 1244 1365 rustica,
1276 1317 1489 1372 scripsisse
1518 1315 1752 1372 praeclare:
1804 1313 1903 1369 quid

154 1392 238 1435 est,
284 1400 356 1426 cur
385 1398 468 1425 non
500 1389 640 1425 orator
670 1384 720 1423 de
751 1384 874 1424 rebus
905 1383 954 1423 iis
985 1381 1319 1438 eloquentissime
1351 1380 1479 1428 dicat,
1531 1392 1633 1434 quas
1665 1377 1715 1419 ad
1746 1382 1902 1417 certam

152 1461 316 1491 causam
347 1453 591 1501 tempusque
622 1446 836 1497 cognorit?
889 1446 956 1486 70.
991 1448 1061 1486 Est
1091 1445 1199 1486 enim
1230 1442 1426 1484 finitimus
1457 1441 1612 1483 oratori
1641 1445 1783 1496 poeta,
1830 1454 1904 1480 nu-

153 1512 277 1553 meris
307 1509 544 1551 adstrictior
574 1507 732 1563 pau110‚
775 1506 1000 1549 verborum
1033 1513 1169 1549 autem
1200 1506 1362 1548 licentia
1392 1505 1585 1551 liberior,
1631 1502 1769 1545 multis
1800 1514 1902 1543 vero

152 1575 326 1617 ornandi
359 1569 579 1627 generibus
609 1569 744 1612 socius
775 1583 821 1611 ac
851 1584 980 1625 paene
1011 1584 1107 1624 par;
1138 1569 1179 1610 in
1201 1572 1279 1610 hoc
1301 1567 1468 1623 quidem
1490 1572 1600 1608 certe
1621 1579 1753 1621 prope
1775 1563 1952 1612 ide-msto

152 1636 273 1684 nullis
312 1641 357 1676 ut
394 1633 580 1674 terminis
624 1631 936 1674 circumscribat
979 1640 1048 1675 aut
1088 1632 1253 1674 deliniat
1291 1631 1353 1673 ius
1393 1644 1533 1678 suum,
1579 1642 1662 1685 quo
1700 1628 1831 1669 minus
1863 1628 1900 1667 ei

151 1697 272 1740 liceat
311 1696 454 1738 eadem
494 1694 562 1736 illa
605 1695 795 1735 facultate
835 1700 875 1735 et
910 1697 1027 1750 copia
1070 1697 1231 1749 vagari,
1281 1708 1362 1749 qua
1393 1695 1505 1735 velit.
1569 1695 1635 1734 71.
1667 1694 1769 1733 Nam
1801 1689 1902 1731 illud

153 1774 302 1816 quare,
338 1758 553 1805 Scaevola,
606 1756 762 1811 negasti
795 1763 832 1798 te
871 1756 998 1799 fuisse
1034 1757 1234 1805 laturum,
1285 1756 1363 1798 nisi
1403 1756 1442 1798 in
1485 1769 1579 1797 meo
1609 1768 1739 1809 regno
1770 1766 1902 1800 esseS,

152 1821 263 1878 quod
293 1821 334 1862 in
365 1822 478 1862 omni
509 1833 661 1874 genere
690 1822 915 1867 sermonis,
952 1819 992 1860 in
1024 1820 1135 1861 omni
1167 1826 1282 1873 parte
1314 1818 1573 1860 humanitatis
1604 1817 1780 1859 dixerim
1810 1829 1904 1857 ora-

151 1891 283 1927 torem
314 1882 543 1938 persectum
575 1895 664 1923 esse
696 1880 878 1923 debere?
910 1884 1126 1938 Nunquam
1149 1881 1381 1923 mehercule
1402 1884 1480 1922 hoc
1502 1880 1704 1928 dicerem,
1737 1879 1768 1919 si
1792 1892 1950 1925 eum‚25

151 1961 272 2004 quem
302 1945 435 2000 fingo,
467 1958 531 1985 me
562 1943 697 1998 ipsum
730 1958 820 1985 esse
852 1943 1090 1985 arbitrarer.
1153 1947 1220 1985 72.
1255 1946 1355 1992 Sed,
1386 1949 1432 1984 ut
1460 1941 1619 1984 solebat
1649 1943 1693 1982 C.
1718 1940 1899 1982 Lucilius

150 2023 276 2063 saepe
306 2008 464 2054 dicere,
497 2008 622 2047 homo
654 2005 728 2047 tibi
760 2005 986 2054 subiratus,
1019 2006 1118 2048 mihi
1150 2013 1320 2062 propter
1351 2020 1441 2047 eam
1471 2005 1601 2061 ipsam
1633 2017 1796 2045 causam
1829 2003 1904 2042 mi-

150 2086 248 2121 nus,
282 2084 404 2127 quam
435 2067 623 2116 volebat,
655 2068 890 2117 familiaris,
924 2071 997 2110 sed
1027 2075 1163 2110 tamen
1195 2075 1235 2110 et
1265 2068 1408 2110 doctus
1439 2076 1479 2110 et
1510 2066 1791 2123 perurbanus:
1844 2066 1903 2105 sic

150 2133 281 2176 sentio
313 2132 518 2174 neminem
550 2145 639 2172 csse
668 2131 708 2172 in
739 2137 951 2173 oratorum
983 2146 1156 2173 numero
1188 2130 1446 2180 habendum,
1478 2133 1547 2187 qui
1579 2143 1661 2171 non
1691 2129 1742 2171 sit
1775 2126 1904 2168 omni-

148 2195 225 2238 bus
254 2197 304 2236 iis
334 2194 513 2241 artibus,
554 2208 658 2250 quae
687 2200 781 2236 sunt
811 2194 941 2236 libero
973 2195 1149 2249 dignae,
1191 2195 1440 2250 perpolitus;
1487 2193 1636 2248 quibus
1666 2191 1767 2245 ipsis
1798 2190 1830 2231 si
1861 2191 1951 2230 inso

151 2257 325 2300 dicendo
355 2272 438 2299 non
468 2257 642 2303 utimur,
694 2263 827 2298 tamen
867 2264 1037 2313 apparet
1072 2265 1193 2313 atque
1224 2264 1380 2306 exstat,
1431 2262 1567 2298 utrum
1599 2257 1724 2296 simus
1757 2266 1898 2293 earum

149 2320 297 2369 rudes,
346 2333 397 2360 an
429 2320 708 2361 didicerimus.
769 2323 835 2361 73.
870 2322 937 2367 Ut,
985 2321 1055 2375 qui
1086 2321 1167 2376 pila
1199 2320 1364 2367 ludunt,
1410 2333 1493 2360 non
1533 2323 1704 2359 utuntur
1745 2315 1787 2356 in
1818 2315 1903 2370 ipsa

149 2383 310 2425 lusione
341 2382 513 2424 artificio
543 2382 716 2437 proprio
747 2382 1003 2436 palaestrae,
1039 2387 1108 2425 sed
1142 2384 1294 2425 indicat
1323 2384 1409 2438 ipse
1441 2387 1598 2426 motus,
1631 2378 1902 2420 didicerintne

148 2445 414 2502 palaestram,
461 2459 512 2486 an
543 2445 750 2495 nesciant3
803 2451 844 2486 et
873 2446 943 2501 qui
974 2445 1128 2502 aliquid
1159 2445 1337 2500 fingunt,
1389 2444 1464 2486 etsi
1496 2451 1578 2486 tum
1610 2442 1768 2497 pictura
1802 2439 1901 2480 nihil

149 2515 339 2556 utuntur,
381 2514 536 2554 tamen,
576 2512 712 2548 utrum
744 2507 873 2549 sciant
904 2511 1096 2562 pingere,
1129 2522 1179 2549 an
1210 2507 1410 2554 nesciant,
1443 2520 1527 2548 non
1560 2504 1781 2546 obscurum
1813 2507 1949 2542 estus

149 2571 279 2613 sicin
309 2569 564 2612 orationibus
594 2571 706 2611 hisce
742 2570 842 2624 ipsis
882 2570 1152 2618 iudiciorum,
1204 2569 1463 2617 contionum,
1510 2573 1694 2615 senatus,
1742 2563 1900 2606 etiamsi

242 2707 276 2738 1.
303 2703 418 2746 modo]
438 2705 539 2736 domo
559 2705 595 2735 B.
618 2721 658 2727 -—-
685 2703 718 2735 3.
741 2704 879 2737 nabent
903 2706 1167 2736 communicarit
1189 2705 1258 2736 Bit.
1293 2702 1402 2744 (n0n:
1429 2700 1691 2734 communicabit
1716 2698 1823 2730 Aldus
1848 2713 1860 2719 -
1887 2712 1901 2719 -

152 2750 349 2792 Gruterus.)
363 2768 402 2775 -
428 2752 462 2784 lo.
480 2760 649 2791 quamque
664 2751 704 2781 R.
729 2768 765 2774 -
787 2760 923 2793 quoquo
944 2751 1053 2783 Codd.
1074 2753 1116 2783 al.
1139 2753 1192 2784 R:
1221 2760 1354 2792 qumque
1370 2751 1437 2781 BE.
1458 2765 1493 2771 —
1513 2750 1546 2780 5.
1563 2758 1600 2779 ea
1619 2756 1655 2778 re
1672 2746 1780 2776 mutio
1800 2745 1839 2775 R.
1857 2759 1898 2765 —-

149 2798 252 2839 unde]
272 2807 294 2829 a
309 2807 374 2838 quo
393 2804 472 2830 ante
491 2799 531 2830 R.
554 2815 594 2820 —
621 2798 654 2829 6.
675 2798 793 2829 audiat
814 2799 838 2829 B
857 2800 1012 2837 aliique:
1041 2800 1190 2830 audierit
1214 2799 1286 2830 RE.
1308 2814 1348 2820 —
1376 2797 1561 2829 distributa
1581 2795 1625 2825 R.
1653 2810 1692 2815 —
1719 2792 1751 2822 8.
1782 2787 1897 2831 atque]

149 2846 251 2887 idque
277 2845 388 2877 llavn.
415 2847 448 2876 1.
468 2845 502 2877 2.
531 2844 597 2877 Gu.
619 2846 652 2876 1.
672 2845 705 2875 2.
734 2844 839 2877 Aldus
867 2854 977 2885 usque
1003 2845 1044 2876 ad
1072 2840 1272 2877 Gruterum.
1307 2860 1344 2867 —
1373 2845 1427 2876 12.
1457 2851 1542 2882 opus
1568 2837 1645 2879 erit]
1673 2839 1788 2876 volet,
1815 2839 1898 2868 mira

152 2892 418 2931 interpolatione
437 2892 543 2923 Aldus
563 2892 664 2923 1521.
693 2891 810 2929 (ΝυΙΙυ
837 2893 869 2922 in
897 2892 1025 2924 Codice
1053 2894 1207 2931 repperit
1227 2891 1383 2928 Ellendt,
1411 2899 1524 2929 neque
1542 2889 1589 2918 sic
1608 2886 1684 2922 BR,
1713 2885 1900 2916 Ascensius

151 2938 270 2978 1511.)
287 2956 329 2960 —
349 2938 396 2969 ad
414 2946 488 2968 eum
506 2943 604 2970 erunt
623 2938 731 2969 Codd.
755 2939 926 2978 plerique,
947 2939 1002 2970 R:
1032 2944 1132 2970 erunt
1151 2939 1197 2970 ad
1214 2948 1287 2970 eum
1308 2938 1347 2969 E.
1370 2955 1406 2960 —
1438 2940 1467 2967 et
1493 2936 1524 2965 ei
1548 2933 1680 2964 tradita
1700 2932 1759 2972 Lg.
1781 2939 1900 2963 omnes

151 2991 288 3025 praeter
303 2985 388 3016 duos
404 2993 412 3014 ε
431 2989 461 3016 et
479 2986 612 3016 tradita
628 2985 727 3016 BRE.
746 3003 786 3008 —
803 2986 857 3016 13.
879 2986 1029 3017 homines
1045 2985 1081 3016 Β.
1102 3001 1139 3007 -
1161 2985 1215 3016 14.
1234 2985 1274 3017 V.
1291 2985 1436 3016 Aratum
1451 2990 1518 3013 non
1539 2985 1614 3019 post.
1629 2989 1658 3011 v.
1675 2979 1898 3019 astroloqiae,

151 3036 189 3065 ut
207 3032 248 3071 E,
276 3032 334 3064 sed
358 3035 433 3070 post
449 3039 481 3063 v.
502 3032 656 3063 versibus
673 3037 806 3070 ponunt
830 3032 916 3064 Viet.
937 3031 1003 3065 Gu.
1025 3033 1055 3062 1.
1072 3032 1126 3068 2.,
1156 3033 1311 3071 itemque
1327 3031 1367 3062 R.
1383 3054 1391 3065 ,
1418 3030 1624 3062 Ascensius,
1652 3026 1780 3062 Aldus,
1802 3025 1898 3056 Lam-

150 3079 268 3117 binus,
296 3078 478 3110 Gruterus.
508 3078 532 3109 Ε
551 3077 864 3118 Lagoinarsinianis
890 3083 923 3112 et
949 3088 987 3110 ex
1014 3078 1040 3109 B
1068 3079 1150 3110 nihii
1178 3087 1241 3111 nec
1267 3087 1327 3119 pro
1349 3077 1550 3108 Ernestiana
1577 3073 1803 3105 collocatione
1838 3080 1897 3103 ne-

151 3134 219 3166 que
247 3131 362 3157 conti-a
391 3124 535 3155 eandem
561 3125 717 3156 affertur.
768 3126 937 3157 Nimirum
965 3133 1056 3156 mera
1083 3130 1133 3156 est
1164 3125 1308 3157 Ernestii
1338 3125 1556 3157 coniectura:
1601 3120 1694 3152 unde
1726 3128 1826 3151 suum
1854 3120 1888 3150 in

152 3173 265 3204 locum
283 3196 292 3210 ,
320 3174 378 3212 qui
409 3170 492 3201 nihil
518 3173 658 3202 omnino
686 3172 789 3204 habet.
814 3173 1040 3208 offensionis,
1087 3174 1298 3209 transposui.
1327 3171 1388 3202 On.
1424 3186 1458 3192 -
1505 3168 1560 3199 19.
1589 3167 1728 3198 uberior
1755 3166 1897 3197 liberior

151 3219 228 3259 (sic)
255 3218 294 3250 Β.
326 3235 364 3240 -
392 3217 448 3248 22.
475 3216 564 3248 Ναπι
590 3217 699 3249 Codd.
726 3219 796 3250 aL:
824 3219 976 3258 Namque
1000 3218 1088 3249 BRE
1105 3242 1112 3254 ,
1138 3217 1229 3249 Nam
1252 3218 1365 3258 quod,
1392 3215 1556 3246 Scaevola
1579 3229 1593 3235 -
1618 3228 1631 3235 -
1655 3223 1692 3245 -.·
1718 3221 1897 3253 nunquam

150 3264 334 3298 mehercule
351 3264 509 3296 Tosanus
529 3268 560 3294 et
580 3264 785 3305 Madvigius.
807 3281 846 3286 —
875 3265 932 3297 27.
952 3263 1063 3305 saepe]
1084 3264 1123 3295 de
1137 3266 1248 3303 poetis
1274 3262 1422 3295 malebat
1447 3262 1636 3293 Ernestius.
1659 3277 1695 3283 —
1725 3259 1780 3291 28.
1808 3258 1897 3290 vole-

152 3312 231 3343 bam
257 3311 415 3344 Eruestio
442 3315 583 3342 auctore
611 3310 791 3342 Schutzius
818 3312 915 3350 prob.
947 3312 1064 3343 Bakio.
1088 3326 1126 3332 —
1153 3310 1209 3342 29.
1235 3311 1403 3341 hominem
1427 3309 1594 3340 neminem
1621 3307 1658 3338 C.
1682 3306 1894 3345 Stephanus,

151 3358 353 3391 Lambinus,
379 3374 423 3380 —
448 3357 506 3391 30.
535 3357 642 3390 libero
666 3358 799 3390 homine
824 3358 934 3390 Codd.
962 3359 1005 3391 al.
1023 3382 1033 3395 ‚
1062 3357 1181 3389 Aldus.
1210 3374 1247 3380 —
1275 3356 1331 3390 33.
1360 3357 1430 3398 ipse
1454 3359 1568 3389 motus
1592 3355 1725 3387 indicat
1749 3355 1791 3385 R.
