2117 3762
721 266 818 305 LlB.
851 264 880 304 Ι.
942 265 984 305 C.
1018 267 1084 306 32.
1119 268 1186 306 33.
1220 267 1288 307 3'4.
1802 269 1874 308 111

131 367 403 422 tripartitum:
457 370 590 422 prima
630 381 725 421 pars
763 381 814 409 cx
845 368 1112 411 similitudine
1144 377 1303 412 constat
1332 385 1413 411 una
1445 371 1710 425 pluribusve;
1755 371 1878 412 altera

131 444 183 471 ex
215 446 288 476 eo.
321 431 433 486 quod
464 432 635 472 concedi
665 432 874 477 volumus,
907 435 1021 474 cuius
1053 449 1174 474 causa
1205 433 1493 474 similitudines
1524 434 1730 472 adhibitae
1761 441 1877 482 suut;

130 494 247 533 tertia
279 508 331 534 ex
363 495 650 541 conclusione,
685 508 789 546 quae
821 502 889 536 aut
920 495 1132 536 contirmat
1162 497 1472 536 concessionem
1503 502 1594 541 aut,
1629 494 1728 549 quid
1759 509 1809 535 ex
1832 509 1879 535 ea

130 554 392 603 conliciatur,
440 557 631 597 ostendit.
694 557 886 597 xxxin.
929 561 994 598 55.
1039 560 1119 598 Sed
1152 557 1248 612 quia
1279 573 1360 598 non
1392 558 1489 598 satis
1521 557 1641 597 alicui
1673 557 1881 598 videbitur

129 617 309 657 dilucide
349 616 696 664 demonstratum,
750 618 826 658 nisi
869 621 966 674 quid
1011 634 1062 660 ex
1105 620 1215 659 civili
1257 633 1471 660 causarum
1512 633 1663 673 genere
1702 619 1911 674 exempli5

130 679 448 726 subiecerimus,
480 680 642 719 videtur
672 680 875 720 eiusmodi
898 695 1064 736 quoque
1085 680 1281 722 utendum
1304 684 1494 737 exemplo
1511 714 1520 730 ,
1554 696 1636 723 non
1659 695 1884 737 quoprae-

130 744 265 797 ceptio
297 741 459 783 differat
487 748 555 782 aut
585 742 703 782 aliter
734 744 811 782 hoc
842 745 882 782 in
918 758 1110 784 sermone
1141 749 1264 797 atque
1296 745 1335 783 in
1368 744 1542 785 dicendo
1577 745 1629 785 sit
1659 746 1880 791 utendum;

129 807 203 845 sed
233 811 277 845 ut
307 818 451 845 eorum
483 804 684 844 voluntati
717 805 907 853 satisfiat,
941 807 1036 862 qui,
1072 807 1182 859 quod
1206 807 1344 859 aliquo
1377 808 1415 847 in
1449 807 1540 848 loco
1572 808 1770 855 viderint,
1802 806 1882 847 alio

129 866 171 907 in
202 866 296 907 loco
326 866 406 907 nisi
437 873 707 908 monstratum
741 875 953 921 nequeunt
983 881 1251 920 cognoscere.
1312 870 1420 921 Ergo
1449 871 1488 909 in
1513 872 1587 910 liac
1606 883 1745 915 causa,
1778 882 1883 923 quae

129 930 237 983 apud
270 929 451 969 Graecos
483 935 544 969 est
574 938 820 982 pervagata,
870 933 980 984 quod
1011 929 1342 981 Epaminondas,
1387 934 1675 972 Thebanorum
1708 934 1886 986 impera·
1899 943 1932 968 ιο

129 996 216 1038 tor,
245 991 308 1039 ei,
340 992 411 1046 qui
441 991 519 1031 sibi
552 1006 603 1032 ex
635 992 723 1045 lege
755 999 925 1045 praetor
955 998 1231 1039 successerat,
1265 995 1492 1034 exercitum
1523 1008 1606 1034 non
1638 993 1806 1034 tradidit
1826 1000 1880 1041 et,

128 1065 221 1094 cum
250 1067 405 1105 paucos
435 1054 522 1108 ipse
553 1054 639 1095 dies
669 1061 812 1095 contra
844 1057 979 1109 legem
1009 1054 1236 1094 exercitum
1269 1057 1490 1102 tenuisset,
1534 1055 1883 1097 Lacedaemonios

127 1113 312 1155 funditus
351 1117 471 1164 vicit,
521 1118 674 1169 poterit
712 1124 926 1158 accusator
971 1117 1325 1169 argumentatione
1365 1117 1423 1158 uti
1464 1131 1540 1172 per
1577 1118 1880 1166 inductionem,

128 1189 221 1217 cum
253 1178 450 1230 scriptum
483 1178 584 1232 legis
616 1186 758 1220 contra
790 1180 1034 1220 seutentiam
1066 1176 1282 1226 defendat,
1331 1182 1381 1220 ad
1421 1181 1531 1220 hunc
1569 1179 1760 1220 modum:
1813 1182 1880 1221 56.

130 1238 194 1287 Si,
226 1238 405 1288 iudices,
436 1242 501 1289 id,
536 1241 646 1296 quod
676 1240 983 1294 Epaminondas
1014 1242 1072 1282 ait
1103 1240 1206 1292 legis
1234 1241 1480 1294 scriptorem
1505 1243 1700 1289 sensisse,
1732 1240 1932 1285 adseri-15

127 1299 197 1341 bat
233 1303 284 1342 ad
322 1303 456 1357 legem
502 1310 541 1344 et
581 1303 705 1344 addat
733 1305 840 1345 hanc
870 1306 1184 1357 exceptionem:
1236 1317 1382 1346 EXTRA
1426 1317 1545 1351 QVAM
1585 1316 1624 1345 Sl
1669 1316 1770 1352 Qv1s
1810 1317 1885 1345 nm

128 1375 338 1406 PanchE
371 1377 510 1406 CAVSA
539 1378 796 1407 exnncrrvn
827 1378 917 1407 Nox
947 1379 1238 1414 ramim-:mn
1280 1366 1520 1421 patiemini?
1587 1368 1677 1407 Non
1717 1366 1881 1421 opinor.

129 1427 288 1475 Quodsi
319 1434 480 1468 vosmet
509 1429 609 1480 ipsi,
660 1432 771 1484 quod
803 1443 826 1469 a
857 1436 995 1470 vestra
1027 1432 1228 1485 religione
1263 1435 1305 1470 et
1334 1428 1534 1483 sapientia
1563 1428 1885 1469 remotissimum

129 1495 211 1538 est,
263 1491 380 1530 istius
422 1490 593 1531 honoris
633 1505 755 1532 causa
800 1491 903 1532 hanc
945 1494 1119 1534 eandem
1152 1491 1440 1547 exceptionem
1472 1490 1629 1531 iniussu
1661 1491 1805 1543 populi
1835 1492 1885 1530 ad

127 1553 262 1606 legem
293 1551 471 1592 adscribi
502 1554 698 1600 iubeatis‚
731 1553 907 1608 populus
938 1553 1159 1595 Thebanus
1191 1556 1233 1594 id
1263 1554 1497 1608 patieturne
1529 1551 1648 1593 lieri?
1695 1552 1884 1593 Profecto
1900 1572 1935 1596 20

128 1629 213 1655 non
243 1616 437 1667 patietur.
499 1616 622 1665 Quod
654 1630 753 1670 ergo
784 1616 961 1657 adscribi
994 1617 1044 1655 ad
1075 1616 1208 1670 legem
1240 1615 1353 1656 nefas
1385 1620 1466 1661 est,
1510 1614 1552 1654 id
1583 1615 1722 1668 sequi,
1770 1615 1886 1669 quasi

129 1676 380 1732 adscriptum
411 1677 482 1726 sit,
515 1684 673 1719 rectum
706 1679 824 1719 vobis
854 1677 1069 1718 videatur?
1101 1679 1206 1719 Novi
1227 1684 1406 1719 vestram
1431 1676 1769 1731 intelligentiam3
1802 1690 1885 1719 non

129 1746 266 1793 potest
295 1741 351 1780 ita
380 1740 532 1785 videri,
565 1739 735 1781 iudices.
798 1739 957 1789 Quodsi
989 1740 1136 1781 litteris
1166 1740 1319 1794 corrigi
1349 1753 1484 1793 neque
1515 1741 1566 1779 ab
1599 1738 1667 1779 illo
1698 1752 1835 1794 neque
1862 1753 1885 1779 a

130 1803 248 1843 vobis
278 1802 492 1857 scriptoris
523 1802 712 1843 voluntas
744 1808 904 1855 potest,
938 1801 1099 1850 videte,
1136 1817 1189 1843 ne
1220 1803 1348 1843 multo
1381 1801 1588 1855 indignius
1619 1801 1670 1841 sit
1700 1801 1740 1842 id
1769 1815 1815 1842 re
1846 1807 1888 1842 et

128 1863 282 1905 iudicio
313 1870 452 1905 vestro
485 1864 659 1912 mutari,
696 1866 808 1918 quod
839 1879 890 1904 ne
922 1863 1050 1905 verbo
1081 1867 1250 1919 quidem
1279 1864 1523 1905 commutari
1547 1869 1697 1916 potest.
1756 1866 1815 1905 Ac
1835 1863 1886 1905 de
1901 1882 1934 1906 25

128 1925 369 1968 inductione
410 1924 576 1980 quidem
619 1927 716 1966 satis
753 1927 794 1966 in
835 1928 1065 1980 praesentia
1103 1928 1256 1968 dictum
1286 1926 1464 1968 videtur.
1527 1929 1593 1967 57.
1628 1928 1743 1967 Nunc
1773 1926 1887 1968 dein-

130 2001 228 2042 ceps
256 1988 586 2030 ratiocinationis
616 1988 700 2028 vim
731 1994 771 2029 et
802 1994 990 2029 naturam
1022 1990 1349 2031 consideremus.

243 2053 436 2092 XXXIV.
497 2052 770 2092 Ratiocinatio
811 2056 873 2091 est
914 2052 1048 2092 oratio
1091 2065 1140 2094 ex
1177 2051 1267 2105 ipsa
1304 2064 1348 2092 re
1379 2049 1597 2104 probabile
1628 2051 1783 2107 aliquid
1814 2052 1888 2092 eli-

132 2114 263 2162 ciens,
310 2115 421 2168 quod
463 2112 699 2167 expositum
738 2119 778 2154 et
806 2127 882 2169 per
912 2128 955 2155 se
987 2116 1199 2168 cognitum
1230 2128 1304 2155 sua
1333 2127 1376 2154 se
1407 2115 1446 2155 vi
1478 2119 1518 2154 et
1547 2115 1708 2155 ratione
1739 2112 1888 2154 confir-

116 2182 229 2219 ·met.
285 2177 376 2218 Hoc
414 2174 465 2216 de
510 2188 662 2229 genere
702 2174 773 2230 qui
813 2175 1051 2232 diligentius
1098 2176 1442 2219 considerandum
1482 2182 1745 2231 putaverunt,
1795 2189 1934 2218 cumso

130 2238 242 2280 idem
270 2252 349 2280 usu
380 2237 542 2279 dicendi
573 2243 866 2293 sequerentur,
898 2239 1128 2292 paullulum
1157 2238 1200 2280 in
1230 2237 1513 2292 praecipiendi
1544 2240 1702 2279 ratione
1732 2237 1889 2279 dissen-

132 2305 288 2342 serunt.
348 2302 450 2342 Nam
481 2302 630 2356 partim
661 2302 843 2357 quinque
874 2304 963 2344 eius
992 2308 1130 2358 partes
1162 2315 1252 2342 esse
1275 2300 1489 2348 dixerunt,
1520 2300 1668 2354 partim
1690 2314 1773 2342 non
1794 2301 1885 2355 plus

132 2377 255 2418 quam
300 2363 342 2404 in
382 2369 465 2404 tres
502 2369 638 2418 partes
678 2378 801 2417 posse
831 2363 1021 2408 distribui
1051 2369 1311 2421 putaverunt.
1370 2366 1527 2404 Eorum
1558 2362 1885 2404 controversiam

131 2439 218 2467 non
254 2428 563 2468 incommodum
600 2427 763 2468 videtur
802 2430 894 2469 cu'm
930 2434 1206 2482 utrorumque
1237 2427 1400 2468 ratione
1431 2439 1655 2481 exponere.
1713 2428 1816 2466 Nam
1847 2430 1887 2466 et

131 2489 273 2530 brevis
302 2494 364 2530 est
394 2495 436 2531 et
465 2503 550 2530 non
580 2488 810 2539 eiusmodi,
857 2495 903 2530 ut
931 2491 1050 2530 alteri
1079 2503 1249 2545 prorsus
1279 2488 1383 2530 nihil
1414 2488 1554 2530 dicere
1583 2494 1798 2545 putentur,
1846 2493 1933 2529 etas

131 2550 248 2592 locus
278 2550 345 2593 hic
374 2553 494 2593 nobis
524 2551 566 2593 in
597 2551 772 2593 dicendo
803 2552 975 2594 minime
1006 2551 1279 2606 negligendus
1308 2553 1484 2593 videtur.

244 2616 309 2655 58.
351 2615 431 2664 Qui
461 2620 606 2670 putant
635 2616 677 2655 in
708 2615 892 2671 quinque
922 2615 1113 2656 distribui
1143 2621 1282 2671 partes
1314 2620 1532 2668 oportere,
1564 2615 1679 2675 aiunt
1706 2611 1885 2669 primum

135 2675 358 2718 convenire
390 2690 602 2731 exponere
632 2691 832 2719 summam
863 2678 1255 2732 argumentationis,
1288 2675 1340 2718 ad
1371 2678 1481 2717 hunc
1512 2676 1704 2718 modum:
1737 2676 1884 2716 Melius

135 2745 403 2788 accurantur,
452 2753 556 2794 quae
596 2739 770 2781 consilio
810 2746 1029 2795 geruntur,
1076 2754 1197 2795 quam
1242 2753 1348 2795 quae
1390 2739 1476 2780 sine
1506 2739 1676 2780 consilio
1714 2737 1887 2779 admini-

136 2799 331 2843 strantur.
389 2804 506 2844 Hanc
532 2802 707 2858 primam
737 2809 897 2858 partem
927 2808 1170 2852 numerant3
1209 2816 1299 2843 eam
1331 2803 1528 2854 deinceps
1558 2799 1786 2841 rationibus
1816 2813 1936 2840 νει-[ιο

135 2863 210 2904 riis
238 2869 278 2904 et
308 2878 431 2920 quam
461 2864 756 2919 copiosissimis
786 2867 925 2906 verbis
955 2864 1177 2920 approbari
1206 2869 1350 2919 putant
1381 2869 1593 2918 oportere,
1625 2861 1703 2903 hoc
1733 2859 1881 2902 modo:

136 2928 293 2968 Domus
324 2939 393 2974 ea,
423 2941 528 2983 quae
559 2929 719 2969 ratione
749 2927 924 2981 regitur,
962 2928 1154 2969 omnibus
1185 2933 1247 2968 est
1277 2928 1515 2968 instructior
1544 2923 1666 2965 rebus
1699 2929 1739 2965 et
1761 2936 1887 2978 appa-

138 2988 266 3030 ratior
296 3003 417 3043 quam
447 3004 514 3039 ea,
548 3005 652 3047 quae
688 2996 844 3033 temere
866 2996 908 3032 et
937 2992 1052 3031 nullo
1083 2990 1256 3032 consilio
1287 2989 1607 3030 administratur.
1668 2986 1886 3027 Exercitus

231 3115 265 3148 5-
293 3116 376 3156 quid
401 3132 415 3138 -
438 3132 451 3138 —
476 3117 621 3156 exempli
646 3117 733 3149 ΡΑΤ
760 3126 838 3150 cum
864 3119 988 3150 ceteris
1014 3121 1147 3148 tantum
1174 3125 1241 3149 non
1276 3114 1461 3147 omnibus:
1504 3112 1596 3153 quod
1619 3127 1634 3134 -
1656 3128 1671 3135 -
1696 3111 1888 3151 exemplum

139 3160 213 3194 RE.
243 3179 281 3185 —
311 3163 343 3195 6.
372 3163 541 3194 eiusmodi
564 3164 672 3195 PAT:
703 3166 773 3196 eius
798 3166 852 3202 R,
879 3164 1078 3195 huiusmodi
1104 3164 1144 3195 E.
1165 3179 1205 3185 --
1232 3163 1264 3193 9.
1292 3163 1523 3192 monstratum
1542 3159 1627 3191 AT:
1655 3163 1888 3191 monstratum

140 3213 187 3241 est
211 3209 259 3246 P.
284 3210 562 3241 demonstratum
586 3214 633 3242 est
660 3211 698 3242 E.
724 3209 950 3250 (monstretur
976 3210 1038 3249 R.)
1065 3227 1107 3232 —
1135 3211 1189 3241 10.
1218 3207 1326 3250 quod]
1355 3217 1429 3238 cum
1454 3205 1555 3237 ΡΑΤ.
1575 3222 1619 3229 -
1647 3207 1702 3238 11.
1731 3204 1772 3245 ei]
1798 3204 1888 3244 quod

142 3257 171 3287 ei
211 3256 392 3288 PAT.·-
443 3256 499 3288 16.
538 3257 625 3289 hanc
660 3261 887 3296 exceptionem
923 3257 1068 3288 PAn'r:
1117 3257 1346 3295 exceptionem
1383 3255 1472 3284 hanc
1498 3253 1537 3284 E.
1577 3269 1615 3276 —
1659 3252 1716 3285 22.
1751 3252 1888 3282 videtur

139 3302 254 3381 AR'II'Z»
282 3304 322 3336 L·
358 3319 390 3328 -—
416 3302 473 3335 37·
501 3303 607 3334 tribui
631 3302 682 3344 P,
711 3309 748 3337 ut
772 3314 812 3338 ex
837 3304 912 3337 alits
939 3304 1020 3336 Sch.
1049 3318 1086 3327 -—
1121 3302 1178 3335 42.
1207 3306 1256 3335 est
1280 3301 1483 3334 instructior
1506 3299 1652 3333 PART:
1681 3298 1888 3331 instructior

141 3353 189 3381 est
228 3357 256 3380 ⁴.
