2117 3762
749 283 844 325 LlB.
876 281 907 323 ῐ.
967 283 1008 324 C.
1040 284 1106 323 27.
1139 281 1208 323 28.
1243 283 1308 323 29.
1828 283 1905 325 195

155 387 323 430 stultitia
363 394 498 430 autem
531 388 839 429 excusationem
880 400 961 428 non
1004 390 1147 437 haben
1201 390 1296 444 quia
1328 400 1450 428 nemo
1481 385 1667 434 videtur,
1715 392 1784 428 aut
1813 391 1906 443 quia

155 450 305 492 crudus
337 450 461 492 suerit
491 457 559 492 aut
589 451 700 505 quod
732 449 787 489 ita
818 450 1028 498 maluerit,
1081 453 1229 492 stultus
1261 450 1401 491 fuisse.
1464 451 1557 499 Quo
1590 452 1712 490 etiam
1743 453 1907 505 gravius

153 512 349 554 iudicium
394 514 434 555 iu
479 513 653 554 dicendo
696 513 894 552 subimus.
955 514 1127 562 Quoties
1164 513 1272 554 enim
1312 512 1507 559 dicimus,
1555 514 1676 553 toties
1707 514 1757 553 de
1789 515 1908 554 nobis

152 575 381 625 iudicatur;
435 584 492 622 et,
539 574 608 630 qui
650 573 774 615 semel
815 574 854 614 in
895 582 1011 627 gestu
1048 576 1252 630 peccavit,
1307 590 1389 616 non
1421 576 1618 616 continuo
1652 576 1909 617 existimatur

153 638 313 679 nescire
346 644 524 691 gestum;
578 637 692 677 cuius
733 643 868 676 autem
911 639 948 677 in
989 637 1164 678 dicendo
1213 637 1310 692 quid
1354 639 1655 691 reprehensum
1702 644 1787 686 est,
1839 643 1938 679 auts

152 707 318 741 aeterna
359 702 398 741 in
439 715 489 741 eo
532 704 601 740 aut
631 704 740 739 certe
773 698 963 740 diuturna
995 699 1103 740 valet
1133 700 1277 753 opinio
1310 699 1524 741 tarditatis.
1586 701 1776 740 XXVIII.
1812 702 1905 741 126.

154 762 257 803 lllud
289 776 414 810 vero,
448 760 559 817 quod
591 774 613 801 a
639 767 683 801 te
716 762 867 801 dictum
901 768 982 808 est,
1015 775 1105 802 esse
1136 763 1362 814 permulta,
1405 777 1508 817 quae
1540 769 1681 803 orator
1711 777 1734 804 a
1764 768 1908 804 natura

152 824 230 866 nisi
262 827 458 872 haberet,
507 836 589 863 non
620 825 792 864 multum
824 838 846 864 a
878 825 1073 877 magistro
1115 826 1404 870 adiuvaretur,
1450 824 1569 865 valde
1601 826 1675 865 tibi
1706 825 1910 866 assentior

151 889 276 942 inque
306 900 356 928 eo
386 887 453 927 vel
485 887 661 926 maxime
692 888 863 941 probavi
897 900 1101 928 summum
1134 886 1247 928 illum
1289 888 1527 935 doctorem,
1576 888 1908 928 Alabandensem

151 948 438 1002 Apollonium,
486 948 582 1002 qui,
635 963 726 989 cum
771 951 965 990 mercede
1005 951 1201 997 doceret,
1251 954 1386 989 tamen
1429 963 1509 990 non
1543 951 1778 1003 patiebatur
1810 963 1958 998 eos,1o

151 1025 255 1066 quos
287 1011 495 1052 iudicabat
527 1026 610 1051 non
642 1025 762 1066 posse
794 1017 982 1052 oratores
1014 1014 1214 1059 evadere,
1248 1026 1419 1064 operam
1452 1013 1559 1066 apud
1592 1025 1681 1052 sese
1709 1013 1908 1064 perdere;

150 1074 464 1129 dimittebatque
497 1079 537 1113 et
568 1073 617 1114 ad
651 1087 772 1128 quam
806 1087 1012 1128 quemque
1043 1079 1173 1115 artem
1205 1076 1375 1128 putabat
1405 1088 1495 1115 esse
1527 1080 1689 1129 aptum,
1733 1076 1783 1114 ad
1817 1088 1909 1116 eam

147 1137 364 1190 impellere
396 1144 518 1192 atque
550 1137 708 1176 hortari
741 1136 913 1177 solebat.
978 1138 1070 1177 127.
1106 1136 1212 1177 Satis
1244 1142 1305 1177 est
1335 1136 1444 1178 enim
1475 1137 1515 1177 in
1548 1136 1695 1178 ceteris
1727 1136 1909 1178 artificiis

148 1201 428 1255 percipiendis
461 1201 747 1240 tantummodo
781 1198 955 1239 similem
987 1212 1077 1239 esse
1107 1199 1286 1240 hominis
1319 1204 1359 1239 et
1389 1197 1452 1246 id,
1487 1197 1597 1253 quod
1629 1198 1812 1240 tradatur
1842 1200 1907 1240 vel

149 1261 271 1303 etiam
302 1262 553 1310 inculcetur,
587 1261 621 1302 si
652 1263 720 1317 qui
752 1261 860 1302 forte
891 1261 944 1302 sit
975 1260 1156 1309 tardior,
1191 1274 1314 1316 posse
1346 1262 1564 1316 percipere
1595 1263 1732 1303 animo
1760 1268 1801 1303 et
1823 1276 1908 1303 me·
1923 1274 1957 1299 15

146 1324 279 1366 moria
312 1324 535 1366 custodire.
597 1326 689 1365 Non
720 1325 934 1379 quaeritur
965 1324 1174 1364 mobilitas
1204 1323 1391 1376 linguae,
1424 1337 1508 1364 non
1539 1325 1729 1364 celeritas
1760 1327 1910 1366 verbo-

147 1402 260 1436 rum,
294 1403 376 1430 non
409 1389 586 1441 denique
620 1400 690 1434 ea,
726 1400 830 1441 quae
853 1387 973 1427 nobis
995 1400 1078 1427 non
1101 1399 1322 1439 possumus
1344 1384 1526 1439 fingere,
1558 1385 1710 1433 facies,
1744 1386 1905 1435 vultus,

146 1463 286 1491 sonus.
352 1452 443 1491 128.
478 1451 523 1490 In
555 1455 718 1490 oratore
750 1456 887 1490 autem
919 1463 1091 1490 acumen
1124 1448 1460 1497 dialecticorum,
1507 1448 1733 1490 sententiae
1774 1448 1909 1502 philo-

146 1514 397 1567 sophorum,
449 1514 575 1553 verba
620 1525 752 1566 prope
797 1517 1035 1566 poetarum,
1083 1510 1285 1551 memoria
1329 1510 1431 1552 iuris
1472 1513 1777 1559 consultorum,
1826 1526 1908 1554 vox

145 1576 462 1628 tragoedorum,
496 1582 632 1628 gestus
654 1587 784 1629 paene
807 1587 1062 1616 summorum
1095 1579 1280 1614 actorum
1313 1579 1375 1614 est
1405 1573 1696 1628 requirendus,
1755 1575 1907 1624 Quam·
1922 1586 1957 1611 2⁰

146 1638 290 1678 obrem
323 1637 423 1678 nihil
454 1639 495 1678 in
528 1637 740 1678 hominum
773 1651 927 1691 genere
959 1637 1089 1677 rarius
1122 1634 1308 1690 perfecto
1345 1641 1512 1677 oratore
1547 1637 1723 1677 inveniri
1751 1643 1903 1690 potest.

146 1701 261 1749 Quae
293 1700 401 1741 enim
434 1699 688 1754 singularum
720 1713 859 1740 rerum
890 1699 1067 1740 artilices
1098 1698 1259 1752 singula
1290 1699 1323 1738 si
1353 1698 1619 1740 mediocriter
1638 1700 1776 1754 adepti
1799 1706 1903 1748 sunt,

144 1764 398 1817 probantur,
450 1776 498 1803 ea
536 1764 616 1803 nisi
648 1762 785 1803 omnia
817 1776 977 1803 summa
1008 1767 1103 1803 sunt
1133 1762 1174 1801 in
1206 1766 1397 1808 oratore,
1439 1763 1607 1815 probari
1638 1774 1719 1802 non
1750 1768 1902 1816 potest.

259 1827 353 1866 129,
388 1828 491 1865 Tum
524 1826 717 1872 Crassus,
764 1826 885 1880 Atqui
917 1826 1035 1872 vide,
1082 1824 1239 1877 inquit,
1286 1823 1327 1863 in
1357 1822 1532 1864 artificio
1562 1837 1762 1878 perquam
1795 1824 1907 1865 tenui

144 1894 185 1930 et
214 1888 294 1930 levi
327 1894 479 1943 quanto
510 1889 603 1940 plus
635 1887 879 1928 adhibeatur
909 1886 1147 1939 diligentiae
1180 1899 1302 1939 quam
1335 1885 1375 1926 in
1400 1886 1478 1926 hac
1500 1900 1568 1934 re,
1603 1900 1724 1941 quam
1747 1891 1905 1928 constat
1919 1903 1954 1928 25

145 1965 235 1993 esse
266 1950 503 1992 maximam.
566 1952 698 2005 Saepe
730 1951 840 1991 enim
872 1949 986 1990 soleo
1019 1950 1162 1989 audire
1194 1947 1412 1994 Roscium,
1458 1961 1550 1989 cum
1587 1947 1643 1988 ita
1681 1948 1813 1996 dicat,
1861 1962 1904 1990 se

144 2013 278 2054 adhuc
309 2012 491 2068 reperire
523 2011 796 2067 discipulum,
839 2026 964 2066 quem
995 2009 1163 2066 quidem
1195 2012 1414 2065 probaret,
1454 2011 1638 2064 potuisse
1671 2012 1902 2060 ncminem;

143 2088 227 2117 non
258 2089 340 2131 quo
371 2089 455 2116 non
487 2080 624 2116 essent
653 2075 822 2129 quidam
852 2071 1117 2127 probabiles,
1152 2071 1224 2113 sed
1255 2074 1376 2127 quia,
1410 2074 1443 2113 si
1475 2072 1631 2127 aliquid
1651 2074 1776 2113 modo
1797 2078 1906 2114 esset

141 2139 256 2186 vitii,
290 2139 333 2178 id
363 2137 472 2178 ferre
502 2136 590 2192 ipse
621 2151 706 2177 non
736 2141 891 2192 posset.
953 2134 1066 2176 Nihil
1096 2140 1159 2176 est
1190 2134 1300 2176 enim
1333 2140 1413 2176 tam
1445 2135 1605 2189 insigne
1638 2148 1715 2176 nec
1745 2141 1827 2177 tam
1851 2137 1903 2176 ad

145 2201 456 2242 diuturnitatem
478 2201 705 2241 memoriae
727 2199 873 2240 stabile
895 2212 1018 2252 quam
1039 2196 1097 2244 id,
1130 2198 1171 2237 in
1203 2211 1285 2253 quo
1317 2199 1472 2253 aliquid
1503 2197 1742 2239 offenderis.
1806 2201 1899 2239 130.
1918 2214 1952 2239 ,το

143 2265 286 2318 Itaque
318 2269 364 2305 ut
394 2265 445 2304 ad
476 2265 582 2304 hanc
613 2261 925 2303 similitudinem
955 2261 1076 2302 huius
1106 2259 1318 2301 histrionis
1349 2262 1575 2302 oratoriam
1606 2262 1771 2302 laudem
1804 2260 1903 2302 diri-

144 2339 310 2379 gamus,
346 2326 569 2372 videtisne,
602 2338 726 2379 quam
754 2323 856 2365 nihil
887 2326 938 2364 ab
972 2337 1023 2365 eo
1053 2323 1132 2363 nisi
1162 2321 1372 2375 perfecte,
1405 2324 1510 2363 nihil
1529 2322 1607 2363 nisi
1630 2337 1721 2364 cum
1743 2336 1901 2364 summa

143 2393 358 2429 venustate
390 2386 477 2436 fiat,
508 2386 613 2428 nihil
643 2386 721 2427 nisi
752 2387 833 2434 ita,
866 2392 911 2427 ut
941 2385 1084 2427 deceat
1114 2389 1154 2425 et
1182 2386 1242 2425 uti
1275 2399 1420 2426 omnes
1451 2391 1618 2426 moveat
1646 2391 1768 2440 atque
1791 2385 1901 2427 dele-

142 2452 251 2491 ctet?
302 2451 445 2504 Itaque
489 2452 567 2491 hoc
610 2450 766 2490 iamdiu
807 2454 869 2489 est
905 2453 1171 2494 consecutus,
1222 2454 1266 2489 ut
1306 2449 1347 2489 in
1386 2462 1467 2504 quo
1507 2447 1683 2504 quisque
1725 2447 1897 2488 artificio

144 2513 392 2561 excelleret,
425 2513 460 2553 is
490 2511 532 2553 in
563 2526 638 2552 suo
670 2524 823 2565 genere
854 2510 1027 2551 Roscius
1058 2509 1279 2551 diceretur.
1341 2512 1456 2551 Hanc
1487 2524 1563 2564 ego
1595 2510 1896 2551 absolutionem
1913 2522 1947 2549 σε

142 2575 527 2630 perfectionemque
558 2576 600 2615 in
631 2579 798 2616 oratore
829 2573 1093 2621 desiderans,
1141 2586 1165 2612 a
1195 2586 1277 2626 qua
1306 2571 1394 2627 ipse
1425 2573 1548 2627 longe
1578 2575 1745 2619 absum,
1790 2572 1897 2613 sacio

142 2639 427 2693 impudenter;
461 2638 559 2678 mihi
591 2638 700 2677 enim
732 2637 829 2677 volo
860 2634 1041 2689 ignosci,
1076 2635 1226 2675 ceteris
1256 2636 1344 2690 ipse
1375 2649 1460 2676 non
1481 2637 1677 2689 ignosco;
1712 2648 1802 2674 nam
1826 2635 1898 2688 qui

143 2714 228 2740 non
257 2705 417 2754 potest,
451 2701 521 2754 qui
553 2698 700 2741 vitiose
730 2697 851 2746 facit,
887 2709 1009 2751 quem
1041 2698 1221 2752 denique
1252 2711 1334 2738 non
1366 2697 1509 2746 decet,
1542 2700 1650 2738 hunc
1682 2695 1739 2749 (ut
1772 2697 1898 2751 Apol-

144 2763 280 2804 lonius
308 2761 494 2812 iubebat)
528 2763 579 2802 ad
610 2761 673 2809 id,
706 2759 817 2816 quod
847 2758 985 2800 facere
1014 2760 1165 2814 possit,
1199 2760 1501 2807 detrudendum
1534 2765 1647 2814 puto.

256 2826 410 2866 XXIX.
446 2827 537 2866 131.
569 2827 673 2865 Num
703 2829 748 2864 tu
778 2823 927 2876 igitur,
959 2820 1095 2875 inquit
1125 2820 1357 2876 Sulpicius,
1391 2837 1455 2862 me
1487 2828 1555 2862 aut
1584 2823 1690 2861 hunc
1721 2821 1894 2868 Cottam,
1909 2833 1944 2859 40

237 2948 269 2979 1.
297 2943 392 2987 quia]
420 2953 527 2985 quare
551 2945 611 2976 BR
629 2968 638 2982 ‚
664 2947 795 2984 quanto
821 2942 906 2974 Cod.
935 2942 1033 2973 Voss.
1064 2957 1103 2964 —-
1129 2942 1268 2973 videtur
1293 2951 1361 2974 om.
1390 2942 1486 2973 Voss.
1517 2958 1553 2966 -
1591 2940 1624 2971 4.
1654 2944 1692 2970 at
1717 2940 1760 2972 R.
1789 2957 1828 2962 —
1857 2941 1891 2973 5.

144 2995 226 3036 quid
252 2993 362 3025 Codd.
390 2992 455 3028 al..
484 2993 536 3024 R:
565 2993 698 3031 aliquid
723 2991 793 3022 BE.
822 3006 860 3012 —
899 2989 934 3020 7.
962 2998 984 3020 α
1009 2992 1140 3019 natura
1165 2990 1233 3020 nisi
1260 2988 1371 3020 Codd.
1400 2989 1462 3020 al.:
1491 2988 1558 3017 nisi
1583 2996 1604 3018 a
1628 2990 1762 3018 natura
1786 2987 1891 3021 BRE.

147 3059 184 3065 —-
213 3041 249 3073 9.
275 3041 409 3081 inquit.-
437 3047 537 3080 eoque
560 3039 604 3070 R.
630 3054 672 3059 -
715 3039 771 3069 12.
799 3037 845 3068 ad
871 3045 978 3076 quam
1003 3044 1169 3075 quamque
1193 3035 1220 3066 B
1237 3058 1246 3072 ,
1273 3036 1319 3066 ad
1344 3041 1582 3075 quamcunque
1608 3033 1730 3064 Aldus.
1758 3051 1800 3056 —
1835 3034 1891 3065 13.

143 3090 233 3120 enim
256 3092 305 3118 est
330 3095 405 3118 cum
426 3084 535 3116 Codd.
555 3085 635 3125 aliq.
657 3084 698 3115 T.
721 3101 758 3108 ——
788 3085 824 3114 in
850 3084 970 3114 ceteris
997 3082 1022 3112 B
1050 3081 1193 3120 aliique,
1221 3082 1269 3112 R:
1298 3083 1414 3113 ceteris
1430 3080 1469 3111 E.
1493 3095 1529 3102 —
1559 3079 1614 3111 14.
1637 3079 1676 3110 V.
1697 3081 1894 3120 percipien-

144 3136 198 3166 dis
223 3134 364 3166 seclusit
392 3132 553 3169 Ellendt,
591 3135 630 3163 ut
656 3132 724 3162 volt.
750 3133 852 3163 etiarn
880 3129 1019 3160 Bakius.
1054 3128 1282 3168 (perficiendis
1310 3128 1408 3158 Voss.
1435 3131 1469 3158 et
1495 3125 1595 3166 Lagg.
1621 3126 1721 3167 aliq.)
1752 3143 1788 3149 -—
1834 3128 1891 3158 15.

145 3182 204 3222 qui
230 3181 338 3213 Codd.
366 3180 436 3211 al.:
473 3179 547 3219 quis
573 3177 677 3208 BRE.
715 3194 752 3200 —
796 3176 852 3208 18.
879 3176 1046 3207 sententia
1072 3175 1143 3206 BR.
1181 3190 1226 3195 —-
1266 3175 1323 3205 23.
1348 3174 1416 3204 m'si
1441 3173 1561 3203 omnia
1583 3178 1665 3204 sunt
1690 3173 1727 3203 in
1753 3178 1893 3205 oratore

144 3236 276 3260 summa
301 3228 340 3258 B.
380 3224 461 3265 (sint
489 3233 548 3264 pro
574 3227 651 3255 sunt
679 3221 735 3260 R.)
762 3239 798 3245 —
839 3226 947 3261 potest
973 3222 1080 3252 Bakio
1105 3224 1245 3252 auctore
1271 3220 1323 3250 ¹1¹:
1358 3223 1503 3259 possunt
1535 3227 1613 3250 cum
1651 3219 1747 3251 libris
1774 3219 1812 3250 E.
1850 3236 1891 3242 —-

144 3275 201 3307 24.
227 3270 408 3316 perquam]
436 3275 465 3302 et
489 3280 594 3310 opera
619 3278 724 3310 quam
748 3269 789 3300 R.
819 3285 855 3291 —
897 3269 954 3299 25.
981 3277 1085 3308 quam
1112 3263 1160 3306 ιἠ]
1187 3267 1244 3307 qui
1269 3268 1306 3296 in
1332 3265 1370 3297 Β.
1403 3282 1439 3288 -
1481 3264 1538 3296 27.
1565 3267 1753 3305 repperisse
1779 3266 1819 3296 R.
1852 3280 1889 3286 —

141 3322 293 3362 probare
313 3320 480 3361 potuisset
507 3318 550 3351 lt.
591 3331 630 3339 —-
670 3315 728 3347 28.
754 3312 908 3355 quidam]
947 3315 1082 3353 quidem
1108 3314 1147 3345 B.
1178 3330 1216 3336 -—-
1257 3312 1313 3343 32.
1337 3311 1527 3353 perfectum
1552 3312 1623 3345 BR.
1654 3329 1685 3335 —
1719 3312 1775 3344 33.
1803 3312 1888 3354 fiat;

145 3369 214 3402 nisi
239 3371 322 3408 (orn.
348 3366 448 3407 nihil)
474 3373 551 3397 cum
577 3362 685 3396 Codd.
715 3361 891 3402 plerisque
919 3360 990 3391 BR.
