2117 3762
705 262 801 300 ΗΒ.
837 260 867 298 l.
931 260 974 300 C.
1012 261 1073 300 11.
1113 262 1170 304 12.
1204 262 1268 301 13.
1832 269 1882 306 05

133 365 337 420 gationem
369 371 408 406 et
438 364 783 420 deprecationem.
847 364 1041 415 Purgatio
1065 372 1144 411 est,
1178 380 1271 406 euni
1303 364 1453 407 sactum
1476 367 1736 413 conceditur,
1769 368 1882 423 culpa

133 435 386 469 removetur.
452 431 560 468 llaec
582 433 716 481 partes
740 425 859 466 liabet
884 434 989 471 tres.
1024 428 1361 482 imprudentiam,
1393 443 1554 475 casum,
1587 429 1882 470 necessitatem.

132 492 379 545 Deprecatio
411 496 496 537 est,
537 502 627 529 cuin
660 495 698 528 et
731 502 921 543 peccasse
955 497 993 530 et
1031 493 1219 531 consulto
1252 505 1441 545 peccasse
1473 505 1569 532 reus
1600 506 1642 531 se
1673 492 1887 533 conlitetnr

132 558 173 593 et
203 560 356 600 tamen,
389 558 431 593 ut
462 552 722 603 ignoscatur,
770 551 970 605 postulat:
1016 552 1125 605 quod
1157 567 1285 605 genus
1317 567 1489 607 perraro
1520 559 1654 608 potest
1683 554 1883 595 accidere.

132 615 318 656 Remotio
351 613 535 655 criminis
566 619 648 660 est,
697 627 787 652 cuin
821 615 858 653 id
890 614 1072 660 crimen,
1119 617 1228 667 quod
1260 613 1465 662 inl'ertur,
1507 615 1556 656 ab
1588 630 1631 656 se
1664 623 1703 657 et
1733 619 1783 656 ab
1815 631 1884 656 sua
1904 636 1917 659 ,ς

131 678 279 732 culpa,
328 677 369 718 vi
413 682 451 716 et
490 681 690 730 potestate
732 676 770 715 in
812 675 934 716 alium
969 690 1061 716 reus
1092 690 1301 717 remorer(
1342 684 1527 719 conatur.
1592 678 1636 719 ld
1669 679 1889 733 dupliciter

133 739 220 781 lieri
244 739 414 795 poterit,
446 738 479 778 si
510 743 579 778 aut
609 751 730 778 causa
763 744 831 778 aut
863 738 1011 779 sactum
1045 740 1082 778 in
1105 738 1228 779 alium
1260 742 1543 781 transferetur.
1607 743 1736 782 (lausa
1760 747 1889 781 trans-

132 802 310 850 feretur,
360 815 450 842 Cum
483 799 616 840 aliena
647 799 797 841 dicitur
828 800 864 840 xi
896 807 935 841 et
967 806 1167 853 potestate
1200 800 1371 849 sactum:
1419 802 1569 844 sactum
1601 810 1761 851 autem,
1795 817 1887 844 cum

131 864 233 905 alius
263 870 332 904 aut
362 861 554 903 debuisse
585 868 653 903 aut
683 864 865 916 potuisse
898 863 1034 903 faeere
1065 862 1226 906 dicitur.
1285 864 1443 904 Relatio
1474 865 1653 907 criminis
1685 873 1763 913 est,
1796 880 1888 907 eum

130 925 224 966 ideo
254 924 342 966 iure
372 925 521 966 sactum
544 924 713 970 dicitur,
746 928 855 978 quod
879 925 1025 979 aliquis
1047 932 1138 966 ante
1160 925 1309 966 iniuria
1332 926 1566 969 lacessierit.
1627 931 1888 983 Comparatio
1908 947 1938 970 ιο

131 993 220 1035 est,
270 1000 361 1028 cum
403 986 513 1027 aliud
555 986 720 1041 aliquod
764 987 936 1028 alieuius
976 986 1126 1028 sactum
1166 994 1323 1029 rectum
1363 995 1432 1029 aut
1477 992 1575 1030 utile
1607 991 1887 1040 contenditur,

131 1051 243 1103 quod
273 1055 319 1091 ut
348 1048 489 1096 tieret,
523 1049 642 1095 illud,
675 1051 785 1102 quod
818 1051 1025 1102 arguitur,
1059 1049 1211 1090 dicitur
1242 1064 1329 1090 esse
1363 1052 1639 1096 commissum.

249 1114 311 1153 16.
365 1114 410 1152 In
456 1118 600 1165 quarta
639 1112 950 1160 constitutione,
1002 1126 1123 1167 quani
1154 1113 1432 1154 translativam
1473 1115 1754 1162 nominamus,
1801 1116 1888 1157 eins

135 1175 438 1217 constitutionis
470 1181 531 1215 est
561 1174 863 1221 controversia,
907 1188 999 1215 eum
1031 1180 1100 1215 aut
1130 1188 1252 1228 quem
1284 1182 1353 1216 aut
1383 1176 1548 1231 quicum
1579 1184 1648 1219 aut
1679 1181 1888 1232 quomodo

130 1243 200 1279 aut
229 1236 337 1292 apud
368 1250 472 1292 quos
503 1243 571 1278 aut
602 1250 686 1290 quo
718 1236 808 1277 iure
839 1242 908 1277 aut
938 1250 1020 1291 quo
1053 1243 1239 1291 tempore
1271 1251 1394 1289 agere
1417 1246 1629 1294 oporteat,
1664 1242 1936 1295 quaeritur,15

130 1306 199 1341 aut
243 1300 412 1341 omnino
457 1299 612 1353 aliquid
660 1298 709 1339 de
752 1300 1073 1340 commutatione
1112 1306 1181 1341 aut
1219 1299 1494 1342 inlirmatione
1533 1303 1705 1344 actionis
1735 1303 1884 1357 agitur.

130 1364 263 1404 Huius
295 1361 597 1403 constitutionis
627 1363 908 1413 Hermagoras
940 1361 1132 1403 inventor
1164 1375 1254 1403 esse
1286 1362 1564 1411 existimatur,
1598 1378 1678 1405 non
1701 1379 1783 1419 quo
1806 1380 1887 1407 non

129 1425 193 1467 usi
224 1425 305 1466 sint
335 1438 382 1465 ea
413 1431 573 1465 veteres
603 1429 790 1464 oratores
821 1437 944 1476 saepe
975 1424 1120 1473 multi,
1169 1428 1240 1465 sed
1271 1425 1367 1480 quia
1398 1440 1480 1466 non
1511 1426 1889 1470 animadverterunt

130 1489 231 1528 artis
271 1487 496 1541 scriptores
534 1499 622 1526 eam
660 1485 897 1540 superiores
928 1500 1004 1527 nec
1034 1489 1282 1528 rettulerunt
1312 1487 1352 1528 in
1384 1502 1602 1529 numerum
1633 1490 1890 1532 constitutio-

129 1564 244 1591 num.
307 1551 403 1590 Post
433 1554 572 1590 autem
603 1550 653 1588 ab
685 1550 764 1588 hoe
796 1548 1005 1589 inventam
1028 1549 1145 1590 multi
1167 1549 1545 1602 reprehenderunt,
1578 1565 1681 1606 quos
1704 1565 1785 1593 non
1808 1558 1888 1592 tam
1904 1568 1940 1592 20

130 1611 409 1666 imprudentia
440 1611 523 1652 salli
554 1617 766 1666 putamu5‚
802 1611 882 1663 (res
913 1610 1021 1651 enim
1054 1611 1273 1664 perspicua
1296 1612 1396 1666 est,)
1430 1626 1551 1668 quam
1584 1613 1737 1655 invidia
1767 1621 1889 1668 atque

131 1675 428 1716 obtrectatione
459 1673 636 1729 quadam
666 1673 874 1725 impediri.
936 1675 1028 1713 Xll.
1063 1676 1113 1713 Et
1143 1674 1457 1716 constitutiones
1488 1675 1656 1731 quidem
1687 1682 1727 1717 et
1749 1691 1889 1718 earum

131 1745 268 1790 partes
307 1737 596 1790 exposuimus;
648 1735 838 1788 exempla
881 1741 1018 1776 autem
1060 1737 1258 1790 cuiusque
1297 1736 1459 1790 generis
1506 1744 1589 1778 tum
1632 1739 1889 1780 commodius

130 1799 361 1854 emposituri
392 1798 601 1846 videmur,
637 1812 730 1838 cum
762 1798 801 1838 in
831 1812 956 1839 unum
981 1801 1175 1851 quodque
1199 1812 1344 1839 eorum
1365 1806 1705 1853 argumentorum
1727 1801 1887 1854 copiam

129 1861 334 1902 dabimus.
398 1863 499 1901 Nam
530 1860 843 1913 argumentandi
874 1861 976 1900 ratio
1019 1859 1241 1901 dilucidior
1271 1860 1368 1909 erit,
1416 1874 1508 1902 cum
1539 1869 1578 1903 et
1608 1866 1657 1903 ad
1688 1876 1817 1918 genus
1848 1871 1888 1905 et
1903 1880 1938 1905 25

129 1923 180 1966 ad
211 1922 447 1978 exemplum
479 1937 626 1963 causae
658 1922 793 1963 statim
824 1921 976 1976 poterit
1005 1921 1326 1963 accommodari.

246 1989 310 2029 17.
364 1985 666 2028 Constitutione
697 1998 842 2025 causae
882 1990 1045 2039 reperta
1089 1984 1222 2025 statim
1253 1985 1387 2038 placet
1417 1989 1701 2037 considerare,
1752 1994 1889 2030 utrum

130 2063 252 2092 eausa
282 2051 335 2091 sit
364 2047 556 2103 simpleX,
607 2061 659 2087 an
688 2047 850 2097 iuneta3
904 2052 945 2087 et
974 2046 1008 2087 si
1037 2045 1176 2087 iuncta
1206 2046 1304 2096 erit,
1357 2053 1496 2090 utrum
1533 2050 1584 2091 sit
1622 2064 1673 2092 ex
1703 2050 1889 2106 pluribus

129 2109 442 2168 quaestionibus
479 2110 638 2158 iuncta,
692 2123 743 2150 an
783 2124 835 2149 ex
875 2108 1011 2163 aliqua
1051 2110 1377 2163 comparatione.
1439 2111 1625 2166 Simplex
1655 2120 1737 2161 est,
1784 2128 1889 2170 quae

130 2174 361 2216 absolutam
391 2172 433 2213 in
462 2186 507 2214 se
537 2171 719 2213 eontinet
749 2185 872 2213 unam
906 2172 1207 2227 quaestionem,
1246 2174 1326 2214 hoc
1356 2173 1502 2217 modo:
1552 2177 1774 2218 Corinthiis
1806 2178 1891 2218 bel·
1905 2191 1938 2217 so

129 2236 216 2278 lum
256 2235 508 2283 indicamus,
556 2248 605 2275 an
637 2237 750 2275 non?
801 2233 1027 2276 Coniuncta
1059 2248 1111 2276 ex
1141 2235 1330 2290 pluribus
1361 2237 1688 2290 quaestionibus,
1733 2239 1775 2280 in
1805 2254 1885 2295 qua

130 2299 250 2353 plura
280 2303 559 2354 quaeruntur,
606 2299 685 2338 hoe
723 2303 866 2352 paeto:
918 2299 1059 2339 Utrum
1098 2289 1305 2353 Karthag‘o
1336 2299 1544 2349 diruatur,
1592 2315 1643 2343 an
1674 2302 1885 2357 Karthagi-

130 2361 343 2402 niensibus
374 2359 588 2409 reddatur,
621 2374 671 2401 an
702 2374 752 2402 eo
782 2360 945 2402 colonia
976 2361 1218 2402 deducatur.
1280 2364 1342 2402 Ex
1372 2363 1698 2418 comparatione,
1734 2364 1774 2405 in
1808 2378 1886 2419 qua

129 2437 206 2479 per
244 2422 573 2471 contentionem,
623 2429 762 2465 utrum
803 2426 939 2479 potius
977 2429 1047 2465 aut
1076 2422 1175 2477 quid
1204 2423 1462 2478 potissimum
1497 2424 1602 2480 [sit],
1654 2427 1887 2480 quaeritur,

131 2488 182 2527 ad
212 2485 320 2527 hunc
349 2487 539 2527 modum:
571 2487 716 2540 Utrum
747 2486 953 2528 exercitus
983 2486 1026 2527 in
1057 2485 1339 2528 Macedoniam
1370 2494 1510 2529 contra
1532 2488 1764 2543 Philippum
1797 2489 1889 2530 mit-
1902 2503 1937 2530 35

131 2554 264 2597 tatur,
319 2549 389 2603 qui
420 2548 542 2589 sociis
573 2548 625 2589 sit
654 2547 829 2598 auxilio,
881 2562 932 2590 an
962 2553 1152 2590 teneatur
1181 2549 1221 2590 in
1265 2550 1399 2598 Italia,
1444 2556 1490 2591 ut
1526 2565 1647 2606 quam
1689 2551 1888 2592 max-imae

133 2616 274 2652 eontra
304 2610 577 2651 Hannibalem
609 2613 752 2664 copiae
790 2610 883 2652 sint.
945 2610 1101 2652 Deinde
1138 2610 1481 2653 considerandum
1522 2619 1602 2661 est,
1651 2613 1691 2654 in
1732 2613 1888 2654 ratione

133 2688 183 2715 an
213 2668 265 2714 in'
286 2673 439 2728 scripto
470 2673 522 2714 sit
552 2673 847 2714 controversia.
910 2676 1011 2714 Nam
1042 2673 1184 2729 scripti
1216 2674 1498 2716 controversia
1529 2682 1588 2716 est
1609 2689 1676 2723 ea,
1709 2689 1812 2729 quae
1836 2689 1887 2717 ex

134 2735 368 2789 scriptionis
407 2749 558 2790 genere
598 2735 793 2777 nascitur.
854 2737 969 2776 xiil.
1012 2737 1110 2777 Eius
1149 2742 1287 2778 autem
1329 2751 1506 2789 genera,
1559 2752 1661 2793 quae
1702 2744 1887 2792 separata

134 2804 230 2838 sunt
266 2811 290 2839 a
327 2797 710 2846 constitutionibus,
762 2797 942 2854 quinque
980 2805 1086 2840 sunt.
1146 2802 1244 2840 Nam
1283 2805 1367 2840 tum
1408 2799 1532 2840 verba
1572 2801 1658 2852 ipsa
1697 2800 1937 2843 videnturw

135 2874 227 2901 eum
269 2859 469 2901 sententia
505 2855 716 2916 scriptoris
757 2859 972 2908 dissidere,
1024 2866 1112 2902 tum
1150 2861 1259 2902 inter
1297 2875 1340 2902 se
1372 2865 1475 2903 duae
1506 2862 1618 2914 leges
1649 2867 1718 2903 aut
1747 2862 1887 2917 plures

135 2922 390 2975 discrepare,
431 2928 515 2964 tum
546 2923 613 2972 id,
654 2922 766 2978 quod
796 2922 991 2977 scriptum
1025 2929 1104 2970 est,
1138 2923 1239 2965 duas
1269 2929 1338 2964 aut
1368 2924 1505 2976 plures
1537 2938 1602 2965 res
1632 2924 1882 2977 signiticare3

135 2991 221 3026 tum
252 2998 303 3025 ex
333 2997 406 3031 eo,
450 2984 561 3041 quod
591 2985 788 3040 seriptum
820 2991 901 3033 est,
950 2984 1060 3026 aliud
1092 2999 1280 3040 quoque,
1328 2988 1437 3040 quod
1468 2999 1549 3027 non
1579 2986 1774 3040 scriptum
1806 2994 1886 3038 est,

228 3154 284 3187 10.
321 3150 458 3195 aliquis]
488 3154 577 3185 alius
602 3154 706 3187 VAT.
745 3171 784 3178 -
827 3154 880 3187 18.
916 3156 1237 3187 animadverterunt
1263 3171 1276 3178 -
1301 3171 1315 3177 —
1339 3154 1547 3187 rettulerunt
1573 3155 1602 3187 R
1629 3156 1766 3190 firmans
1803 3157 1885 3190 Sch.

137 3205 254 3233 cont-2
292 3201 601 3233 animadverterint
625 3218 639 3224 —
663 3219 676 3224 -
699 3202 898 3234 rettulerint
923 3202 1084 3234 VPATE.
1118 3218 1152 3224 -
1193 3203 1249 3233 23.
1278 3206 1350 3232 tum
1376 3201 1489 3232 PAT:
1531 3206 1611 3235 tunc
1638 3204 1706 3235 RE.
1747 3222 1783 3228 -
1829 3204 1885 3236 2'4.

134 3249 322 3280 videamur-
339 3247 439 3279 PAT.
468 3263 511 3268 -
547 3248 604 3278 27.
631 3250 750 3280 statim
776 3252 939 3287 expunxit
965 3250 1044 3281 Seli.
1073 3248 1279 3288 (Utrumque
1305 3250 1424 3280 statim
1449 3252 1567 3281 tuetur
1593 3250 1649 3289 V.)
1677 3268 1717 3274 —
1758 3251 1814 3283 34.
1843 3252 1888 3282 sit

137 3304 206 3327 om.
235 3295 335 3326 PAT.
386 3294 454 3326 Nos
481 3294 696 3326 seclusimus.
727 3313 763 3318 —
804 3295 860 3329 39.
897 3299 1064 3337 separata
1088 3300 1168 3327 sunt
1193 3294 1333 3326 PART:
1375 3299 1454 3328 sunt
1477 3301 1644 3337 separata
1670 3297 1709 3330 E.
1748 3315 1788 3321 —
1826 3298 1885 3330 [ιθ.

138 3346 210 3375 tum
236 3342 341 3374 verba
365 3341 512 3374 PART:
541 3350 618 3373 cum
640 3341 746 3374 verba
770 3342 810 3374 E.
