2117 3762
232 250 313 292 240
925 250 995 290 DE
1026 250 1270 291 ORATORE

232 356 350 396 illum
389 355 538 397 Pericli
580 368 744 404 sucum3
796 354 869 395 sed
918 359 1034 394 erant
1075 354 1214 409 paullo
1251 353 1446 396 uberiore
1486 352 1571 394 filo.
1649 355 1715 395 94.
1758 355 1866 396 Ecce
1907 354 1980 397 tibi

233 424 401 461 exortus
433 423 494 460 est
524 420 745 464 Isocrates,
775 414 968 469 magister
997 415 1172 457 istorum
1203 420 1409 466 omnium,
1443 418 1559 458 cuius
1589 429 1612 457 e
1642 414 1740 458 ludo
1773 421 1980 474 tamquam

232 496 283 522 ex
313 494 421 536 equo
451 480 628 522 Troiano
660 480 763 520 meri
793 477 1004 532 principes
1036 477 1246 531 exierunt3
1276 482 1349 521 sed
1379 493 1524 521 eorum
1555 478 1703 534 partim
1735 478 1777 520 in
1810 493 1976 536 pompa,

231 543 379 599 partim
418 542 461 584 in
501 541 588 583 acie
627 541 808 582 illustres
849 553 939 581 esse
968 539 1203 582 voluerunt.
1274 543 1426 583 XXIII.
1472 543 1596 597 Atqui
1637 546 1678 583 et
1717 541 1800 592 illi,
1850 542 1982 584 Theo-

200 605 398 661 spompi,
429 603 606 660 Ephori,
637 602 826 652 Philisci,
860 605 1088 645 Naucratae
1120 602 1320 660 multique
1351 605 1422 646 alii
1451 604 1608 646 naturis
1640 603 1861 658 differunt3
1907 619 1982 647 vo-

228 673 383 716 luntate
420 678 556 714 autem
595 665 749 708 similes
788 671 882 708 sunt
921 673 959 708 et
998 667 1106 707 inter
1143 679 1233 707 sese
1264 672 1303 708 et
1333 667 1538 722 magistri3
1591 672 1631 708 et
1659 666 1709 715 ii,
1755 663 1825 720 qui
1856 678 1899 705 se
1931 660 1983 704 ad

230 749 370 777 causas
401 734 685 778 contulerunt,
730 733 775 770 ut
803 730 1126 775 Demosthenes,
1159 729 1417 784 Hyperides,
1458 732 1692 785 Lycurgus,
1730 729 1979 774 Aeschines,

228 798 458 839 Dinarchus
498 795 650 848 aliique
691 791 951 846 complures,
1003 790 1080 833 etsi
1117 790 1227 832 inter
1266 805 1309 832 se
1347 805 1468 846 pares
1498 807 1581 834 non
1612 792 1799 839 fuerunt,
1844 795 1982 830 tamen

228 873 371 902 omnes
401 862 496 900 sunt
525 858 567 898 in
598 854 746 898 eodem
777 855 961 896 veritatis
992 855 1215 895 imitandae
1246 867 1397 907 genere
1429 857 1598 904 versati,
1631 867 1809 910 quorum
1840 865 1983 908 quam-

178 933 212 957 10
227 922 297 964 diu
326 921 473 962 mansit
502 918 701 965 imitatio,
748 917 905 958 tamdiu
943 929 1071 971 genus
1111 915 1215 957 illud
1246 915 1409 957 dicendi
1439 916 1701 972 studiumque
1732 916 1858 959 vixit:
1910 916 1979 955 95.

226 989 520 1039 posteaquam,
554 980 766 1023 exstinctis
796 981 878 1028 his,
920 979 1054 1021 omnis
1085 992 1230 1020 eorum
1261 979 1462 1020 memoria
1492 979 1642 1021 sensim
1673 982 1891 1022 obscurata
1922 980 1984 1018 est

226 1052 266 1088 et
296 1046 485 1094 evanuit,
531 1044 612 1086 alia
649 1041 849 1099 quaedam
890 1040 1055 1083 dicendi
1085 1041 1277 1083 molliora
1307 1054 1355 1082 ac
1384 1042 1624 1084 remissiora
1655 1056 1808 1097 genera
1837 1042 1982 1095 vigue-

225 1114 336 1150 runt.
397 1109 497 1149 Inde
526 1108 827 1154 Demochares,
880 1119 1004 1160 quem
1035 1104 1151 1146 aiunt
1180 1105 1336 1146 sororis
1368 1102 1497 1145 filium
1527 1103 1655 1146 fuisse
1684 1102 1980 1152 Demostheni;

225 1177 311 1213 tum
341 1169 564 1212 Phalereus
594 1169 662 1211 ille
692 1167 948 1217 Demetrius,
991 1168 1178 1210 omnium
1207 1169 1407 1216 istorum,
1450 1181 1544 1209 mea
1574 1169 1793 1216 sententia,
1823 1164 1984 1222 politis-

176 1243 211 1268 1⁵
226 1233 374 1282 simus,
426 1232 578 1290 aliique
622 1245 768 1274 eorum
810 1230 966 1273 similes
1004 1234 1262 1273 exstiterunt.
1323 1232 1439 1281 Quae
1480 1231 1515 1272 si
1551 1230 1739 1272 volemus
1769 1244 1899 1287 usque
1931 1228 1983 1269 ad

225 1299 305 1339 hoc
335 1301 495 1352 tempus
526 1293 744 1350 persequi,
775 1293 1074 1347 intelligemus,
1113 1299 1158 1335 ut
1187 1292 1310 1335 hodie
1340 1294 1671 1335 Alabandensem
1700 1293 1815 1335 illum
1844 1295 1984 1335 Mene-

226 1360 331 1402 clem
363 1363 402 1400 et
434 1358 522 1400 eius
552 1357 722 1400 fratrem
753 1356 1012 1405 Hieroclem,
1065 1370 1169 1412 quos
1208 1371 1285 1411 ego
1325 1355 1491 1406 audivi,
1538 1362 1624 1398 tota
1652 1357 1836 1398 imitetur
1864 1353 1981 1403 Asia,

226 1421 284 1464 sic
312 1433 478 1476 semper
506 1420 634 1463 fuisse
664 1419 863 1475 aliquem,
896 1420 1011 1461 cuius
1042 1433 1085 1461 se
1117 1419 1270 1461 similes
1300 1418 1488 1476 plerique
1520 1434 1610 1462 esse
1640 1419 1808 1462 vellent.

339 1487 405 1526 96.
454 1485 571 1525 Hanc
609 1482 733 1538 igitur
772 1480 1084 1523 similitudinem
1124 1482 1194 1537 qui
1233 1482 1462 1524 imitatione
1499 1482 1665 1537 assequi
1706 1483 1838 1531 volet,
1889 1495 1983 1524 cum

177 1557 212 1582 20
228 1545 596 1590 exercitationibus
627 1543 786 1586 crebris
818 1549 941 1599 atque
971 1545 1000 1596 ·1·
1031 1546 1214 1599 magnis,
1266 1550 1351 1586 tum
1381 1544 1601 1587 scribendo
1634 1544 1812 1586 maxime
1842 1557 1983 1600 perse-

227 1615 389 1667 quatur.
448 1611 570 1660 Quod
609 1610 642 1650 si
680 1607 745 1649 hic
781 1613 924 1649 noster
965 1607 1169 1661 Sulpicius
1204 1607 1378 1656 faceret,
1430 1608 1559 1649 multo
1591 1609 1679 1649 eius
1712 1606 1844 1649 oratio
1877 1609 1984 1647 esset

225 1673 432 1729 pressior;
481 1674 523 1714 in
553 1685 634 1728 qua
663 1686 771 1713 nunc
803 1669 1035 1718 interdum,
1075 1677 1121 1711 ut
1151 1670 1194 1712 in
1224 1669 1364 1712 herbis
1395 1669 1535 1711 rustici
1565 1670 1697 1712 solent
1727 1668 1890 1719 dicere,
1941 1668 1984 1708 in

227 1749 387 1776 summa
416 1733 604 1776 ubertate
634 1735 740 1776 inest
768 1733 953 1775 luxuries
985 1733 1206 1788 quaedam,
1238 1747 1343 1789 quae
1370 1733 1464 1775 stilo
1495 1731 1753 1789 depascenda
1783 1738 1856 1775 est.
1915 1733 1982 1772 97.

227 1798 305 1838 Hic
335 1798 563 1852 Sulpicius,
596 1799 663 1838 Me
693 1796 884 1852 quidem,
915 1796 1071 1852 inquit,
1105 1802 1216 1838 recte
1248 1810 1391 1838 mones
1422 1797 1547 1851 idque
1579 1795 1680 1837 mihi
1712 1800 1875 1850 gratum
1897 1799 1981 1845 est;

177 1861 300 1902 2⁵sed
341 1874 394 1901 ne
435 1865 474 1901 te
520 1859 710 1915 quidem,
761 1860 939 1908 Antoni,
990 1859 1162 1900 multum
1208 1859 1459 1912 scriptitasse
1501 1858 1691 1901 arbitror.
1751 1861 1855 1900 Tum
1893 1856 1981 1904 ille,

228 1922 356 1973 Quasi
385 1937 505 1971 vero,
536 1924 691 1978 inquit,
724 1935 809 1963 non
840 1935 890 1963 ea
918 1921 1173 1975 praecipiam
1206 1920 1320 1975 aliis,
1354 1935 1458 1976 quae
1489 1922 1588 1961 mihi
1618 1922 1696 1976 ipsi
1719 1920 1875 1962 desint:
1909 1918 1980 1961 sed

226 1993 364 2028 tamen
400 2000 451 2028 ne
490 1983 650 2027 tabulas
690 1984 854 2039 quidem
887 1983 1091 2025 conficere
1123 1982 1354 2025 existimor.
1417 1987 1570 2026 Verum
1602 1988 1642 2024 et
1671 1984 1713 2023 in
1744 1984 1822 2023 hoc
1852 1996 1904 2023 ex
1933 1995 1979 2023 re

226 2049 417 2091 familiari
446 2062 559 2097 mea,
610 2052 651 2088 et
678 2046 719 2088 in
749 2047 822 2088 illo
854 2060 907 2087 ex
937 2059 1010 2094 eo,
1056 2045 1168 2101 quod
1198 2045 1311 2093 dico,
1359 2047 1603 2101 quantulum
1632 2044 1675 2086 id
1706 2058 1868 2100 cunque
1899 2049 1978 2093 est,

227 2112 327 2169 quid
367 2111 539 2159 faciam,
588 2108 763 2151 iudicari
804 2113 954 2164 potest.
1011 2110 1078 2150 98.
1123 2110 1258 2162 Atque
1296 2121 1386 2149 essc
1422 2112 1558 2150 tamen
1589 2109 1740 2149 multos
1771 2106 1980 2159 videmus,

177 2184 213 2210 ³⁰
228 2175 299 2230 qui
328 2177 533 2216 neminem
564 2172 776 2213 imitentur
806 2176 847 2212 et
875 2175 1018 2226 suapte
1048 2175 1211 2217 natura,
1266 2169 1379 2225 quod
1408 2170 1559 2218 velint,
1611 2171 1698 2211 sine
1738 2169 1981 2224 cuiusquam

226 2235 491 2279 similitudine
533 2238 859 2290 consequantur;
910 2235 1022 2289 quod
1053 2238 1095 2274 et
1122 2232 1165 2274 in
1196 2231 1314 2274 vobis
1354 2232 1627 2274 animadverti
1668 2237 1779 2274 recte
1821 2237 1978 2288 potest,

229 2300 379 2341 Caesar
416 2304 458 2340 et
495 2299 637 2348 Cotta;
689 2310 867 2352 quorum
911 2297 1014 2337 alter
1049 2294 1288 2336 inusitatum
1332 2297 1485 2337 nostris
1531 2296 1699 2350 quidem
1744 2296 1980 2337 oratoribus

225 2362 414 2419 leporem
445 2359 650 2417 quendam
682 2364 722 2400 et
751 2358 900 2407 salem,
950 2358 1052 2400 alter
1090 2358 1369 2399 acutissimum
1405 2363 1445 2399 et
1475 2356 1786 2400 subtilissimum
1818 2356 1982 2399 dicendi

229 2438 356 2480 genus
388 2427 450 2466 est
478 2427 742 2464 consecutus:
775 2435 909 2476 neque
938 2434 1037 2462 vero
1069 2426 1205 2462 vester
1228 2421 1413 2475 aequalis
1435 2420 1587 2470 Curio,
1620 2426 1735 2476 patre
1767 2434 1858 2462 mea
1888 2434 1981 2462 sen-

178 2496 214 2524 35
228 2486 356 2528 tentia
385 2487 452 2529 vel
481 2485 820 2539 eloquentissimo
852 2482 1107 2539 temporibus
1136 2482 1235 2531 illis,
1268 2496 1518 2538 quemquam
1549 2482 1649 2524 mihi
1679 2496 1829 2537 magno
1852 2495 1979 2537 opere

228 2550 393 2592 videtur
421 2547 598 2598 imitari;
631 2547 702 2603 qui
731 2552 867 2589 tamen
897 2544 1123 2589 verborum
1154 2544 1351 2601 gravitate
1379 2550 1420 2587 et
1440 2545 1642 2600 elegantia
1663 2549 1703 2586 et
1722 2545 1840 2601 copia
1862 2558 1980 2586 suam

321 2685 356 2717 2.
383 2685 447 2718 Vv.
472 2684 639 2726 maqister
662 2684 809 2716 istorum
834 2682 990 2714 omnium
1015 2682 1157 2715 seclusit
1180 2681 1333 2714 Ellendt.
1384 2680 1498 2713 Habet
1522 2683 1590 2713 iam
1608 2680 1739 2713 Nonius
1765 2688 1798 2720 p.
1827 2679 1907 2712 344.
1927 2679 1977 2713 Μ.

231 2737 265 2766 et
290 2732 439 2766 refertur
463 2731 506 2764 ad
532 2735 683 2763 oratores
709 2739 786 2763 mox
815 2733 1035 2762 memoratos.
1066 2745 1102 2753 —
1141 2730 1174 2762 3.
1201 2728 1375 2761 innumeri
1401 2729 1477 2760 libri
1503 2725 1620 2768 (etiam
1645 2725 1742 2768 AB),
1771 2728 1816 2758 R.
1859 2727 1980 2759 Corre-

232 2785 325 2812 ctum
352 2783 406 2811 est
430 2788 470 2812 ex
494 2778 622 2811 Nonio.
641 2794 683 2801 —-
707 2777 743 2809 4.
769 2776 875 2818 Atqui
900 2776 1011 2808 Codd.
1039 2776 1107 2809 al.:
1135 2777 1244 2817 Atque
1270 2776 1295 2807 B
1312 2799 1321 2814 ,
1348 2776 1472 2816 Itaque
1490 2774 1563 2806 RE.
1586 2791 1623 2797 —
1650 2775 1685 2808 5.
1713 2774 1853 2806 Philisci
1879 2773 1980 2806 Goel-

230 2827 302 2860 lero
328 2830 470 2859 auctore
496 2825 714 2857 Henrichsen
741 2828 775 2857 et
802 2823 962 2856 Ellendt:
1004 2824 1138 2855 Philisti
1163 2831 1240 2854 cum
1265 2823 1359 2854 libris
1383 2822 1457 2853 RE.
1491 2837 1531 2844 —-
1574 2820 1609 2852 6.
1649 2825 1680 2853 et
1712 2825 1791 2854 ante
1815 2820 1980 2862 magistri

231 2883 299 2905 om.
326 2874 367 2904 Β.
399 2889 438 2896 -
464 2872 498 2904 8.
525 2872 737 2904 Demarchus
763 2872 802 2902 R.
837 2887 881 2891 ——
922 2870 957 2902 9.
986 2879 1101 2902 omnes
1125 2872 1205 2902 sunt
1228 2868 1259 2901 A
1283 2869 1437 2907 aliique:
1479 2871 1558 2900 sunt
1583 2876 1698 2900 omnes
1722 2869 1763 2909 (B
1777 2869 1809 2904 7)
1833 2867 1907 2899 RE.
1935 2883 1978 2890 —

231 2921 288 2951 11.
315 2921 363 2952 eis
396 2929 414 2953 c
441 2919 551 2952 Codd.
579 2919 620 2951 T.
672 2919 721 2950 Ex
745 2918 804 2950 AB
830 2917 917 2948 nihil
942 2921 1093 2949 notatur.
1133 2933 1173 2939 —-
1216 2917 1337 2948 horum
1361 2916 1401 2948 R.
1438 2931 1479 2938 —-
1520 2913 1577 2946 13.
1604 2914 1839 2947 Demosthenis
1864 2915 1906 2947 R.
1934 2929 1976 2936 —

233 2966 288 2998 14.
312 2967 572 3006 potentissimus
596 2965 639 2997 A.
678 2981 718 2988 —
761 2964 816 2996 16.
852 2963 964 3005 hodie]
992 2966 1096 2997 etiam
1120 2963 1206 3001 BR,
1245 2963 1342 2995 hodie
1373 2962 1477 2994 etiam
1502 2963 1601 3001 quasi
1636 2970 1654 2994 e
1683 2961 1792 2994 Codd.
1819 2961 1873 2993 T:
1915 2959 1977 2992 sed

233 3012 394 3045 videntur
419 3013 546 3046 habere
572 3016 632 3044 aut.
657 3011 756 3043 hodie
781 3014 840 3043 aut
866 3012 983 3042 etiam.
1030 3011 1065 3043 Si
1092 3010 1246 3042 collatori
1273 3009 1381 3045 fides,
1415 3007 1446 3040 A
1471 3008 1576 3041 habet
1599 3008 1712 3041 hodie.
1737 3025 1783 3030 —
1818 3006 1977 3040 Menede-

231 3067 325 3090 mum
348 3060 391 3092 R.
425 3074 468 3081 —
508 3059 566 3094 17.
593 3055 752 3099 fratrem]
778 3058 886 3100 filium
911 3058 954 3090 R.
991 3075 1033 3080 —
1074 3057 1130 3089 18.
1151 3057 1309 3096 plerique
1334 3063 1402 3087 om.
1431 3055 1474 3087 R.
1503 3072 1544 3078 —-
1586 3055 1642 3087 19.
1669 3064 1745 3088 cum
1768 3054 1798 3087 Α
1822 3055 1974 3095 aliique:

233 3109 305 3138 tum
329 3104 384 3148 (B)
410 3106 485 3137 RE.
507 3122 538 3128 -
571 3106 628 3138 20.
658 3105 720 3138 Vv.
748 3110 851 3146 atque
875 3105 1014 3145 maqnis
1038 3104 1182 3137 seclusit
1208 3101 1357 3135 Ellendt.
1385 3102 1480 3135 Fort.
1507 3103 1644 3143 gnavis.
1672 3102 1739 3135 On.
1762 3118 1799 3125 —-
1826 3102 1883 3133 21.
1908 3098 1974 3142 hic]

233 3152 316 3183 haec
338 3153 393 3191 A,
420 3153 518 3185 VOSS.
546 3153 646 3193 prob.
674 3153 796 3191 Baldo,
825 3160 894 3184 om.
920 3152 962 3185 R.
991 3152 1047 3191 (In
1073 3150 1172 3183 Leid.
1198 3151 1252 3181 hic
1277 3157 1411 3181 erasum
1438 3148 1520 3191 est.)
1540 3166 1581 3172 —
1607 3150 1663 3182 22.
1686 3145 1849 3190 pressior]
1871 3156 1976 3188 prae-

232 3199 321 3231 sidio
346 3199 417 3231 AB.
442 3215 478 3222 -
505 3200 562 3232 25.
587 3209 630 3232 ne
654 3197 698 3239 te]
724 3207 786 3231 nec
809 3201 840 3231 te
866 3199 912 3238 B,
938 3202 1025 3231 recte
1049 3197 1092 3230 A.
1119 3213 1160 3219 —
1186 3196 1244 3229 26.
1271 3196 1392 3228 desunt
1419 3197 1458 3229 R.
1481 3214 1517 3220 -
1545 3195 1603 3229 27.
1623 3197 1785 3229 aestimor
1809 3194 1854 3227 R.
1876 3212 1918 3219 —
1944 3199 1976 3229 ec

232 3242 286 3285 in]
313 3246 417 3277 etiam
441 3244 484 3276 A.
513 3262 552 3268 —
590 3246 647 3278 28.
675 3246 713 3278 id
737 3255 806 3279 om.
832 3244 905 3277 AB.
934 3263 971 3269 —
999 3245 1057 3277 29.
1084 3244 1176 3286 quod
1201 3244 1243 3275 R.
1273 3259 1312 3266 —
1347 3243 1473 3275 multos
1497 3252 1566 3276 om.
1593 3244 1692 3276 Voss.
1725 3241 1825 3282 prob.
1852 3242 1972 3276 Bakio.

235 3292 414 3331 (Retinent
439 3300 558 3324 omnes
583 3293 746 3326 Ellendtii
772 3301 811 3325 ac
835 3293 932 3329 mei.)
960 3308 999 3315 —
1025 3292 1082 3324 32.
1107 3291 1235 3324 nostris
1259 3290 1393 3333 quidem
1416 3291 1532 3326 ABR:
1560 3290 1698 3334 quidem
1719 3290 1848 3322 nostris
1873 3290 1913 3323 E.
1931 3306 1971 3317 --

235 3338 292 3372 34.
318 3343 433 3373 noster
457 3338 499 3371 R.
528 3355 566 3362 -
591 3344 693 3381 pater
716 3356 729 3363 -
754 3356 767 3362 -
790 3340 1084 3382 eloquentissimus
1108 3338 1151 3371 R.
