2117 3762
231 293 314 338 408
1008 288 1223 332 ORATOR

231 400 335 442 cius.
395 400 454 442 Ac
491 402 633 441 tamen
670 397 715 438 in
754 397 837 438 hoc
874 395 967 449 ipso
1003 394 1225 448 diligenter
1255 393 1517 436 examinante
1546 394 1774 436 verborum
1804 394 1990 436 omnium

229 465 418 517 pondera
462 458 730 517 reprehendit
767 456 992 500 Aeschines
1031 458 1235 510 quaedam
1275 463 1317 498 et
1353 455 1533 511 exagitat
1577 455 1839 511 illudensque
1881 456 1988 507 dira,

231 526 396 575 odiosa,
437 522 716 567 intolerabilia
744 535 834 562 esse
867 520 978 562 dicit.
1039 520 1149 568 Quin
1181 520 1305 560 etiam
1338 520 1499 575 quaerit
1530 521 1579 560 ab
1611 520 1726 572 ipso,
1777 533 1868 560 cum
1901 521 1992 574 qui-

231 588 327 629 dem
365 601 459 629 eum
498 587 662 627 beluam
700 584 908 638 appellet,
953 586 1094 624 utrum
1123 580 1195 622 illa
1222 583 1351 623 verba
1381 596 1432 623 an
1461 586 1655 635 portenta
1687 583 1790 623 sint:
1839 587 1885 622 ut
1914 584 1993 623 Ae-

198 650 364 691 sschini
398 663 450 690 ne
490 648 793 690 Demosthenes
834 644 1002 701 quidem
1039 643 1230 686 videatur
1263 644 1397 685 Attice
1438 645 1592 686 dicere.
1654 646 1720 685 27.
1764 645 1898 686 Facile
1929 650 1994 686 est

229 714 340 754 enim
371 713 545 753 verbum
575 711 744 764 aliquod
774 710 949 758 ardens,
979 712 1027 749 ut
1055 707 1112 748 ita
1142 708 1300 755 dicam,
1341 713 1487 748 notare
1518 707 1642 763 idque
1671 707 1880 749 restinctis
1910 709 1993 750 iam

229 775 463 816 animorum
501 771 701 814 incendiis
739 773 931 813 irridere.
991 771 1138 824 Itaque
1168 783 1212 810 se
1251 782 1431 823 purgans
1467 772 1628 812 iocatur
1664 772 1990 821 Demosthenes3

228 842 355 890 negat
393 837 435 877 in
476 849 525 876 eo
562 835 718 890 positas
757 847 848 875 esse
884 834 1074 874 fortunas
1103 833 1324 885 Graeciae,
1376 833 1448 873 hoc
1476 847 1529 874 an
1557 835 1625 874 illo
1654 834 1768 874 verbo
1797 847 1892 874 usus
1921 835 1992 882 sit,

229 898 310 940 huc
340 912 391 938 an
421 897 519 940 illuc
549 910 717 938 manum
746 897 993 952 porrexerit.
1053 895 1243 945 Quonam
1284 894 1414 949 igitur
1452 895 1576 937 modo
1614 896 1827 939 audiretur
1855 899 1994 951 Mysus

177 976 215 1001 ao
229 965 300 1001 aut
329 961 469 1014 Phryx
498 959 691 1008 Athenis,
725 973 819 1000 cum
850 958 976 1000 etiam
1007 959 1310 1000 Demosthenes
1340 957 1577 1011 exagitetur
1595 965 1643 1000 ut
1662 959 1857 1014 putidus?
1891 960 1995 1001 Cum

227 1036 328 1063 vero
359 1021 556 1064 inclinata
585 1021 845 1078 ululantique
876 1035 979 1063 voce
1009 1034 1127 1063 more
1146 1019 1330 1061 Asiatico
1353 1033 1500 1061 canere
1522 1022 1750 1076 coepisset,
1784 1024 1877 1078 quis
1900 1035 1995 1063 eum

226 1084 384 1127 ferret?
414 1093 484 1128 aut
512 1087 653 1140 potius
684 1087 777 1141 quis
807 1098 893 1127 non
922 1086 1088 1126 iuberet
1117 1083 1299 1124 auferri?

339 1149 414 1189 IX.
448 1150 516 1191 28.
564 1150 629 1190 Ad
665 1149 899 1190 Atticorum
936 1149 1066 1201 igitur
1096 1160 1215 1188 aures
1246 1150 1399 1186 teretes
1430 1151 1473 1187 et
1502 1145 1721 1201 religiosas
1752 1147 1824 1201 qui
1854 1161 1898 1189 se
1930 1161 1998 1188 ac-

228 1212 518 1260 commodant,
569 1210 599 1252 ii
635 1216 731 1252 sunt
768 1209 1033 1252 existimandi
1069 1209 1204 1250 Attice
1244 1208 1398 1250 dicere.
1461 1209 1650 1258 Quorum
1691 1223 1846 1263 genera
1875 1211 1996 1265 plura

176 1289 214 1314 1⁵
230 1279 343 1324 sunt3
392 1273 437 1315 hi
474 1288 604 1315 unum
642 1275 770 1315 modo
812 1272 934 1328 quale
973 1273 1026 1314 sit
1063 1271 1338 1327 suspicantur.
1399 1272 1549 1313 Putant
1587 1270 1696 1313 enim
1727 1273 1798 1327 qui
1828 1272 1997 1315 horride

227 1336 466 1391 inculteque
510 1337 640 1385 dicat,
692 1335 818 1378 modo
858 1334 901 1377 id
939 1334 1153 1389 eleganter
1194 1334 1493 1389 enucleateque
1531 1334 1676 1383 saciat,
1723 1348 1818 1376 eum
1862 1337 1998 1377 solum

226 1400 361 1441 Attice
391 1398 548 1440 dicere.
609 1401 676 1441 29.
716 1400 897 1447 Errant,
947 1396 1057 1453 quod
1100 1396 1259 1447 solum3
1311 1396 1424 1451 quod
1463 1397 1617 1445 Attice,
1663 1411 1747 1438 non
1784 1396 1996 1439 falluntur.

226 1464 407 1503 Istorum
439 1461 550 1503 enim
580 1461 763 1510 iudicio,
810 1460 846 1502 si
877 1461 1012 1502 solum
1042 1459 1146 1501 illud
1178 1465 1241 1501 est
1269 1461 1478 1508 Atticum,
1525 1473 1578 1500 ne
1615 1461 1796 1501 Pericles
1831 1459 1998 1516 quidem

228 1524 331 1566 dixit
369 1524 529 1574 Attice,
578 1526 645 1566 cui
682 1526 841 1580 primae
882 1523 973 1565 sine
1010 1522 1298 1564 controversia
1338 1521 1658 1573 deserebantur3
1712 1524 1783 1579 qui
1813 1523 1849 1564 si
1880 1525 1998 1565 tenui

177 1601 214 1627 20
228 1601 382 1642 genere
413 1593 632 1637 uteretur,
673 1600 886 1641 nunquam
916 1588 968 1627 ab
999 1586 1278 1641 Aristophane
1309 1591 1434 1639 poeta
1464 1585 1648 1640 fulgere,
1690 1591 1861 1632 tonare,
1904 1601 2001 1640 per-

227 1650 405 1692 miscere
453 1651 669 1693 Graeciam
716 1651 849 1691 dictus
896 1655 1019 1691 esset.
1077 1651 1196 1690 Dicat
1233 1648 1360 1703 igitur
1397 1650 1529 1690 Attice
1570 1649 1884 1690 venustissimus
1929 1649 1998 1690 ille

229 1715 409 1769 scriptor
429 1726 476 1754 ac
496 1712 766 1768 politissimus
787 1711 948 1767 Lysias,
968 1736 1022 1742 —
1036 1713 1129 1767 quis
1151 1712 1262 1753 enim
1283 1713 1325 1752 id
1351 1713 1483 1765 possit
1502 1713 1861 1765 negare?—dum
1882 1713 2001 1753 intel-

226 1775 402 1830 ligamus
431 1778 513 1817 hoc
542 1788 633 1817 esse
663 1776 844 1816 Atticum
875 1775 919 1815 in
948 1776 1095 1831 Lysia,
1127 1787 1212 1816 non
1242 1773 1354 1830 quod
1385 1775 1521 1815 tenuis
1551 1773 1602 1814 sit
1622 1778 1745 1829 atque
1765 1773 1997 1823 inornatus,

228 1842 301 1882 sed
331 1839 445 1896 quod
474 1840 579 1880 nihil
608 1837 759 1880 habeat
787 1837 972 1880 insolens
1003 1843 1073 1879 aut
1101 1837 1304 1893 ineptum.
1367 1837 1522 1878 Ornate
1553 1850 1654 1878 vero
1687 1842 1727 1878 et
1757 1838 1939 1890 graviter
1961 1842 2002 1878 et

177 1915 213 1940 2⁵
228 1904 398 1957 copiose
430 1904 571 1945 dicere
603 1906 674 1943 aut
702 1902 934 1943 Atticorum
966 1903 1037 1950 sit,
1069 1906 1141 1942 aut
1161 1914 1213 1941 ne
1235 1901 1287 1941 sit
1307 1899 1531 1942 Aeschines
1561 1914 1665 1941 neve
1698 1901 2000 1941 Demosthenes

227 1965 401 2007 Atticus.
464 1967 530 2007 30.
561 1967 669 2006 Ecce
701 1969 840 2005 autem
871 1963 996 2018 aliqui
1028 1977 1072 2005 se
1103 1963 1382 2017 Thucydidios
1415 1976 1506 2003 esse
1535 1961 1810 2017 profitentur,
1844 1975 1999 2004 novum

228 2030 438 2083 quoddam
468 2026 764 2082 imperitorum
795 2032 837 2067 et
866 2026 1098 2068 inauditum
1130 2040 1275 2080 genus.
1337 2027 1441 2066 Nam
1473 2026 1543 2080 qui
1564 2026 1727 2081 Lysiam
1752 2030 1997 2079 sequuntur,

228 2089 483 2131 causidicum
516 2092 725 2145 quendam
756 2094 1011 2144 sequuntur,
1048 2102 1134 2129 non
1164 2089 1282 2129 illum
1313 2086 1481 2142 quidem
1512 2087 1692 2142 amplum
1723 2093 1846 2143 atque
1880 2101 2001 2141 gran-

229 2153 342 2201 dem,
390 2151 585 2195 subtilem
626 2159 666 2194 et
708 2154 940 2207 elegantem
980 2157 1119 2192 tamen
1159 2156 1201 2192 et
1241 2152 1312 2206 qui
1348 2152 1391 2191 in
1428 2149 1666 2191 forensibus
1704 2151 1837 2190 causis
1868 2148 2000 2202 possit

179 2216 439 2270 aopraeclare
486 2218 729 2257 consistere.
792 2213 1054 2269 Thucydides
1093 2219 1231 2255 autem
1270 2227 1339 2254 res
1381 2217 1515 2267 gestas
1557 2219 1596 2254 et
1635 2212 1743 2253 bella
1780 2219 1922 2253 narrat
1960 2217 2002 2253 et

227 2278 390 2334 proelia
429 2280 613 2333 graviter
655 2292 754 2320 saue
795 2283 835 2319 et
873 2279 1027 2332 probe,
1074 2276 1148 2318 sed
1191 2278 1294 2317 nihil
1333 2278 1385 2317 ab
1428 2290 1477 2317 eo
1521 2275 1738 2318 transferri
1779 2282 1917 2330 potest
1947 2277 2000 2317 ad

227 2340 441 2382 forensem
479 2355 600 2382 usum
639 2346 680 2382 et
715 2339 943 2396 publicum.
1001 2341 1120 2393 Ipsae
1164 2339 1258 2380 illae
1299 2340 1515 2380 contiones
1556 2340 1614 2380 ita
1654 2340 1808 2380 multas
1847 2340 2002 2380 habent

231 2406 430 2445 obscuras
469 2404 712 2457 abditasque
751 2404 1001 2450 sententias,
1046 2402 1117 2443 vix
1155 2407 1201 2442 ut
1237 2400 1546 2455 intelligantur;
1600 2403 1713 2456 quod
1743 2407 1804 2442 est
1835 2402 1877 2441 in
1908 2415 2003 2442 ora-

230 2469 345 2508 tione
386 2465 496 2508 civili
534 2467 681 2507 vitium
720 2467 787 2507 vel
828 2466 1069 2506 maximum.
1128 2467 1194 2505 31.
1245 2465 1359 2513 Quae
1400 2470 1464 2505 est
1501 2469 1640 2505 autem
1679 2465 1721 2505 in
1760 2462 2000 2505 hominibus

181 2540 215 2566 ³⁵
235 2534 343 2571 tanta
371 2529 650 2584 perversitas,
690 2533 736 2569 ut
767 2527 943 2569 inventis
974 2526 1165 2581 frugibus
1197 2526 1344 2581 glande
1376 2530 1621 2568 vescantur?
1670 2528 1734 2567 An
1764 2526 1895 2568 victus
1925 2528 2003 2567 ho-

231 2594 390 2633 minum
426 2590 741 2632 Atheniensium
780 2589 985 2632 beneficio
1024 2590 1161 2630 excoli
1199 2591 1360 2643 potuit,
1405 2590 1539 2631 oratio
1569 2604 1655 2630 non
1686 2590 1846 2644 potuit?
1898 2589 2001 2638 Quis

232 2668 360 2710 porro
413 2668 598 2709 unquam
649 2655 906 2694 Graecorum
955 2655 1172 2694 rhetorum
1230 2667 1254 2693 a
1297 2652 1537 2707 Thucydide
1581 2651 1805 2707 quidquam
1852 2651 1998 2693 duxit?

238 2719 313 2759 «At
350 2717 539 2758 laudatus
584 2722 646 2757 est
682 2715 733 2757 ab
775 2715 1007 2756 omnibus.»
1098 2717 1274 2756 Fateor:
1323 2714 1395 2755 sed
1432 2716 1487 2755 ita
1524 2721 1570 2756 ut
1598 2727 1739 2755 rerum
1769 2713 2002 2768 explicator

233 2782 437 2836 prudens,
470 2793 662 2827 severus,
695 2778 855 2832 gravis3
888 2792 972 2819 non
1002 2783 1046 2818 ut
1076 2779 1118 2819 in
1155 2777 1318 2818 iudiciis
1351 2782 1537 2819 versaret
1573 2790 1737 2824 causas,
1770 2778 1843 2817 sed
1879 2781 1923 2817 ut
1958 2777 2001 2816 in

184 2852 221 2877 ¹00
236 2843 419 2885 historiis
442 2842 549 2883 bella
571 2847 780 2883 narraret:
803 2861 860 2871 —
880 2842 1020 2896 itaque
1042 2853 1253 2896 nunquam
1275 2845 1337 2881 est
1358 2844 1598 2880 numeratus
1622 2844 1786 2889 orat0r3
1837 2841 1902 2881 32.
1925 2851 2002 2879 nec

236 2919 352 2954 vero,
375 2906 409 2947 si
429 2904 646 2947 historiam
667 2917 750 2946 non
772 2903 1026 2958 scripsisset,
1058 2916 1211 2944 nomen
1229 2902 1317 2945 eius
1341 2907 1610 2943 exstaret—z
1644 2916 1735 2942 cum
1756 2901 2000 2956 praesertim

332 3013 365 3043 1.
392 3011 556 3043 Attamen
581 3011 652 3041 Vit.
679 3010 803 3047 Mon.‚
830 3009 873 3040 R.
903 3007 960 3049 (Ut
985 3018 1047 3040 nos
1064 3033 1072 3047 ,
1102 3006 1216 3048 Eins.)
1239 3025 1276 3031 —
1305 3009 1338 3039 2.
1365 3009 1457 3039 dura
1483 3007 1560 3038 libri
1589 3012 1623 3039 et
1648 3009 1690 3039 R.
1720 3006 1938 3047 (Correctum
1966 3007 2000 3037 in

239 3058 326 3089 Ven.
348 3060 475 3103 pr.)·-
503 3058 537 3089 8.
567 3056 735 3089 Graeciae
760 3058 798 3088 in
822 3057 884 3088 hoc
909 3057 948 3087 in
973 3065 1061 3087 eum.
1089 3055 1154 3087 huc
1179 3064 1226 3086 an
1254 3055 1330 3086 libri
1358 3060 1391 3088 et
1416 3055 1458 3086 R.
1488 3055 1738 3094 supplevimus
1767 3054 1941 3085 derectum
1961 3062 2001 3084 ex

239 3105 423 3136 Ambrosio
450 3107 483 3136 in
511 3105 641 3136 Lucam
667 3103 714 3135 ΙΙ.
741 3103 774 3133 2.
804 3112 837 3142 p.
867 3103 970 3134 1296.
1010 3103 1125 3135 Ben.:
1172 3100 1364 3139 Graeciae,
1409 3102 1469 3133 hoc
1495 3111 1541 3133 cm
1566 3102 1654 3133 illud
1679 3101 1819 3133 verbum
1845 3100 1999 3135 dixerit,-

240 3152 305 3181 huc
330 3160 376 3181 an
404 3160 481 3183 cuin
507 3151 673 3183 Strebaeo
701 3150 741 3181 E.
786 3167 823 3173 —
868 3150 925 3180 12.
952 3150 1076 3189 pocius
1103 3149 1180 3189 quis
1208 3149 1275 3179 Vit.
1306 3149 1401 3179 Eins.
1439 3149 1498 3180 Dr.
1520 3170 1529 3182 ,
1575 3147 1641 3179 Gu.
1671 3149 1702 3179 1.
1731 3149 1789 3183 2.,
1826 3147 1879 3178 R:
1924 3146 2001 3185 quis

236 3197 356 3237 potius
380 3198 419 3228 E.
461 3214 500 3221 —-
545 3199 601 3230 20.
625 3197 808 3239 fulgurare
835 3195 1027 3228 Cratander
1045 3219 1054 3233 ,
1093 3195 1188 3226 Man.
1217 3195 1337 3226 Lainb.
1365 3198 1440 3226 sine
1467 3195 1573 3226 dubio
1608 3204 1646 3226 ex
1673 3193 1820 3234 Quintil.
1855 3193 1901 3229 2,
1943 3192 1999 3229 16,

241 3243 322 3280 19.,
350 3243 408 3274 ubi
435 3249 550 3276 tamen
576 3253 670 3276 nunc
695 3245 875 3282 Zumptius
902 3245 985 3276 item
1020 3242 1152 3283 sulqere
1172 3241 1293 3274 edidit.
1316 3259 1354 3264 —
1382 3242 1439 3272 22.
1466 3242 1630 3281 possitid
1648 3242 1690 3273 R.
1713 3257 1751 3263 —
1779 3239 1836 3271 29.
1861 3246 1924 3269 nec
1941 3240 2002 3278 qui

242 3290 320 3322 libri
341 3293 374 3320 et
392 3290 434 3327 R,
462 3291 494 3321 id
523 3292 616 3330 quod
642 3292 839 3330 requireret
863 3298 934 3321 non
956 3290 1080 3329 possit.
1108 3289 1153 3320 Ut
1171 3298 1232 3320 nos
1248 3313 1256 3326 ‚
1285 3289 1406 3320 Aldus.
1444 3306 1482 3312 —
1511 3288 1567 3320 30.
1588 3292 1705 3319 autern
1722 3296 1790 3319 om.
1812 3286 1851 3316 R.
1873 3301 1913 3306 —-
1941 3285 1997 3318 39.

241 3339 362 3376 'itaque
376 3354 387 3360 —
405 3352 417 3357 -
435 3335 598 3377 eaestaret]
618 3338 756 3368 Baitero
771 3341 912 3369 auctore
932 3337 987 3368 hic
1002 3336 1225 3376 parenthesin
1245 3337 1362 3367 statui.
1385 3353 1422 3358 —
1442 3335 1498 3368 41.
1521 3335 1593 3366 eius
1610 3343 1680 3365 non
1699 3332 1998 3367 exstaretLamb..

245 3383 395 3418 Goeller.
424 3382 493 3417 Ct'r.
513 3383 606 3418 Bake
624 3386 660 3417 in
679 3384 769 3417 Bibl.
786 3386 860 3417 crit.
875 3392 964 3419 nova
983 3384 1025 3418 V.
1041 3384 1069 3416 Ι.
1087 3391 1120 3424 p.
1142 3382 1222 3416 179.
1243 3383 1402 3416 Baiterus
1422 3383 1602 3416 Onomast.
1618 3379 1710 3413 Tull.
1730 3379 1794 3412 111.
1814 3387 1850 3419 p.
1871 3378 1951 3412 116.
