2117 3762
744 274 843 314 LIB.
875 273 926 314 ΙΙ.
986 273 1029 315 C.
1063 275 1130 315 32.
1165 275 1232 315 33.
1783 280 1859 320 153

110 386 180 425 aut
209 381 250 423 ni
282 384 339 423 sic
369 381 551 428 fecisset,
582 378 845 435 praecaveri;
877 385 918 420 et
953 379 1261 422 definitionibus
1291 378 1507 422 ostendere
1541 395 1623 422 non
1655 380 1758 423 hanc
1791 383 1865 425 im-

109 446 372 499 prudentiam
405 451 475 485 aut
509 456 647 484 casum
692 447 761 482 aut
807 443 1150 485 necessitudinem
1196 443 1268 485 sed
1310 445 1514 491 inertiam,
1560 444 1862 498 negligentiam,

109 507 335 548 fatuitatem
364 506 566 548 nominari
603 510 813 559 oportere.
879 508 969 546 100.
1014 509 1070 546 Ac
1101 509 1132 546 si
1165 520 1244 561 qua
1276 506 1538 548 necessitudo
1572 506 1862 560 turpitudinem

109 569 318 611 videbitur
359 571 532 614 habere,
594 566 805 621 oportebit
858 581 932 622 per
982 569 1170 609 locorum
1219 568 1498 610 communium
1544 569 1863 622 implicationem

110 634 429 686 redarguentem
465 630 751 672 demonstrare
785 630 946 685 quidvis
982 630 1161 685 perpeti,
1211 632 1318 672 mori
1356 631 1533 687 denique
1571 631 1697 672 satius
1741 632 1866 674 fuisse
1901 645 1915 672 ⁵

110 708 232 750 quam
267 692 470 735 eiusmodi
503 692 797 733 necessitudini
832 691 1134 748 obtemperare.
1193 696 1324 747 Atque
1356 699 1439 734 tum
1474 707 1525 734 ex
1559 693 1608 735 iis
1647 694 1767 742 locis,
1815 697 1865 736 de

110 757 260 812 quibus
289 758 331 796 in
362 756 557 809 negotiali
588 761 704 808 parte
737 755 891 796 dictum
923 761 1010 803 est,
1061 754 1160 795 iuris
1201 761 1242 795 et
1271 757 1487 810 aequitatis
1518 761 1704 798 naturam
1738 771 1865 811 opor-

110 820 215 861 tebit
245 831 448 874 quaerere
480 823 521 858 ct
551 818 666 873 quasi
699 819 737 857 in
770 816 956 858 absoluta
987 816 1207 858 iuridiciali
1239 830 1311 872 per
1341 831 1384 857 se
1413 820 1489 858 hoc
1513 818 1645 873 ipsum
1667 822 1719 860 ab
1742 822 1866 862 rebus

109 879 302 924 omnibus
341 881 564 932 separatim
609 882 888 921 considerare.
951 882 1085 933 Atque
1122 881 1202 919 hoc
1244 881 1283 919 in
1315 879 1429 928 loco,
1480 880 1513 921 si
1559 880 1731 923 facultas
1762 884 1862 932 erit,

109 942 309 996 exemplis
348 943 408 982 uti
450 944 683 997 oportebit,
735 941 885 995 quibus
925 941 966 982 in
1008 941 1130 983 simili
1161 941 1426 982 excusatione
1458 957 1539 983 non
1570 945 1622 984 sit
1652 945 1917 997 ignotum31o

109 1012 150 1048 et
177 1004 459 1052 contentione,
493 1005 622 1058 magis
654 1005 732 1046 illis
763 1003 1062 1056 ignoscendum
1092 1003 1242 1053 suisse;
1276 1010 1316 1045 et
1337 1003 1645 1047 deliberationis
1667 1008 1866 1061 partibus,

106 1078 228 1124 turpe
257 1074 328 1110 aut
357 1067 501 1108 inutile
534 1081 625 1108 esse
657 1069 830 1108 concedi
863 1081 953 1108 eam
986 1080 1098 1114 rem,
1150 1081 1256 1122 quae
1294 1066 1345 1107 al)
1376 1067 1612 1108 adversario
1645 1071 1863 1111 commissa

107 1133 183 1181 sit3
233 1143 503 1186 permagnum
547 1144 636 1171 esse
679 1136 720 1171 et
750 1144 899 1184 magno
931 1128 1115 1170 futurum
1147 1128 1420 1177 detrimento,
1473 1131 1506 1170 si
1538 1144 1586 1170 ea
1616 1145 1681 1172 res
1712 1134 1762 1173 ab
1793 1132 1864 1180 iis,

107 1196 178 1251 qui
209 1199 454 1250 potestatem
487 1192 640 1233 habent
671 1191 930 1239 vindicandi,
962 1193 1148 1245 neglecta
1180 1192 1245 1232 sit.
1307 1194 1500 1232 XXXIII.
1538 1194 1630 1234 101.
1663 1194 1867 1237 Defensor

107 1262 244 1298 autem
289 1255 499 1297 conversis
546 1255 738 1296 omnibus
779 1255 842 1297 his
882 1256 1067 1310 partibus
1107 1256 1260 1310 poterit
1297 1256 1372 1296 uti.
1432 1256 1609 1296 Maxime
1649 1262 1784 1299 autem
1824 1260 1914 1299 in1⁵

107 1320 318 1361 voluntate
349 1317 610 1359 defendenda
641 1319 967 1359 commorabitur
997 1322 1038 1358 et
1068 1318 1108 1357 in
1141 1331 1189 1358 ea
1222 1331 1267 1358 re
1298 1316 1562 1371 adaugenda,
1597 1333 1702 1373 quae
1723 1320 1867 1362 volun-

107 1383 179 1423 tati
208 1380 337 1422 suerit
364 1380 683 1434 impediment03
728 1386 769 1422 et
798 1394 841 1421 se
870 1382 989 1435 plus,
1023 1393 1147 1434 quam
1177 1379 1344 1427 fecerit,
1375 1379 1511 1421 facere
1542 1394 1626 1421 non
1656 1384 1863 1435 potuissc;

108 1449 150 1486 et
178 1444 220 1484 in
250 1444 443 1484 omnibus
475 1445 600 1484 rebus
630 1444 886 1484 voluntatem
926 1443 1104 1495 spectari
1145 1447 1367 1495 oportere;
1420 1447 1459 1482 ct
1491 1456 1533 1483 se
1564 1445 1752 1485 convinci
1783 1460 1866 1486 non

106 1520 255 1561 posse,
290 1507 402 1561 quod
433 1507 540 1546 absit
569 1519 592 1547 a
622 1505 766 1558 culpa;
809 1519 882 1546 suo
915 1505 1083 1546 nomine
1114 1518 1378 1546 communem
1408 1505 1624 1546 hominum
1653 1505 1867 1548 infirmita-

107 1577 190 1611 tem
219 1582 342 1624 posse
373 1570 574 1610 damnari.
652 1568 813 1610 Deinde
843 1568 946 1609 nihil
976 1582 1067 1609 esse
1099 1567 1308 1622 indignius
1339 1581 1462 1622 quam
1494 1581 1608 1615 eum,
1641 1569 1710 1624 qui
1748 1572 1917 1623 culpa20

107 1637 264 1679 careat,
297 1631 499 1684 supplicio
520 1645 603 1672 non
626 1644 784 1674 carere.
843 1631 942 1671 Loci
965 1636 1101 1672 autem
1123 1643 1386 1679 communes,
1420 1633 1693 1681 accusatoris,
1730 1631 1864 1687 [unus]

106 1695 149 1735 in
187 1695 508 1741 confessionem,
561 1699 602 1735 et
645 1691 806 1748 [alter‚]
854 1698 1004 1749 quanta
1048 1698 1228 1748 potestas
1270 1692 1467 1748 peccandi
1506 1693 1786 1749 relinquatur,
1833 1695 1866 1736 si

107 1758 237 1798 semel
279 1758 509 1798 institutum
548 1756 621 1802 sit,
671 1761 716 1796 ut
756 1769 841 1797 non
879 1757 930 1796 de
960 1757 1068 1797 sacto
1118 1755 1192 1797 sed
1232 1757 1283 1796 de
1319 1754 1414 1797 sacti
1458 1770 1581 1797 causa
1618 1764 1862 1812 quaeratur:

109 1819 204 1859 102.
249 1819 500 1866 defensoris,
554 1819 798 1872 conquestio
824 1818 1080 1860 >calamitatis
1120 1820 1227 1864 eius,
1278 1832 1383 1872 quae
1423 1832 1506 1859 non
1547 1821 1666 1875 culpa
1714 1823 1786 1861 sed
1824 1819 1863 1862 vi

106 1883 266 1922 maiore
297 1882 473 1935 quadam
505 1881 723 1929 acciderit,
771 1885 811 1921 et
841 1883 891 1921 de
922 1880 1114 1922 fortunae
1145 1886 1349 1934 potestate
1380 1887 1420 1922 et
1449 1882 1665 1922 hominum
1696 1881 1867 1923 infirmi·
1880 1890 1914 1915 2⁵

106 1948 190 1985 tate
222 1948 278 1992 et,
310 1944 371 1983 uti
401 1958 522 1985 suum
554 1943 761 1991 animum,
794 1958 880 1983 non
916 1948 1109 1984 eventum
1146 1944 1424 1985 considerent.
1481 1946 1527 1985 In
1557 1946 1706 1998 quibus
1736 1945 1868 1986 omni-

106 2008 184 2048 bus
231 2007 572 2062 conquestionem
617 2019 785 2046 suarum
826 2019 1120 2047 aerumnarum
1160 2010 1201 2046 et
1238 2007 1493 2047 crudelitatis
1533 2007 1866 2048 adversariorum

106 2069 434 2123 indignationem
473 2068 609 2110 inesse
651 2070 875 2121 oportebit.
934 2072 991 2110 Ac
1020 2068 1229 2109 neminem
1264 2070 1405 2109 mirari
1445 2069 1687 2117 conveniet,
1733 2071 1766 2110 si
1797 2076 1867 2110 aut

107 2133 150 2173 in
188 2132 252 2173 his
293 2136 361 2172 aut
401 2132 444 2172 in
481 2131 574 2172 aliis
619 2131 819 2186 exemplis
861 2133 1005 2185 scripti
1050 2145 1216 2187 quoque
1262 2133 1587 2173 controversiam
1633 2133 1865 2173 adiunctam

106 2194 280 2236 videbit.
343 2194 435 2243 Quo
467 2193 519 2235 de
549 2206 703 2248 genere
733 2199 827 2249 post
856 2196 935 2236 erit
964 2196 1085 2235 nobis
1110 2195 1328 2249 separatim
1360 2193 1604 2241 dicendum,
1647 2200 1864 2249 propterea
1881 2212 1915 2237 30

109 2258 222 2311 quod
265 2258 469 2311 quaedam
509 2269 664 2310 genera
708 2270 923 2298 causarum
963 2257 1207 2310 simpliciter
1251 2270 1302 2298 ex
1341 2271 1415 2297 sua
1452 2258 1492 2297 vi
1531 2257 1865 2306 considerantur;

109 2321 313 2374 quaedam
355 2324 492 2360 autem
534 2320 613 2360 sibi
657 2318 768 2360 aliud
809 2321 1005 2375 quodque
1044 2320 1211 2376 aliquod
1249 2320 1558 2360 controversiae
1596 2333 1724 2373 genus
1754 2333 1866 2360 assu-

107 2386 239 2423 munt.
303 2383 396 2423 103.
432 2382 570 2431 Quare
602 2383 797 2423 omnibus
829 2384 1029 2437 cognitis,
1077 2396 1161 2424 non
1192 2383 1269 2424 erit
1299 2380 1465 2423 difficile
1495 2382 1537 2423 in
1568 2395 1693 2422 unam
1723 2395 1866 2436 quam-

108 2459 189 2499 que
220 2457 383 2485 causam
414 2443 660 2493 transferre,
694 2446 806 2500 quod
837 2458 891 2486 ex
922 2459 973 2486 eo
1004 2459 1171 2501 quoque
1203 2458 1354 2500 genere
1386 2445 1627 2495 conveniet3
1659 2450 1704 2486 ut
1733 2445 1773 2485 in
1802 2445 1865 2486 his

108 2507 308 2563 exemplis
349 2507 629 2549 concessionis
669 2508 778 2548 inest
817 2508 1009 2550 omnibus
1048 2509 1189 2562 scripti
1230 2507 1515 2549 controversia
1552 2520 1622 2556 ea,
1674 2520 1778 2562 quae
1815 2519 1864 2546 ex
1879 2521 1913 2548 35

109 2571 262 2626 scripto
295 2576 335 2612 et
364 2571 570 2612 sententia
599 2571 860 2621 nominatum
906 2572 1004 2619 sed,
1051 2570 1148 2627 quia
1187 2571 1237 2611 de
1268 2571 1535 2611 concessione
1566 2568 1862 2624 loquebamur,

203 2713 236 2743 1.
272 2712 311 2743 ni
335 2712 384 2743 sic
409 2711 508 2743 Leid.
537 2711 584 2742 11.
613 2711 822 2743 Scbiitzius:
862 2712 931 2743 nisi
956 2710 985 2743 A
1011 2715 1045 2743 et
1072 2720 1124 2750 pr.
1152 2711 1200 2748 P,
1226 2720 1267 2743 ne
1291 2711 1339 2742 sic
1367 2711 1392 2742 E
1421 2719 1497 2742 cum
1524 2710 1553 2741 R
1580 2713 1613 2741 et
1639 2717 1726 2740 corr.
1755 2707 1791 2738 P.
1826 2723 1859 2728 —

109 2757 144 2790 6.
171 2758 214 2789 iis
239 2758 318 2790 Ald.
345 2759 398 2790 La
426 2759 478 2790 his
504 2758 605 2790 ΡΑΕ.
634 2756 718 2798 (om.
750 2756 811 2797 R.)
840 2776 876 2781 —
921 2759 977 2790 11.
1004 2758 1264 2791 deliberationis
1289 2758 1369 2796 ΡΑ,
1402 2757 1539 2789 Scbol.:
1582 2764 1624 2786 ex
1648 2754 1864 2786 deliberatio-

108 2805 163 2835 m‘s
188 2805 261 2836 RE.
304 2804 386 2843 (Sed
414 2814 465 2836 vv.
494 2813 642 2844 quoque
669 2805 754 2837 haec
782 2805 936 2843 pendent
961 2814 999 2837 ex
1027 2814 1058 2835 v.
1086 2805 1168 2842 uti.)
1204 2820 1243 2826 —
1289 2805 1345 2835 13.
1379 2811 1607 2845 permaqnam
1630 2817 1643 2823 -
1667 2817 1680 2824 -
1706 2800 1865 2839 suturam

110 2850 180 2882 ΡΑ.
208 2867 250 2873 -
278 2850 332 2882 ¹9.
361 2852 452 2892 quod
478 2853 567 2884 absit
592 2852 672 2882 PA:
700 2852 790 2892 quod
813 2861 885 2883 non
911 2852 1002 2884 absit
1027 2852 1100 2882 RE.
1135 2851 1253 2890 (Quod
1276 2851 1387 2884 absit,
1418 2856 1484 2882 cet.
1513 2850 1545 2880 id
1575 2852 1646 2885 est,
1676 2849 1862 2887 «quonlam

111 2897 199 2930 liber
235 2899 279 2928 stt.
319 2898 361 2930 ab
395 2901 486 2930 omni
526 2900 664 2937 culpa.»
731 2898 799 2931 Sed
839 2899 921 2930 Ern.
958 2897 1114 2938 vulgatae
1143 2901 1401 2937 perversitatem
1429 2897 1646 2936 aliquatenus
1673 2895 1860 2932 odoratus,

111 2945 237 2976 omisso
263 2951 299 2974 se
324 2945 483 2977 volebat:
512 2950 544 2976 et
567 2946 726 2978 convinci
750 2955 822 2977 non
842 2954 966 2984 posse,
1010 2953 1063 2976 vv.
1091 2946 1183 2986 quod
1206 2954 1278 2976 non
1301 2944 1390 2975 absit
1416 2943 1608 2982 explicans:
1638 2950 1728 2973 «non
1764 2950 1863 2981 posse

111 2992 341 3023 demonstrari
369 2992 502 3024 idoneis
529 2994 740 3034 argumentis
757 3001 793 3024 se
812 3001 829 3024 a
850 2993 950 3031 culpa
978 3000 1046 3023 non
1073 3001 1231 3024 vacare.»
1259 2992 1384 3030 Utique
1411 2998 1473 3028 per
1490 2989 1571 3019 mibi
1591 2989 1716 3020 mirum
1737 2991 1864 3021 accidit

110 3039 303 3078 negationis
341 3040 562 3070 omissionem
598 3039 641 3070 ab
675 3038 840 3071 Oudend.
892 3041 924 3070 in
959 3047 1100 3070 suorum
1139 3039 1233 3069 nullo
1271 3045 1345 3070 esse
1382 3036 1667 3067 animadversam.
1712 3034 1795 3075 On.)
1823 3052 1862 3058 —

109 3085 237 3124 culpa5
261 3092 321 3115 suo
348 3086 374 3115 Α
392 3109 401 3124 ,
429 3093 482 3124 pr.
508 3084 558 3123 P,
587 3094 637 3124 pr.
667 3085 808 3117 Scbol.:
836 3087 940 3125 culpa
965 3094 1007 3116 eae
1031 3094 1092 3116 suo
1117 3092 1205 3116 corr.
1233 3084 1281 3122 P,
1320 3082 1422 3122 culpa
1446 3091 1509 3113 sua
1535 3090 1577 3112 em
1602 3082 1652 3119 R,
1679 3081 1806 3120 culpa,·
1833 3086 1865 3115 et

109 3140 153 3164 ex
177 3139 238 3162 suo
264 3130 304 3161 E.
343 3147 387 3153 —
427 3131 484 3161 20.
525 3140 624 3171 posse
657 3139 735 3163 cum
771 3133 871 3165 Leid.
900 3134 946 3163 11.
986 3140 1055 3162 om.
1084 3131 1278 3163 Schiitzius.
1307 3129 1479 3166 (Tuentur
1505 3127 1594 3160 PAR
1620 3132 1654 3161 et
1679 3129 1787 3160 mutio
1813 3135 1864 3161 est

111 3175 301 3218 acerbius.)
327 3194 367 3200 —
410 3186 477 3209 esse
500 3178 676 3220 indignius
702 3178 814 3210 PAR:
845 3179 1022 3221 indiynius
1049 3186 1115 3209 esse
1141 3179 1179 3210 E.
1216 3193 1256 3199 —
1293 3176 1349 3207 21.
1377 3183 1467 3206 unus
1491 3183 1560 3206 om.
1588 3174 1645 3206 ΡΑ
1672 3183 1862 3215 omnesque

112 3224 206 3257 Oud.
234 3224 303 3257 Nos
328 3224 548 3256 seclusimus.
577 3241 618 3247 —
658 3224 715 3256 22.
742 3226 987 3266 consessionem
1011 3224 1066 3255 ΡΑ
1094 3233 1133 3256 ac
1159 3224 1316 3263 plerique
1343 3221 1461 3253 Oud.:
1498 3222 1706 3264 consessione
1733 3222 1757 3253 E
1784 3231 1862 3254 cum

111 3271 142 3303 R
169 3275 204 3303 et
227 3271 327 3304 Leid.
355 3271 400 3301 ΙΙ.
429 3287 470 3293 -
498 3271 589 3302 alter
615 3278 684 3302 om·
711 3272 739 3303 Α
768 3276 802 3305 et
828 3281 879 3312 pr.
908 3272 933 3303 P
958 3279 1150 3310 omnesque
1179 3270 1270 3301 Oud.
1298 3269 1369 3300 Nos
1394 3268 1611 3301 seclusimus.
1634 3285 1671 3291 —
1701 3268 1758 3300 2¹4.
1785 3277 1863 3300 con-

112 3318 245 3359 questio
270 3322 319 3352 εει
343 3317 556 3351 calamitatis
581 3317 684 3350 PAR.
719 3335 757 3343 —
799 3319 856 3351 31.
883 3318 1084 3360 simpliciter
1108 3325 1150 3349 ex
1174 3316 1232 3348 ΡΛ
1257 3320 1292 3349 et
1315 3316 1436 3357 optimi
1463 3314 1581 3349 Oud.:
1607 3315 1805 3356 simpliciter
1830 3317 1863 3347 et

112 3373 155 3397 ea:
178 3364 250 3398 RE.
