2117 3762
783 285 825 325 C.
857 286 922 326 89.
954 286 1020 326 90.
1053 286 1118 326 91.
1723 287 1802 326 397

51 395 198 436 iterum
240 392 466 448 Philippus.
528 393 579 432 At
613 403 714 431 vero
757 405 834 444 ego
878 392 954 431 hoc
997 398 1182 445 tempore
1223 388 1333 430 omni
1374 393 1516 430 noctes
1557 393 1597 429 ct
1635 387 1721 429 dies
1766 390 1804 430 in

51 456 233 497 omnium
268 455 551 497 doctrinarum
582 452 848 494 meditatione
873 455 1084 494 versabar.
1147 455 1239 494 309.
1272 455 1392 493 Eram
1422 466 1514 492 cum
1545 450 1682 492 Stoico
1711 453 1807 491 Dio-

50 517 174 566 doto;
208 519 276 573 qui
305 531 397 558 cum
429 517 695 558 habitavisset
725 518 831 570 apud
855 531 918 556 me
951 529 1197 568 mecumque
1225 514 1420 562 vixisset,
1454 526 1586 568 nuper
1614 518 1675 553 est
1696 511 1808 552 domi

50 593 166 621 meae
196 586 397 621 mortuus.
458 581 491 619 A
510 592 592 633 quo
610 592 701 618 cum
729 578 768 618 in
796 578 884 619 aliis
908 577 1053 625 rebus,
1089 584 1172 617 tum
1199 576 1499 617 studiosissime
1528 576 1567 615 in
1597 573 1808 615 dialectica

52 645 307 691 exercebam
341 655 444 696 quac
474 640 590 697 quasi
619 647 825 681 contracta
858 649 897 683 et
917 640 1113 681 adstricta
1142 638 1374 694 eloquentia
1397 636 1575 693 putanda
1604 643 1688 686 est;
1721 636 1839 676 sines

52 719 131 759 qua
163 706 286 746 etiam
319 710 385 753 tu,
417 707 565 751 Brute,
600 703 832 744 iudicavisti
866 711 904 744 te
935 703 1045 744 illam
1074 702 1222 743 iustam
1246 700 1547 756 eloquentiam,
1581 712 1702 754 quam
1725 697 1811 738 dia-

53 767 240 809 lecticam
276 765 483 807 dilatatam
517 778 606 806 esse
643 771 812 819 putant,
863 766 1062 818 consequi
1098 778 1180 804 non
1213 776 1348 817 posse.
1409 761 1513 803 lluic
1546 776 1624 815 ego
1651 759 1812 803 doctori

54 836 95 871 et
125 832 213 872 eius
239 827 393 870 artibus
421 827 544 868 variis
576 834 695 882 atque
726 827 863 868 multis
897 827 953 867 ita
984 840 1096 867 eram
1128 831 1263 866 tamen
1290 823 1475 872 deditus,
1507 830 1551 864 ut
1576 826 1627 865 ab
1654 823 1813 865 exerci-

54 891 280 934 tationibus
305 889 500 932 oratoriis
527 890 662 931 nullus
683 889 770 931 dies
789 904 941 931 vacuus
962 894 1085 930 esset.
1147 889 1243 928 310.
1279 885 1597 928 Commentabar
1619 885 1813 928 declami-

54 961 142 996 tans
163 978 217 986 —
242 955 300 995 sic
321 953 430 993 enim
454 967 560 994 nunc
583 955 809 1007 loquuntur
828 975 882 983 —
912 965 1034 1007 saepe
1056 964 1148 992 cum
1170 952 1222 991 Μ.
1244 950 1392 990 Pisone
1424 954 1464 989 et
1493 963 1585 990 cum
1617 949 1668 998 Q.
1693 951 1863 990 Pom-20

55 1018 148 1071 peio
179 1022 250 1059 aut
278 1028 372 1057 cum
403 1014 540 1070 aliquo
573 1014 781 1070 quotidie;
816 1013 939 1069 idque
962 1013 1163 1054 faciebam
1186 1010 1357 1052 multum
1389 1011 1511 1052 etiam
1542 1012 1708 1059 Latine,
1740 1009 1814 1052 sed

57 1082 215 1122 Graece
255 1077 444 1132 saepius,
496 1076 562 1118 vel
604 1076 716 1131 quod
758 1079 916 1117 Graeca
955 1075 1089 1116 oratio
1128 1073 1247 1128 plura
1275 1079 1517 1114 ornamenta
1548 1073 1814 1129 suppeditans

54 1138 393 1183 consuetudinem
438 1138 625 1180 similiter
666 1140 809 1180 Latine
852 1138 1017 1180 dicendi
1057 1135 1276 1183 afferebat,
1327 1137 1394 1176 vel
1434 1137 1545 1191 quod
1582 1150 1604 1177 a
1646 1135 1815 1178 Graecis

54 1204 225 1245 summis
261 1203 529 1249 doctoribus,
577 1201 655 1242 nisi
694 1202 849 1241 Graece
888 1200 1089 1247 dicerem,
1130 1212 1266 1254 neque
1298 1197 1453 1252 corrigi
1484 1212 1649 1253 possem
1680 1212 1815 1254 neque

56 1267 215 1308 doceri.
278 1266 374 1306 311.
423 1263 639 1304 Tumultus
672 1264 838 1304 interim
876 1276 952 1318 pro
989 1260 1276 1317 recuperanda
1308 1274 1353 1302 re
1382 1258 1543 1315 publica
1573 1266 1614 1301 et
1638 1262 1864 1303 crudelis¹⁵

55 1329 244 1370 interitus
274 1333 487 1369 oratorum
520 1327 668 1374 trium,
703 1324 952 1374 Scaevolae,
987 1323 1211 1372 Carbonis,
1246 1323 1428 1373 Antistii;
1467 1322 1622 1364 reditus
1655 1325 1814 1371 Cottae,

58 1389 273 1437 Curionis,
307 1390 465 1436 Crassi,
495 1388 791 1437 Lentulorum,
815 1387 1024 1441 Pompeii;
1057 1386 1170 1441 leges
1192 1391 1232 1427 et
1252 1385 1405 1426 iudicia
1426 1385 1669 1436 constituta;
1699 1400 1817 1428 recu-

56 1458 201 1508 perata
231 1465 299 1492 res
320 1450 511 1504 publica3
544 1464 597 1492 ex
619 1465 794 1491 numero
817 1457 954 1492 autem
989 1456 1201 1491 oratorum
1239 1448 1514 1502 Pomponius,
1549 1448 1814 1496 Censorinus,

57 1517 229 1556 Murena
249 1513 413 1555 sublati.
474 1515 579 1553 Tum
607 1514 786 1566 primum
815 1527 892 1553 nos
920 1514 971 1553 ad
998 1525 1142 1553 causas
1167 1516 1208 1552 et
1232 1510 1410 1565 privatas
1435 1515 1475 1551 et
1500 1508 1684 1565 publicas
1704 1510 1818 1553 adire

59 1575 298 1630 coepimus,
342 1589 425 1616 non
453 1581 497 1615 ut
527 1576 569 1615 in
600 1575 693 1616 foro
720 1576 993 1621 disceremus,
1035 1575 1148 1629 quod
1177 1572 1365 1628 plerique
1396 1570 1609 1622 fecerunt,
1642 1572 1715 1614 sed
1745 1579 1815 1622 ut,
1834 1588 1869 1612 πο

60 1645 259 1695 quantum
286 1652 362 1680 nos
390 1637 555 1679 efficere
580 1639 882 1692 potuissemus,
921 1638 1031 1679 docti
1058 1638 1100 1678 in
1127 1635 1266 1677 forum
1301 1635 1553 1677 veniremus.
1615 1638 1708 1678 312.
1739 1639 1821 1677 Eo-

61 1705 155 1744 dem
188 1708 374 1757 tempore
403 1701 559 1743 Moloni
589 1703 778 1743 dedimus
810 1713 1005 1754 operam3
1046 1699 1247 1741 dictatore
1280 1697 1389 1739 enim
1427 1698 1538 1739 Sulla
1568 1697 1725 1752 legatus
1768 1701 1819 1740 ad

61 1771 248 1806 senatum
289 1766 340 1805 de
379 1765 634 1804 Rhodiorum
672 1762 870 1818 praemiis
909 1766 1092 1803 venerat.
1153 1762 1296 1815 Itaque
1334 1759 1465 1815 prima
1503 1774 1624 1802 causa
1657 1760 1822 1815 publica

60 1842 137 1884 pro
164 1831 259 1870 Sex.
287 1827 436 1868 Roscio
464 1826 572 1867 dicta
605 1832 761 1866 tantum
794 1822 1163 1866 commendationis
1191 1823 1356 1871 babuit,
1401 1829 1446 1864 ut
1478 1837 1559 1865 non
1585 1823 1668 1865 ulla
1697 1828 1819 1871 esset,

62 1904 166 1945 quae
191 1903 275 1930 non
300 1888 423 1942 digna
447 1894 591 1929 nostro
616 1888 843 1943 patrocinio
873 1885 1102 1928 videretur.
1162 1887 1367 1939 Deinceps
1390 1885 1486 1927 inde
1517 1887 1688 1936 multae,
1719 1900 1821 1942 quas
1836 1899 1871 1924 25

62 1966 138 1994 nos
175 1951 397 2006 diligenter
427 1950 658 1992 elaboratas
689 1957 729 1991 et
760 1955 970 2003 tamquam
1001 1950 1262 1990 elucubratas
1293 1947 1581 1990 afferebamus.

174 2016 282 2056 XCI.
316 2015 412 2055 313.
445 2015 585 2062 Nunc,
620 2012 817 2067 quoniam
843 2017 974 2053 totum
1005 2026 1071 2052 me
1103 2024 1187 2053 non
1218 2024 1351 2053 naevo
1383 2010 1522 2066 aliquo
1552 2016 1622 2052 aut
1651 2024 1826 2067 crepun-

64 2077 166 2127 diis,
213 2075 285 2119 sed
327 2089 506 2130 corpore
546 2077 659 2116 omni
690 2075 846 2117 videris
876 2073 984 2116 velle
1014 2087 1296 2127 cognoscere,
1346 2075 1600 2127 complectar
1628 2072 1825 2115 nonnulla

65 2140 214 2189 etiam,
263 2151 368 2194 quae
404 2137 579 2180 fortasse
618 2137 838 2180 videantur
878 2139 1013 2178 minus
1049 2135 1299 2177 necessaria.
1358 2138 1458 2177 Erat
1487 2149 1538 2178 eo
1568 2141 1755 2192 tempore
1784 2137 1827 2177 in

65 2201 186 2245 nobis
215 2214 374 2242 summa
405 2200 612 2255 gracilitas
643 2206 684 2242 et
714 2198 930 2240 infirmitas
958 2198 1173 2253 corporis,
1205 2212 1424 2254 procerum
1447 2203 1488 2240 et
1507 2203 1632 2240 tenue
1653 2198 1877 2249 collum330

67 2266 138 2321 qui
167 2262 334 2305 habitus
365 2268 406 2304 et
435 2276 541 2318 quae
579 2262 713 2317 figura
753 2275 836 2304 non
876 2261 1023 2317 procul
1051 2263 1197 2303 abesse
1227 2265 1397 2315 putatur
1427 2275 1449 2302 a
1478 2263 1588 2304 vitae
1617 2260 1825 2316 periculo,

68 2328 102 2369 si
143 2324 301 2368 accedit
342 2323 460 2366 labor
500 2330 541 2366 et
578 2326 753 2366 laterum
793 2337 944 2377 magna
983 2325 1207 2366 contentio.
1264 2326 1410 2380 quue
1448 2325 1578 2378 magis
1615 2326 1694 2366 hoc
1733 2337 1826 2373 eos,

69 2387 219 2446 quibus
264 2400 379 2428 eram
419 2401 562 2436 carus,
613 2388 927 2435 commovebat,
973 2388 1086 2442 quod
1122 2388 1262 2428 omnia
1300 2386 1388 2429 sine
1423 2386 1694 2436 remissione,
1742 2385 1830 2428 sinc

69 2453 292 2499 varietate,
325 2449 367 2491 vi
396 2463 557 2491 summa
587 2449 701 2492 vocis
732 2454 773 2490 et
801 2450 927 2491 totius
957 2450 1146 2504 corporis
1177 2449 1442 2491 contentione
1472 2451 1674 2491 dicebam.
1732 2451 1827 2491 314.

69 2516 214 2570 Itaque
244 2525 337 2554 cum
368 2527 435 2553 me
466 2518 507 2554 et
536 2512 658 2554 amici
687 2517 729 2553 et
757 2512 908 2552 medici
937 2513 1223 2560 hortarentur,
1254 2517 1300 2554 ut
1330 2526 1475 2555 causas
1505 2526 1630 2566 agere
1662 2511 1831 2552 desiste·
1844 2521 1880 2548 ³⁵

71 2591 190 2626 rem,
224 2573 401 2630 quodvis
433 2574 570 2630 potius
601 2573 833 2629 periculum
865 2572 967 2614 mihi
998 2573 1233 2615 adeundum
1265 2588 1390 2630 quam
1419 2589 1443 2615 a
1471 2580 1633 2628 sperata
1668 2575 1831 2614 dicendi

73 2641 205 2696 gloria
245 2635 542 2680 discedendum
582 2638 738 2691 putavi.
801 2635 881 2678 Sed
919 2650 1012 2676 cum
1051 2649 1266 2678 censerem
1298 2638 1542 2679 remissione
1573 2642 1614 2678 et
1643 2635 1833 2678 modera-

74 2704 187 2746 tione
224 2700 340 2744 vocis
376 2705 416 2741 et
453 2707 703 2742 commutato
735 2712 888 2753 genere
920 2698 1086 2740 dicendi
1116 2712 1182 2740 me
1213 2704 1255 2740 et
1282 2699 1515 2754 periculum
1545 2698 1676 2741 vitare
1707 2711 1832 2752 posse

77 2772 117 2808 et
145 2761 412 2820 temperatius
442 2762 605 2812 dicere,
639 2768 687 2804 ut
714 2760 1053 2803 consuetudinem
1082 2760 1244 2802 dicendi
1265 2767 1488 2809 mutarem,
1520 2775 1569 2803 ea
1591 2774 1712 2802 causa
1732 2760 1833 2801 mihi

76 2830 120 2870 in
163 2826 303 2868 Asiam
345 2824 636 2879 proficiscendi
678 2823 769 2866 suit.
831 2825 974 2878 Itaque
1013 2837 1107 2865 cum
1145 2837 1278 2865 essem
1315 2823 1528 2866 biennium
1566 2829 1753 2865 versatus
1790 2824 1884 2864 in40

79 2890 211 2932 causis
250 2893 292 2930 et
329 2885 410 2929 iam
451 2889 494 2931 in
523 2887 617 2930 foro
649 2886 904 2929 celebratum
936 2899 1074 2927 meum
1103 2899 1257 2928 nomen
1288 2892 1414 2934 esset,
1460 2888 1588 2926 Roma
1619 2899 1708 2926 sum
1738 2898 1837 2941 pro-

79 2949 225 2996 fectus.
285 2954 379 2995 315.
412 2955 512 2995 Cum
533 2951 738 2993 venissem
767 2947 971 2996 Athenas,
1005 2961 1079 2990 sex
1108 2961 1272 2989 menses
1303 2962 1396 2990 cum
1425 2947 1652 2995 Antiocho,
1682 2949 1837 2990 veteris

80 3014 326 3059 Academiae
354 3015 616 3057 nobilissimo
648 3018 689 3055 et
717 3010 1041 3068 prudentissimo
1071 3010 1345 3067 philosopho,
1377 3009 1438 3051 sui
1458 3010 1720 3065 studiumque
1745 3009 1838 3065 phi-

83 3110 1834 3128 -——————-——————-—————-——¹

174 3181 210 3214 7.
251 3188 320 3213 esse
354 3178 542 3211 dilatatam
567 3177 608 3210 D.
649 3177 715 3210 Gu.
743 3177 777 3209 1.
802 3176 835 3208 2.
873 3174 998 3208 Dresd.
1026 3182 1113 3206 corr.
1154 3174 1213 3216 Lg.
1249 3173 1306 3206 39.
1343 3177 1378 3207 et
1401 3174 1446 3205 R.
1484 3189 1522 3196 —
1565 3174 1621 3207 10.
1661 3173 1839 3215 loquimur

85 3225 128 3261 l).
155 3229 221 3262 Gu.
247 3228 281 3259 1.
317 3243 355 3251 -
395 3226 451 3258 15.
475 3234 542 3266 pro
568 3226 734 3256 omittunt
759 3223 835 3255 libri
863 3227 897 3255 et
922 3223 962 3253 tt.
989 3221 1108 3253 Malim
1132 3222 1182 3253 ιή.
1211 3220 1278 3253 On.
1319 3236 1360 3242 —
1400 3220 1457 3252 25.
1492 3229 1581 3261 quas
1605 3229 1669 3253 nos
1695 3222 1839 3262 diligen-

87 3281 135 3308 ter
158 3276 234 3308 libri
255 3278 289 3306 et
305 3273 358 3305 R:
387 3280 474 3313 quas
497 3280 569 3303 non
586 3271 767 3312 diliyenter
783 3270 870 3302 Ven.
891 3269 994 3306 Non,
1021 3276 1108 3309 quas
1124 3276 1194 3299 non
1209 3270 1323 3299 minus
1349 3266 1532 3309 diliqemer
1550 3275 1590 3300 ex
1608 3267 1691 3300 falsu
1713 3269 1838 3302 erroris

87 3323 303 3355 correctione
330 3328 408 3352 cum
427 3318 506 3350 Asc.
527 3318 562 3350 1.
589 3325 629 3349 ac
654 3326 755 3357 seqq.
776 3317 817 3348 E.
835 3330 880 3338 —
904 3315 961 3347 26.
990 3318 1018 3346 ec
1038 3311 1231 3356 tamquam]
1258 3316 1362 3346 etiam
1389 3322 1495 3354 quam
1513 3312 1590 3346 libri
1618 3318 1749 3347 tantum
1768 3322 1838 3346 non

91 3377 229 3403 omnes.
280 3366 511 3401 Emendatum
537 3366 572 3396 in
595 3364 656 3405 Lg.
683 3363 717 3396 8.
745 3362 804 3396 35.
829 3362 886 3396 51.
915 3366 949 3395 et
973 3363 1007 3394 in
1024 3360 1067 3393 Β.
1088 3376 1128 3384 -
1156 3360 1212 3395 3-2.
1239 3360 1381 3394 accedat
1405 3360 1463 3402 Lg.
1485 3360 1543 3394 20.
1571 3365 1605 3395 et
1630 3370 1696 3402 mg.
1716 3360 1837 3394 Lamb.
