2117 3762
271 250 324 290 72
940 242 1008 283 AD
1042 242 1354 283 HERENNIUM

271 359 358 396 toto
381 366 490 407 pars.
552 353 611 392 De
642 354 756 404 parte
787 352 919 389 totum
951 347 1008 388 sic
1039 349 1311 401 intelligitur:
1345 350 1437 388 Non
1468 348 1562 388 illae
1594 350 1634 387 te
1665 346 1868 400 nuptiales
1897 350 2022 390 tibiae

273 418 360 458 eius
392 414 644 456 matrimonii
676 412 1028 453 commonebant?
1078 411 1180 449 Nam
1219 411 1283 450 hic
1322 411 1454 450 omnis
1486 410 1760 450 sanctimonia
1789 412 2022 464 nuptiarum

271 494 354 521 uno
386 480 503 532 signo
535 477 729 516 tibiarum
760 473 1017 526 intelligitur.
1078 474 1138 512 De
1169 477 1256 513 toto
1286 486 1409 526 pars:
1444 478 1488 512 ut
1518 471 1550 512 si
1582 473 1675 526 quis
1707 470 1768 520 ei,
1802 474 1870 527 qui
1901 476 2024 515 vesti-

272 549 358 583 tum
390 547 460 582 aut
490 544 679 580 ornatum
709 541 995 590 sumptuosum
1027 538 1228 582 ostentet,
1274 536 1406 583 dicat,
1440 536 1629 576 Ostentas
1662 535 1761 574 mihi
1793 536 1953 576 divitias
1984 542 2025 578 et

223 620 238 645 5
272 603 500 656 locupletes
546 601 685 652 copias
730 598 869 638 iactas.
943 597 1010 637 45.
1058 598 1120 637 Ab
1156 610 1240 637 uno
1280 599 1398 650 plura
1434 599 1514 638 hoc
1553 599 1678 638 modo
1709 597 2020 651 intelliguntur:

272 669 413 707 Poeno
444 666 522 705 fuit
553 663 757 716 Hispanus
796 659 981 706 auxilio,
1028 658 1104 699 suit
1143 660 1332 700 immanis
1372 662 1440 701 ille
1471 662 1794 714 Transalpinus;
1838 662 1879 701 in
1910 662 2026 702 Italia

273 742 437 783 quoque
469 738 676 766 nonnemo
709 723 838 763 sensit
866 723 975 763 idem
1006 727 1184 776 togatus.
1246 724 1276 762 A
1299 722 1485 776 pluribus
1508 738 1636 765 unum
1666 723 1722 764 sic
1751 724 2021 776 intelligitur:

272 794 401 831 Atrox
448 788 655 829 calamitas
708 790 877 840 pectora
922 799 1110 825 maerore
1156 786 1371 839 pulsabat;
1419 786 1556 839 itaque
1603 786 1797 827 anhelans
1842 800 1893 826 ex
1933 784 2025 826 imis

273 853 538 906 pulmonibus
585 863 682 903 prae
721 862 820 889 cura
860 849 1027 901 spiritus
1070 849 1308 887 ducebatur.
1369 850 1468 887 Nam
1500 847 1542 888 in
1574 849 1856 901 superioribus
1886 849 2026 902 plures

222 932 257 956 10
274 914 443 966 Hispani
476 917 516 952 et
549 911 653 952 Galli
687 918 725 952 et
754 912 910 964 togati,
949 911 1014 950 hie
1044 924 1170 950 unum
1204 914 1348 961 pectus
1381 914 1421 949 et
1449 925 1556 950 unus
1585 912 1726 965 pulmo
1759 910 2023 963 intelligitur3

273 983 312 1018 et
342 977 419 1016 erit
449 973 531 1015 illic
561 975 797 1015 deminutus
828 988 1024 1014 numerus
1054 972 1305 1019 festivitatis,
1339 972 1405 1011 hic
1436 971 1632 1013 adauctus
1654 975 1862 1026 gravitatis
1885 974 2025 1027 gratia.

382 1037 541 1078 Abusio
573 1042 655 1084 est,
708 1050 813 1091 quae
854 1037 982 1075 verbo
1025 1035 1147 1075 simili
1188 1040 1228 1074 et
1269 1035 1503 1089 propinquo
1534 1048 1609 1088 pro
1643 1042 1754 1075 certo
1787 1042 1826 1075 et
1854 1035 2025 1090 proprio

272 1100 483 1148 abutitur,
527 1101 608 1140 hoc
639 1101 794 1140 modo:
846 1098 962 1140 Vires
993 1097 1172 1138 hominis
1203 1098 1351 1136 breves
1392 1101 1512 1142 sunt,
1556 1102 1645 1137 aut:
1692 1111 1816 1149 parva
1857 1104 2024 1147 statura,

273 1169 368 1205 aut:
415 1162 583 1217 longum
614 1163 656 1202 in
687 1163 853 1202 homine
886 1162 1103 1201 consilium
1124 1191 1134 1207 ,
1178 1165 1270 1200 aut:
1317 1160 1447 1199 oratio
1480 1173 1648 1211 magna,
1682 1166 1770 1199 aut:
1803 1161 1863 1200 uti
1894 1174 2027 1215 pauco

221 1241 256 1266 15
273 1239 477 1268 sermone.
539 1228 641 1266 Nam
673 1226 740 1265 hic
770 1223 889 1265 facile
921 1230 982 1264 est
1012 1223 1222 1263 intellectu
1253 1220 1421 1262 finitima
1454 1221 1578 1263 verba
1610 1235 1746 1262 rerum
1768 1222 2027 1265 dissimilium

272 1291 431 1332 ratione
463 1287 675 1329 abusionis
707 1301 796 1329 esse
828 1289 1027 1328 traducta.

384 1353 574 1393 XXXIV.
623 1349 854 1391 Translatio
895 1355 978 1395 est,
1026 1361 1117 1389 cum
1156 1345 1327 1388 verbum
1360 1348 1400 1387 in
1434 1349 1637 1401 quandam
1669 1362 1756 1388 rem
1787 1348 2030 1391 transfertur

274 1430 324 1457 ex
355 1415 435 1456 alia
466 1430 532 1459 re,
580 1413 688 1467 quod
721 1418 890 1468 propter
920 1410 1229 1452 similitudinem
1261 1416 1373 1451 reete
1404 1410 1613 1451 videbitur
1644 1424 1765 1464 posse
1796 1412 2025 1452 transferri.

273 1480 331 1519 Ea
360 1478 516 1518 utimur
546 1479 607 1517 rei
638 1483 730 1517 ante
762 1476 904 1516 oculos
935 1473 1150 1529 ponendae
1191 1486 1337 1522 causa,
1386 1473 1470 1514 sic:
1523 1473 1598 1513 Hic
1638 1474 1793 1515 Italiam
1833 1474 2030 1515 tumultus

224 1553 258 1578 20
275 1541 554 1596 expergefecit
584 1546 745 1580 terrore
776 1538 924 1579 subito.
984 1536 1201 1578 Brevitatis
1224 1550 1364 1582 eausa,
1397 1536 1476 1576 sic:
1511 1538 1668 1577 Recens
1691 1539 1890 1578 adventus
1912 1552 2030 1578 exer-

275 1603 378 1644 citus
402 1602 598 1643 exstinxit
628 1600 762 1642 subito
789 1600 1010 1640 civitatem.
1075 1597 1377 1640 Obscoenitatis
1399 1598 1587 1639 vitandae
1610 1612 1755 1646 causa,
1789 1599 1871 1639 sic:
1907 1599 2030 1640 Cuius

274 1672 407 1709 mater
438 1663 686 1720 quotidianis
709 1663 861 1718 nuptiis
884 1663 1124 1703 delectatur.
1182 1660 1369 1714 Augendi
1394 1673 1512 1701 causa
1531 1693 1540 1708 ,
1573 1661 1651 1701 sie:
1686 1661 1846 1702 Nullius
1867 1675 2032 1702 maeror

275 1735 315 1769 et
355 1727 562 1769 calamitas
602 1726 717 1767 istius
757 1725 921 1780 explere
961 1723 1194 1765 inimicitias
1227 1731 1265 1764 et
1296 1722 1494 1763 nefariam
1527 1723 1811 1764 crudelitatem
1843 1730 2030 1765 saturare

274 1794 422 1847 potuit.
483 1789 695 1830 Minuendi
727 1802 871 1835 causa,
920 1789 998 1828 sic:
1047 1788 1196 1840 Magno
1229 1800 1271 1827 se
1303 1787 1510 1840 praedicat
1548 1786 1702 1827 auxilio
1745 1785 1892 1832 fuisse,
1937 1786 2033 1841 quia

225 1866 259 1891 25
274 1855 505 1907 paullulum
536 1853 578 1893 in
609 1851 734 1893 rebus
766 1850 1019 1892 difficillimis
1042 1849 1246 1904 aspiravit.
1307 1849 1488 1890 Ornandi
1509 1862 1651 1897 causa,
1683 1849 1768 1890 sic:
1802 1848 2032 1900 Aliquando

274 1916 334 1957 rei
360 1915 546 1971 publicae
582 1915 792 1961 rationes,
827 1927 932 1968 quae
964 1913 1117 1953 malitia
1148 1912 1383 1953 nocentium
1403 1918 1665 1958 exaruerunt,
1696 1912 1845 1952 virtute
1864 1911 2034 1967 optima-

275 1980 376 2020 tium
400 1980 665 2020 revirescent.
727 1976 1055 2025 Translationem
1086 1977 1309 2029 pudentem
1341 1974 1480 2014 dicunt
1511 1988 1600 2015 esse
1622 1980 1840 2029 oportere,
1874 1981 1919 2016 ut
1939 1988 2031 2015 cum

275 2043 436 2083 ratione
473 2043 515 2082 in
557 2039 814 2081 consimilem
854 2052 940 2080 rem
979 2042 1180 2085 transeat,
1230 2050 1281 2077 ne
1318 2036 1406 2077 sine
1438 2036 1598 2077 delectu
1630 2043 1785 2077 temere
1815 2043 1854 2077 et
1885 2036 2033 2090 cupide

275 2105 467 2146 videatur
496 2104 538 2145 in
569 2103 807 2144 dissimilem
839 2102 1146 2143 transcurrisse.

227 2188 261 2213 30
389 2167 456 2207 46.
490 2167 741 2207 Permutatio
774 2171 836 2206 est
865 2164 996 2205 oratio
1029 2162 1141 2204 aliud
1171 2163 1331 2209 verbis,
1365 2160 1473 2202 aliud
1505 2161 1704 2202 sententia
1728 2163 2029 2204 demonstrans.

275 2232 333 2272 Ea
364 2229 560 2270 dividitur
599 2230 639 2268 in
680 2234 764 2268 tres
810 2233 973 2282 partes,
1022 2225 1357 2280 similitudinem,
1405 2231 1714 2278 argumentum,
1765 2227 2032 2267 contrarium.

276 2295 356 2334 Per
386 2291 697 2333 similitudinem
730 2290 931 2336 sumitur,
977 2303 1068 2330 cum
1100 2288 1387 2329 translationes
1418 2301 1496 2328 una
1528 2293 1598 2329 aut
1628 2288 1765 2343 plures
1797 2287 2035 2344 frequenter

275 2360 486 2411 ponuntur
527 2368 550 2395 a
590 2353 765 2409 simplici
808 2352 965 2393 ratione
1015 2354 1188 2399 ductae,
1239 2351 1320 2392 sic:
1372 2353 1472 2391 Nam
1513 2364 1603 2391 cum
1644 2364 1764 2391 canes
1808 2349 2035 2404 funguntur

277 2416 423 2459 officiis
463 2416 684 2472 luporum,
732 2415 894 2457 cuinam
935 2415 1143 2467 praesidio
1183 2428 1309 2470 pecua
1348 2413 1592 2455 credemus?
1640 2415 1718 2454 Per
1748 2418 2034 2466 argumentum

228 2499 262 2525 35
278 2485 500 2526 tractatur,
548 2493 640 2520 cum
672 2493 694 2519 a
725 2492 901 2534 persona
932 2484 1003 2519 aut
1033 2491 1055 2518 a
1086 2477 1177 2518 loco
1209 2483 1277 2517 aut
1307 2491 1329 2517 a
1358 2491 1403 2517 re
1436 2477 1570 2531 aliqua
1602 2476 1828 2517 similitudo
1859 2476 2032 2529 augendi

277 2548 347 2585 aut
376 2541 589 2585 minuendi
621 2556 741 2583 causa
772 2541 962 2590 ducitur;
1008 2546 1053 2582 ut
1090 2540 1121 2581 si
1160 2540 1249 2595 quis
1281 2543 1458 2581 Drusum
1491 2539 1718 2581 Gracchum
1750 2538 1925 2579 nitorem
1958 2541 2034 2579 ob·-

280 2606 455 2647 soletum
488 2604 606 2646 dicat.
667 2607 731 2646 Ex
762 2605 970 2645 contrario
1002 2603 1165 2644 ducitur
1195 2604 1279 2644 sic:
1311 2609 1355 2644 ut
1386 2604 1418 2643 si
1450 2602 1540 2658 quis
1572 2601 1780 2643 hominem
1812 2600 2033 2655 prodigum

371 2728 404 2758 5.
442 2727 548 2767 plura
588 2727 650 2757 hoc
685 2726 786 2756 modo
817 2725 1060 2765 intelliquntur
1086 2725 1292 2756 PABFRT:
1333 2725 1437 2763 plura
1474 2723 1740 2764 intelliguntur,
1779 2722 1840 2753 hoc
1864 2722 1964 2753 modo
1991 2722 2030 2753 E.

280 2773 453 2808 (Ceterum
481 2775 719 2813 intelleyentztr
744 2771 862 2809 PBR.)
892 2790 926 2795 —
956 2773 989 2803 7.
1017 2781 1189 2802 nonnemo
1211 2773 1314 2803 sensit
1340 2773 1426 2802 idem
1454 2775 1595 2810 loqutus
1621 2768 1795 2801 PABRT.
1828 2768 1895 2800 Erf.
1918 2793 1926 2804 ,
1954 2770 2031 2800 alti:

277 2830 347 2851 non
372 2821 475 2851 sensit
501 2821 589 2852 idem
613 2828 711 2851 nemo
739 2823 877 2860 toyatus
914 2819 960 2855 F,
998 2819 1086 2849 idem
1112 2829 1278 2849 nonnemo
1305 2823 1446 2857 royacus
1471 2819 1574 2848 sensit
1603 2817 1640 2847 E.
1678 2833 1720 2837 -
1758 2817 1968 2856 intelti9etur
1993 2816 2033 2853 P.

280 2876 347 2897 orn.
377 2867 477 2898 Voss.
506 2867 569 2898 ΙΙΙ.
588 2892 596 2906 ,
626 2867 692 2898 del.
723 2866 802 2897 Sch.
833 2883 870 2888 —
901 2866 932 2897 9.
961 2868 1136 2905 superiore
1163 2866 1321 2896 PAFRT.
1353 2881 1392 2887 -
1435 2866 1490 2896 11.
1518 2865 1712 2895 deminutus
1738 2863 1852 2893 PRT:
1887 2863 2035 2893 diminu-

281 2919 337 2943 tus
365 2914 492 2945 AnFE.
522 2931 562 2936 —
605 2913 660 2944 13.
687 2919 794 2953 prata
821 2911 896 2951 (sic)
926 2913 972 2949 F,
996 2922 1112 2952 prava
1139 2914 1274 2944 volebat
1294 2912 1372 2943 sch.
1393 2929 1430 2934 —
1459 2912 1513 2942 21.
1543 2912 1707 2941 arstmm't
1737 2910 1847 2941 subito
1861 2910 2036 2940 civitatem

280 2960 476 2991 PABFRT:
505 2962 616 2993 subito
644 2962 816 2992 civitatem
844 2961 1011 2991 erstinoeic
1039 2960 1077 2991 E.
1107 2977 1145 2981 —
1172 2960 1227 2991 ⁶23.
1257 2960 1494 2990 crudelitatem
1519 2964 1680 2988 saturare
1705 2956 1906 2988 PABFR'l':
1941 2961 2036 2986 salu-

280 3015 362 3036 rare
381 3008 618 3039 crudelitatem
639 3008 674 3039 E.
702 3023 734 3029 -
764 3008 819 3038 26.
838 3008 927 3038 vires
947 3007 1024 3042 ΒΤ,
1055 3016 1139 3036 corr.
1163 3007 1209 3041 A.
1241 3007 1309 3037 Ers.
1339 3006 1429 3036 Pith.
1462 3005 1556 3036 Leid-
1586 3004 1630 3034 ll.
1659 3003 1702 3034 Ut
1721 3012 1805 3041 nus,
1835 3003 1915 3034 PBF
1931 3009 1962 3033 et
1984 3012 2032 3039 pr.

281 3054 322 3084 Α.
351 3053 452 3092 (vires
475 3056 610 3085 videtur
628 3052 745 3094 gloss.)
777 3071 815 3077 —-
851 3055 1045 3084 nocentiam
1072 3053 1242 3084 PxBFT:
1284 3059 1467 3084 nocentum
1492 3052 1563 3082 RE.
1605 3067 1638 3072 -
1682 3056 1896 3081 exaruerant
1926 3049 2032 3087 PAF,

281 3100 487 3130 e.1·arueriut
509 3102 545 3130 n.
565 3119 600 3123 —
621 3102 677 3132 27.
699 3103 873 3132 reviruere
888 3101 942 3131 AF
958 3106 990 3132 et
1009 3101 1185 3138 (quattuor
1210 3101 1269 3131 ult.
1297 3101 1360 3130 litt.
1381 3102 1412 3130 in
1434 3095 1564 3137 rasura)
1584 3096 1620 3127 P.
1646 3114 1683 3118 —
1710 3098 1893 3136 pudentem
1918 3093 2036 3126 dicunt

281 3146 484 3177 PABFRT:
514 3147 632 3178 dicum
656 3148 842 3186 pudentem
869 3148 908 3178 E.
937 3165 972 3170 -
1003 3147 1059 3178 33.
1086 3148 1272 3187 fungentur
1299 3147 1363 3177 PF.
1395 3164 1433 3168 --
1462 3146 1517 3176 34.
1548 3144 1686 3176 cuinam
1713 3144 1826 3175 BRT:
1871 3144 2036 3183 quoniam

284 3201 335 3231 pr.
365 3192 416 3222 PF
443 3193 491 3230 (id
520 3198 571 3224 est
597 3195 796 3234 quomam),
826 3203 978 3234 quonam
1005 3202 1094 3224 corr.
1123 3193 1167 3230 P,
1198 3203 1364 3232 «quorum
1390 3194 1440 3224 vel
1469 3201 1537 3233 quo
1568 3191 1617 3221 vel
1645 3192 1718 3222 cut»
1748 3200 1812 3229 mg.
1841 3191 1865 3221 F
1885 3213 1892 3224 ‚
1921 3191 1974 3219 cui.
1995 3191 2032 3220 E.

285 3257 322 3262 ——
349 3242 520 3278 pecuaria
548 3240 602 3270 BT
621 3264 628 3276 ,
656 3242 680 3272 L
699 3265 706 3275 .
731 3243 892 3279 pecualia
917 3241 958 3272 R.
998 3257 1041 3262 -
1079 3240 1131 3271 35.
1164 3244 1226 3270 aut
1252 3241 1322 3271 loco
1348 3244 1407 3270 aut
1433 3249 1468 3270 re
1494 3237 1624 3270 P.xBT.
1667 3255 1704 3260 —
1745 3237 1800 3268 36.
1840 3235 2034 3267 Gracchum

283 3286 565 3317 Lindemannus:
611 3287 797 3319 Gracchum
836 3288 963 3320 Ceteri.
1033 3287 1259 3320 Conieceram
1302 3285 1547 3319 Gracchorum.
1578 3285 1643 3317 On.
1675 3300 1713 3306 —
1755 3285 1962 3315 numitorem
1990 3283 2030 3321 T,

282 3334 556 3375 numitoremqae
582 3333 608 3364 B
636 3340 669 3365 et
694 3342 780 3366 corr.
807 3335 849 3374 A,
879 3339 960 3368 item
987 3335 1107 3367 Lamb.
