2117 3762
766 270 863 309 LIB.
898 268 929 308 Ι.
991 269 1031 310 C.
1063 271 1128 312 51.
1160 271 1225 312 52.
1260 271 1325 311 53.
1799 279 1803 284 '
1834 277 1913 317 213

170 378 362 432 cognosci
395 383 435 418 et
465 377 619 432 percipi
651 376 793 430 possit.
856 377 1037 426 Quarum
1071 391 1207 416 rerum
1240 375 1371 417 fateor
1402 390 1589 430 magnam
1627 377 1916 431 multiplicem-

170 454 249 495 que
281 454 371 480 esse
403 439 657 494 disciplinam
690 443 728 478 et
764 437 910 479 multas
952 440 1138 492 copiosas
1180 441 1394 494 variasque
1435 441 1638 489 rationes;
1691 441 1761 481 sed
1805 442 1915 484 aliud

168 501 389 558 quiddam,
437 501 558 555 longe
589 499 720 545 aliud,
768 500 934 547 Crasse,
985 503 1235 556 quaerimus.
1297 505 1393 543 223.
1437 506 1567 547 Acuto
1597 505 1766 545 homine
1795 507 1915 545 nobis

168 578 272 619 opus
313 571 374 606 est
415 569 454 605 et
494 569 638 604 natura
668 576 827 616 usuque
859 563 1024 609 callido,
1071 565 1139 617 qui
1172 567 1371 618 sagaciter
1402 567 1678 620 pervestiget,
1724 568 1821 621 quid
1853 566 1914 607 sui

169 629 278 669 cives
309 629 421 682 iique
451 626 656 672 homines,
702 623 849 677 quibus
880 625 1031 681 aliquid
1064 627 1238 667 dicendo
1273 630 1522 682 persuadere
1555 628 1670 674 velit,
1712 630 1946 682 cogitent,⁵

168 692 363 737 sentiant,
397 689 640 743 opinentur,
675 694 934 741 exspectent;
976 690 1063 729 LII.
1097 695 1234 730 teneat
1265 696 1428 744 oportet
1459 704 1583 732 venas
1614 690 1813 745 cuiusque
1845 705 1915 745 ge-

167 752 297 799 neris,
330 751 495 797 aetatis,
537 747 693 790 ordinis
726 756 767 789 et
797 763 968 798 eorum,
1012 749 1121 804 apud
1153 765 1256 805 quos
1287 753 1441 807 aliquid
1473 759 1566 805 aget
1595 759 1666 794 aut
1697 753 1774 794 erit
1804 759 1915 794 actu-

165 829 255 861 rus,
278 820 434 855 mentes
451 825 678 865 sensusque
697 814 907 866 degustet·
942 815 1036 852 22¹4.
1063 812 1404 868 philosophorum
1428 822 1562 855 autem
1585 815 1712 857 libros
1734 821 1916 857 reservet

166 878 243 919 sibi
274 878 324 917 ad
355 873 638 916 huiuscemodi
671 876 890 915 Tusculani
922 874 1107 930 requiem
1139 881 1260 931 atque
1294 878 1445 923 otium,
1493 892 1568 925 ne,
1616 879 1648 919 si
1681 880 1845 934 quando
1876 879 1914 919 ei

165 937 382 982 dicendum
415 936 491 977 erit
523 938 573 976 de
604 938 756 977 iustitia
788 943 827 978 et
859 936 957 985 lide,
1005 946 1214 980 mutuetur
1245 954 1264 980 a
1297 940 1487 989 Platone;
1541 940 1634 994 qui,
1679 955 1770 981 cum
1813 943 1962 982 haecw

165 1001 433 1056 exprimenda
464 1001 603 1040 verbis
636 999 923 1047 arbitraretur,
975 1015 1122 1043 novam
1163 1005 1367 1057 quandam
1407 1004 1526 1044 finxit
1556 1005 1595 1043 in
1628 1004 1744 1044 libris
1775 1005 1915 1045 civita-

163 1071 267 1113 tem3
303 1077 434 1117 usque
466 1075 517 1103 eo
548 1062 635 1110 illa,
671 1076 774 1116 quae
807 1064 978 1104 dicenda
1009 1063 1059 1105 de
1091 1065 1244 1105 iustitia
1276 1067 1467 1118 putabat,
1502 1081 1524 1106 a
1557 1066 1662 1107 vitae
1694 1074 1915 1109 consuetu-

163 1128 258 1168 dine
290 1131 331 1167 et
361 1139 381 1165 a
414 1126 623 1165 civitatum
656 1127 840 1167 moribus
870 1126 1167 1167 abhorrebant.
1229 1130 1324 1168 225.
1371 1129 1528 1177 Quodsi
1559 1143 1605 1170 ea
1637 1129 1913 1182 probarentur

162 1191 203 1230 in
234 1187 396 1242 populis
418 1194 540 1243 atque
564 1189 602 1228 in
625 1188 879 1236 civitatibus,
914 1190 1005 1244 quis
1028 1191 1124 1238 tibi,
1160 1192 1322 1237 Crasse,
1356 1193 1648 1238 concessisset,
1681 1193 1910 1234 clarissimo

161 1252 252 1293 viro
283 1258 323 1293 et
353 1250 605 1305 amplissimo
639 1257 678 1291 et
707 1251 879 1306 principi
912 1251 1106 1298 civitatis,
1152 1259 1196 1293 ut
1236 1254 1304 1294 illa
1344 1255 1504 1295 diceres
1537 1257 1576 1295 in
1607 1255 1786 1296 maxima
1815 1264 1960 1297 con-1⁵

163 1315 274 1357 tione
318 1321 482 1355 tuorum
527 1313 703 1362 civium,
754 1328 857 1370 quae
907 1313 1073 1355 dixisti?
1133 1316 1372 1369 “Eripite
1418 1330 1507 1358 nos
1553 1332 1615 1358 ex
1659 1319 1910 1365 miseriis,

161 1379 360 1431 eripite
391 1390 450 1417 ex
481 1375 725 1417 faucibus
757 1389 958 1424 eorum,
1007 1391 1220 1433 quorum
1253 1379 1551 1420 crudelitas
1581 1386 1769 1421 nostro
1799 1395 1912 1422 san-

161 1440 315 1496 guine
355 1452 454 1480 non
494 1444 664 1491 potest
703 1440 926 1491 expleri;
976 1441 1141 1480 nolite
1178 1441 1354 1482 sinere
1396 1455 1488 1482 nos
1527 1443 1762 1497 cuiquam
1803 1457 1913 1484 ser-

159 1503 275 1545 vire
306 1501 405 1543 nisi
436 1499 590 1541 vobis
621 1501 914 1550 universis,
948 1502 1139 1557 quibus
1170 1509 1218 1544 et
1249 1517 1524 1556 possumus
1556 1506 1908 1556 etdebemus.„

161 1566 316 1608 Omitto
348 1565 617 1611 miserias,
662 1563 701 1604 in
736 1565 906 1618 quibus,
952 1573 995 1606 ut
1024 1566 1083 1607 illi
1116 1567 1246 1613 aiunt,
1279 1566 1342 1606 vir
1370 1565 1488 1607 fortis
1520 1580 1609 1608 esse
1640 1580 1722 1608 non
1753 1574 1959 1622 potest;2o

161 1628 306 1669 omitto
348 1625 551 1674 fauces,
600 1639 651 1667 ex
683 1627 833 1680 quibus
864 1633 902 1668 te
936 1628 1039 1683 eripi
1070 1630 1151 1675 vis,
1193 1644 1244 1670 ne
1277 1629 1431 1670 iudicio
1464 1629 1606 1685 iniquo
1638 1629 1910 1672 exsorbeatur

159 1689 324 1744 sanguis
354 1696 471 1737 tuus,
520 1688 630 1743 quod
662 1690 835 1744 sapienti
865 1698 1015 1744 negant
1044 1691 1230 1733 accidere
1261 1705 1405 1745 posse:
1453 1693 1665 1734 servire
1697 1706 1794 1734 vero
1826 1707 1908 1734 non

158 1754 283 1794 modo
316 1758 355 1793 te
385 1754 457 1793 sed
488 1753 725 1793 universum
757 1758 964 1800 senatum,
1011 1755 1125 1795 cuius
1165 1760 1249 1795 tum
1288 1767 1451 1795 causam
1492 1756 1664 1808 agebas,
1711 1769 1833 1796 ausus
1865 1770 1908 1796 es

159 1817 327 1857 dicere?
377 1816 471 1855 226.
503 1816 695 1855 Potestne
727 1816 875 1862 virtus,
920 1818 1085 1862 Crasse,
1127 1816 1283 1858 servire
1314 1817 1401 1857 istis
1432 1816 1694 1866 auctoribus,
1729 1832 1906 1874 quorum

157 1883 201 1918 tu
238 1883 460 1932 praecepta
506 1876 683 1917 oratoris
726 1875 917 1919 facultate
959 1879 1272 1934 complecteris?
1322 1893 1425 1935 quae
1465 1885 1504 1920 et
1541 1893 1705 1933 semper
1745 1887 1784 1922 et
1820 1882 1955 1922 solazs

155 1940 286 1982 libera
315 1945 377 1980 est
406 1953 621 1993 quaeque,
655 1940 813 1980 etiamsi
844 1954 1021 1994 corpora
1053 1947 1170 1994 capta
1202 1941 1284 1981 sint
1313 1943 1435 1982 armis
1467 1947 1536 1982 aut
1565 1944 1785 1984 constricta
1816 1945 1905 1983 vin-

156 2002 251 2049 clis,
315 2008 453 2043 tamen
499 2015 618 2042 suum
662 2002 726 2041 ius
784 2008 907 2057 atque
968 2005 1152 2045 omnium
1206 2019 1347 2046 rerum
1394 2005 1633 2059 impunitam
1675 2007 1904 2049 libertatem

156 2071 297 2106 tenere
327 2066 490 2106 debeat.
565 2064 682 2114 Quae
713 2077 810 2105 vero
843 2066 1060 2115 addidisti,
1094 2081 1178 2107 non
1209 2069 1332 2108 modo
1362 2074 1549 2110 senatum
1571 2071 1727 2110 servire
1757 2083 1906 2124 posse

154 2127 312 2184 populo
342 2129 416 2169 sed
446 2126 568 2168 etiarn
601 2126 807 2174 debere,
853 2129 944 2183 quis
975 2127 1053 2169 hoc
1084 2129 1360 2183 philosophus
1390 2137 1470 2172 tam
1503 2131 1662 2180 mollis,
1710 2138 1790 2173 tam
1823 2132 1907 2173 lan-

157 2192 328 2245 guidus,
376 2195 459 2230 tam
490 2196 732 2238 enervatus,
773 2195 853 2230 tam
886 2192 1023 2231 omnia
1054 2193 1104 2232 ad
1135 2191 1387 2245 voluptatem
1419 2194 1604 2249 corporis
1635 2194 1905 2249 doloremque
1919 2208 1954 2234 30

156 2251 342 2294 referens
371 2250 549 2307 probare
580 2258 738 2307 posset,
770 2259 957 2294 senatum
988 2255 1146 2295 servire
1176 2257 1356 2310 populo,
1388 2258 1453 2297 cui
1485 2258 1662 2311 populus
1701 2259 1788 2313 ipse.
1819 2270 1906 2298 mo-

157 2314 327 2357 derandi
357 2321 396 2356 et
425 2313 593 2368 regendi
635 2315 698 2356 sui
740 2320 986 2369 potestatem
1026 2318 1141 2372 quasi
1183 2320 1380 2373 quasdam
1422 2318 1602 2360 habenas
1646 2320 1905 2362 tradidisset?

155 2379 262 2419 L111.
293 2380 390 2418 227.
424 2379 566 2433 Itaque
596 2378 699 2418 haec
729 2391 820 2418 cum
853 2392 876 2418 a
906 2384 945 2419 te
975 2378 1170 2421 divinitus
1201 2394 1277 2435 ego
1311 2383 1418 2422 dieta
1448 2384 1694 2432 arbitrarer,
1727 2386 1770 2425 P.
1794 2383 1906 2423 Ruti-

154 2439 231 2483 lius
271 2440 426 2489 Rufus,
474 2442 600 2481 homo
643 2439 788 2481 doctus
829 2446 870 2481 et
907 2441 1198 2496 philosophiae
1239 2442 1420 2490 deditus,
1466 2459 1551 2485 non
1595 2449 1718 2487 modo
1760 2459 1901 2501 parum

155 2505 373 2544 commode
417 2502 488 2544 sed
529 2503 651 2544 etiam
693 2504 869 2556 turpiter
898 2509 937 2544 et
967 2503 1168 2558 flagitiose
1201 2504 1307 2546 dicta
1337 2520 1428 2547 esse
1468 2506 1642 2549 dicebat.
1706 2507 1900 2563 Idemque
1915 2519 1949 2546 ³⁵

155 2566 344 2606 Servium
376 2564 571 2614 Galbam,
613 2578 735 2620 quem
766 2566 979 2607 hominem
1009 2569 1140 2622 probe
1171 2568 1503 2610 commeminisse
1534 2584 1577 2611 se
1607 2571 1765 2618 aiebat,
1811 2583 1903 2623 per-

156 2629 334 2682 graviter
377 2628 684 2682 reprehendere
723 2629 907 2678 solebat,
960 2631 1072 2685 quod
1111 2631 1169 2678 is,
1218 2633 1261 2672 L.
1283 2629 1500 2673 Scribonio
1541 2633 1819 2688 quaestionem
1859 2631 1900 2672 in

155 2703 247 2731 eum
287 2690 468 2739 serente,
513 2690 657 2746 populi
700 2691 1026 2733 misericordiam
1064 2692 1332 2740 concitasset,
1379 2708 1470 2735 cum
1503 2697 1554 2735 M.
1586 2696 1702 2741 Cam,
1751 2693 1900 2735 Galbae

155 2752 290 2807 gravis
335 2759 457 2809 atque
501 2767 598 2795 acer
636 2753 846 2802 inimicus,
896 2769 1043 2809 aspere
1074 2757 1182 2811 apud
1214 2756 1411 2810 populum
1444 2759 1674 2798 Romanum
1706 2762 1746 2798 et
1776 2759 1899 2797 vehe-

155 2820 316 2856 menter
345 2821 452 2857 esset
481 2815 662 2867 locutus,
705 2831 827 2872 quam
858 2820 1088 2860 orationem
1119 2817 1159 2859 in
1191 2814 1429 2873 Originibus
1461 2821 1543 2860 suis
1574 2820 1765 2873 exposuit
1794 2818 1897 2872 ipse.
1913 2831 1949 2858 40

155 2878 250 2918 228.
290 2881 633 2932 Reprehendebat
669 2879 796 2933 igitur
833 2881 1004 2922 Galbam
1048 2880 1246 2930 Rutilius,
1295 2885 1404 2936 quod
1435 2882 1469 2922 is
1502 2882 1545 2922 C.
1572 2881 1737 2936 Sulpicii
1771 2881 1898 2930 Galli,

153 2941 377 2997 propinqui
397 2942 478 2989 sui,
511 2942 561 2992 Q.
586 2943 788 2998 pupillum
809 2941 938 2984 filium
960 2943 1049 2996 ipse
1078 2955 1209 2997 paene
1240 2945 1282 2984 in
1314 2946 1508 2985 humeros
1539 2957 1634 2984 suos
1666 2943 1897 2993 extulisset,

245 3075 280 3106 7.
308 3071 400 3114 aqet]
430 3075 503 3115 ayit
529 3075 638 3108 Codd.
659 3076 702 3108 al.
732 3077 829 3115 prob.
863 3077 1095 3117 Heusingero.
1118 3093 1158 3099 —
1186 3076 1220 3108 9.
1247 3075 1302 3117 ne]
1328 3086 1400 3114 nec,
1429 3082 1465 3107 ut
1491 3077 1586 3108 dedit
1611 3076 1820 3114 Schutzius,
1849 3083 1900 3110 est

155 3123 189 3153 in
215 3121 275 3162 Lg.
304 3120 360 3152 23.
388 3120 445 3152 67.
474 3136 517 3142 -
557 3124 612 3153 11.
649 3121 776 3163 verbis]
802 3124 940 3156 uberius
963 3124 1105 3155 Bakius.
1140 3140 1185 3144 -—
1227 3124 1281 3155 15.
1317 3127 1346 3155 ec
1367 3123 1521 3163 principi
1546 3123 1654 3155 Bakio
1679 3129 1821 3156 auctore
1847 3125 1896 3157 T:

150 3169 305 3210 principi
331 3175 406 3198 cum
433 3167 545 3198 Libris
570 3169 642 3200 RE.
675 3185 712 3191 —-
753 3171 880 3202 diceres
903 3171 967 3201 illa
992 3170 1033 3202 R.
1071 3187 1111 3192 —-
1149 3169 1204 3201 17.
1232 3171 1351 3208 eripite
1376 3179 1417 3201 ex
1440 3170 1599 3209 saucibus
1617 3170 1642 3201 B
1668 3171 1818 3211 aliique.
1846 3172 1895 3204 R:

155 3215 276 3254 eripite
300 3222 363 3245 nos
389 3222 431 3245 ex
454 3213 479 3253 s.
507 3214 546 3245 Ε.
570 3233 603 3238 -
635 3215 690 3247 19.
719 3221 751 3247 ει
776 3222 855 3248 ante
875 3224 1060 3256 possumus
1085 3225 1155 3247 om.
1185 3216 1224 3247 Β.
1246 3232 1286 3238 —
1313 3216 1369 3246 22.
1387 3223 1466 3246 vero
1491 3217 1580 3257 quod
1604 3226 1674 3248 non
1697 3234 1711 3240 -
1735 3234 1749 3240 -
1773 3218 1896 3254 dicere,

151 3265 310 3302 potestne
333 3261 473 3292 Bakius.
503 3277 542 3283 -
569 3259 624 3294 23.
655 3271 762 3294 causa
789 3264 830 3294 R.
858 3280 903 3285 —
943 3263 1000 3295 26.
1027 3264 1185 3294 instricta
1213 3263 1252 3294 B.
1283 3279 1318 3284 —
1362 3262 1484 3293 vinclis
1510 3262 1620 3295 Codd.
1647 3264 1690 3296 al.
1709 3286 1718 3301 ,
1744 3264 1796 3296 R:
1823 3266 1897 3296 vin-

156 3307 240 3339 culis
265 3307 336 3339 BE.
367 3323 402 3328 —
437 3306 493 3338 28.
520 3306 614 3338 debet
640 3307 834 3341 Schutzius.
864 3325 903 3331 -
945 3309 1001 3341 34.
1030 3310 1131 3340 modo
1157 3318 1226 3340 om.
1255 3309 1279 3339 B
1307 3312 1339 3339 et
1363 3308 1424 3349 Lg.
1453 3317 1591 3348 omnes,
1619 3314 1758 3342 tantum
1783 3310 1825 3341 R.
1855 3326 1894 3333 —

154 3354 210 3386 35.
238 3354 333 3386 Idem
361 3353 400 3393 Q.
426 3353 581 3387 Servium
606 3354 647 3386 R.
679 3371 716 3378 —
746 3355 801 3387 36.
824 3355 937 3396 probe
960 3364 1060 3388 nosse
1088 3360 1119 3388 et
1143 3356 1336 3388 meminisse
1360 3355 1402 3387 R.
1431 3371 1472 3379 —-
1498 3355 1556 3388 42.
1582 3357 1654 3397 ipse
1679 3366 1746 3390 om.
1773 3358 1816 3390 R.
