2117 3762
749 276 794 317 C·
828 276 895 316 53.
930 277 995 316 54.
1026 277 1093 317 55.
1125 277 1193 318 56.
1766 283 1845 324 375

97 380 264 440 quidem
296 381 473 421 auditori
504 381 670 436 probari
701 385 849 435 potest.
910 383 955 423 l't
987 384 1095 423 enim
1127 397 1179 424 ex
1209 395 1433 425 nervorum
1470 395 1574 424 sono
1603 382 1645 424 in
1676 382 1846 434 fidibus,

97 458 221 502 quam
252 446 429 485 scienter
458 444 496 484 ei
526 442 630 498 pulsi
661 442 768 490 sint,
802 444 974 495 intelligi
1005 447 1132 493 solet,
1180 447 1237 486 sic
1269 460 1320 486 ex
1350 446 1585 486 animorum
1616 451 1731 487 motu
1760 460 1850 488 cer-

96 509 223 555 nitur,
255 507 354 561 quid
386 504 608 546 tractandis
629 506 691 545 his
712 504 896 560 perficiat
917 514 1075 548 orator.
1137 510 1232 549 200.
1266 510 1410 563 ltaque
1431 507 1664 561 intelligens
1685 506 1849 550 dicendi

96 570 356 612 existimator
386 581 469 609 non
498 566 683 609 assidens
715 574 755 608 et
785 576 942 611 attente
973 569 1166 618 audiens,
1213 573 1283 612 sed
1315 585 1398 612 uno
1429 572 1628 625 adspectu
1659 577 1701 612 et
1731 584 1849 626 prae-

94 634 248 675 teriens
278 633 329 672 de
361 637 527 672 oratore
557 644 682 684 saepe
715 631 881 674 iudicat.
945 635 1066 677 Videt
1101 635 1345 675 oscitantem
1380 633 1583 680 iudicem,
1612 632 1878 689 loquentems

95 710 189 737 cum
210 696 363 742 altero,
397 707 694 747 nonnunquam
725 695 847 736 etiam
880 696 1171 743 circulantem‚
1205 697 1432 736 mittentem
1462 697 1513 736 ad
1544 697 1690 743 hortm,
1724 710 1851 750 quae-

93 762 293 805 sitorem,
339 760 383 796 ut
423 754 622 804 dimittat,
669 765 911 809 rogantem:
956 759 1149 812 intelligit
1187 765 1400 800 oratorem
1438 761 1479 800 in
1517 773 1567 800 ea
1605 772 1727 800 causa
1767 773 1850 800 non

93 822 258 868 adesse,
289 819 360 873 qui
390 819 521 870 possit
548 821 694 860 animis
725 823 906 862 indicum
939 823 1164 863 admovere
1195 823 1426 862 orationem
1459 828 1667 877 tamquam
1698 820 1849 864 fidibus

93 897 272 928 manum.
330 880 445 920 Idem
475 881 508 921 si
540 885 792 936 praeteriens
823 885 1062 937 adspexerit
1096 891 1276 931 erectos,
1323 884 1531 926 intuentes
1571 885 1755 934 iudices,
1804 890 1851 925 ut

93 955 164 990 aut
207 943 348 987 doceri
390 943 440 983 dc
476 957 522 984 re
560 947 685 1000 idqtie
727 948 849 987 etiam
890 949 1004 987 vultu
1044 946 1224 1000 probare
1262 946 1504 988 videantur:
1554 955 1624 989 aut
1654 954 1700 988 ut
1730 961 1899 990 avemw

93 1017 217 1053 cantu
258 1006 422 1059 aliquo,
469 1008 526 1048 sic
563 1008 654 1050 illos
693 1009 844 1050 viderit
885 1009 1073 1050 oratione
1104 1011 1222 1065 quasi
1252 1023 1474 1064 suspensos
1507 1012 1636 1051 teneri
1668 1015 1762 1058 aut,
1808 1009 1851 1051 id

92 1071 204 1128 quod
234 1068 411 1112 maxime
442 1086 546 1126 opus
578 1079 661 1120 est,
703 1073 1008 1120 misericordia,
1051 1075 1172 1122 odio,
1214 1079 1329 1113 motu
1360 1073 1487 1112 animi
1518 1072 1658 1127 aliquo
1688 1077 1852 1126 pertur-

89 1134 207 1176 batos
237 1149 329 1178 esse
359 1136 671 1177 vehementius:
723 1149 769 1176 ea
800 1136 833 1176 si
864 1135 1137 1189 praeteriens,
1173 1140 1217 1176 ut
1247 1133 1353 1181 dixi,
1391 1134 1650 1189 adspexerit,
1682 1136 1716 1175 si
1748 1133 1851 1175 nihil

90 1197 319 1248 audiverit,
368 1205 505 1239 tamen
547 1204 756 1239 oratorem
801 1199 957 1239 versari
999 1198 1042 1239 in
1082 1197 1152 1239 illo
1196 1196 1353 1239 iudicio
1395 1203 1438 1238 et
1477 1210 1582 1252 opus
1621 1196 1849 1240 oratorium

89 1258 182 1302 fieri
211 1267 282 1302 aut
311 1261 540 1316 perfectum
570 1261 653 1301 iam
685 1274 774 1302 esse
804 1260 992 1316 profecto
1024 1260 1240 1314 intelliget.
1862 1278 1898 1304 ιε

200 1325 282 1364 LV.
313 1326 410 1366 201.
464 1325 565 1364 Cum
605 1324 709 1364 baec
748 1323 1062 1372 disseruissem,
1110 1329 1286 1378 uterque
1326 1335 1516 1363 assensus
1554 1327 1640 1373 est;
1691 1328 1731 1364 et
1771 1336 1848 1379 ego

89 1388 299 1440 tamquam
332 1389 382 1428 de
413 1387 574 1440 integro
607 1385 798 1433 ordiens,
847 1387 1022 1436 Quando
1053 1386 1201 1440 igitur,
1249 1385 1439 1440 inquam,
1489 1397 1512 1425 a
1542 1385 1660 1426 Cotta
1690 1391 1730 1426 et
1759 1386 1851 1427 Sul-

89 1449 200 1502 picio
231 1450 335 1490 haec
365 1451 499 1491 omnis
530 1448 650 1490 fluxit
681 1449 840 1498 oratio,
891 1464 984 1490 cum
1014 1450 1093 1490 hos
1124 1447 1305 1490 maxime
1336 1445 1489 1488 iudicio
1520 1446 1687 1489 illorum
1717 1449 1851 1489 homi-

89 1524 188 1551 num
227 1518 267 1553 et
306 1512 416 1554 illius
459 1512 603 1552 aetatis
648 1510 846 1553 dixissem
887 1514 1110 1566 probatos,
1162 1516 1348 1553 revertar
1382 1511 1433 1551 ad
1469 1523 1541 1552 eos
1576 1511 1711 1565 ipsos;
1764 1516 1849 1552 tum

90 1575 293 1629 reliqum,
326 1580 372 1616 ut
402 1573 586 1622 institui,
632 1575 825 1629 deinceps
856 1588 1100 1629 persequar.
1163 1575 1370 1623 Quoniam
1401 1585 1500 1627 ergo
1533 1577 1745 1613 oratorum
1776 1571 1850 1614 bo·
1864 1590 1899 1615 20

89 1650 239 1679 norum
270 1636 358 1689 (hos
389 1639 500 1678 enim
533 1636 781 1691 quaerimus)
818 1639 899 1678 duo
933 1651 1089 1691 genera
1120 1642 1237 1685 sunt,
1290 1648 1418 1678 unum
1449 1640 1658 1677 attenuate
1688 1648 1851 1691 presse-

89 1716 192 1757 que,
244 1700 419 1742 alterum
465 1699 625 1741 sublate
665 1701 883 1755 ampleque
924 1700 1168 1741 dicentium:
1221 1698 1298 1740 etsi
1335 1697 1377 1740 id
1411 1698 1559 1740 melius
1599 1705 1683 1747 est,
1737 1701 1849 1754 quod

89 1762 345 1818 splendidius
377 1768 417 1804 et
447 1761 796 1815 magnificentius,
829 1768 965 1803 tamen
995 1764 1037 1802 in
1066 1761 1188 1802 bonis
1220 1760 1381 1809 omnia,
1416 1774 1521 1815 quae
1553 1774 1712 1802 summa
1738 1765 1846 1809 sunt,

89 1828 179 1868 iure
210 1827 444 1867 laudantur.
507 1827 603 1866 202.
639 1824 721 1866 Sed
752 1826 933 1866 cavenda
963 1831 1023 1866 est
1053 1837 1195 1878 presso
1227 1823 1285 1865 illi
1317 1823 1473 1865 oratori
1504 1824 1645 1879 inopia
1677 1830 1718 1865 et
1746 1823 1850 1864 ieiu-

88 1889 220 1937 nitas,
273 1888 410 1943 amplo
440 1893 577 1929 autem
608 1887 792 1929 inflatum
824 1894 864 1928 et
894 1894 1135 1943 corruptum
1171 1887 1370 1928 orationis
1402 1899 1546 1941 genus.
1608 1887 1848 1927 Inveniebat
1862 1900 1896 1926 2⁵

86 1950 213 2005 igitur
243 1956 360 1991 acute
394 1951 533 1997 Cotta,
566 1949 729 1991 dicebat
757 1963 859 2005 pure
891 1963 937 1991 ac
968 1950 1124 2000 solute3
1159 1955 1200 1990 et
1219 1954 1264 1990 ut
1284 1951 1335 1990 ad
1367 1947 1644 1989 infirmitatem
1673 1947 1847 1989 laterum

86 2014 344 2068 perscienter
374 2012 681 2053 contentionem
709 2025 873 2053 omnem
899 2013 1137 2060 remiserat,
1171 2013 1229 2053 sic
1260 2013 1311 2052 ad
1342 2012 1492 2052 virium
1522 2009 1848 2052 imbecillitatem

87 2075 253 2116 dicendi
282 2074 622 2117 accommodabat
652 2090 794 2129 genus.
853 2075 965 2116 Nihil
996 2082 1086 2116 erat
1114 2075 1157 2116 in
1190 2074 1278 2116 eius
1309 2073 1497 2114 oratione
1528 2072 1606 2114 nisi
1628 2072 1847 2121 sincerum,

86 2137 189 2178 nihil
217 2138 295 2179 nisi
325 2138 480 2180 siccum
511 2143 634 2193 atque
666 2152 835 2180 sanum:
884 2137 1069 2192 illudque
1100 2138 1350 2185 maximum,
1385 2137 1521 2190 quod,
1555 2147 1647 2177 cum
1678 2140 1850 2177 conten—

86 2202 200 2242 tione
231 2202 430 2242 orationis
459 2200 628 2242 flectere
661 2201 821 2242 animos
853 2202 1036 2242 iudicum
1068 2200 1138 2242 vix
1167 2204 1309 2253 posset
1333 2212 1410 2239 nec
1432 2199 1601 2240 omnino
1623 2211 1673 2239 eo
1695 2212 1847 2253 genere
1862 2212 1896 2239 30

89 2263 267 2310 diceret,
318 2262 531 2304 tractando
570 2269 706 2304 tamen
744 2262 1006 2316 impellebat,
1056 2270 1101 2304 ut
1142 2263 1251 2305 idem
1281 2264 1468 2304 facerent
1498 2276 1519 2302 a
1550 2275 1594 2303 se
1625 2263 1844 2311 commoti,

88 2326 201 2379 quod
221 2337 243 2366 a
264 2325 449 2380 Sulpicio
471 2326 678 2366 concitati.
740 2327 834 2366 203.
864 2326 959 2367 Fuit
980 2326 1091 2367 enim
1112 2325 1317 2381 Sulpicius
1338 2327 1403 2367 vel
1433 2324 1616 2366 maxime
1647 2325 1845 2372 omnium,

88 2400 193 2442 quos
223 2387 391 2442 quidem
424 2402 501 2441 ego
534 2387 790 2435 audiverim,
824 2387 991 2441 grandis
1024 2395 1085 2436 et,
1119 2379 1171 2430 ⁸ut
1200 2389 1256 2430 ita
1286 2388 1441 2436 dicam,
1473 2389 1653 2443 tragicus
1686 2394 1840 2429 orator.

87 2452 179 2491 Vox
208 2462 302 2490 cum
334 2463 506 2503 magna,
541 2455 628 2491 tum
658 2449 794 2490 suavis
825 2456 865 2490 et
894 2450 1132 2503 splendida;
1165 2457 1303 2505 gestus
1334 2457 1375 2492 et
1404 2456 1541 2492 motus
1572 2449 1761 2505 corporis
1791 2449 1842 2490 ita

86 2518 305 2560 venustus,
337 2518 382 2553 ut
413 2519 548 2553 tamen
579 2514 630 2553 ad
661 2511 818 2559 sorum,
850 2526 933 2552 non
963 2512 1015 2553 ad
1045 2526 1212 2554 scenam
1243 2514 1454 2556 institutus
1474 2512 1711 2562 videretur3
1743 2513 1886 2553 inci-³5

86 2579 168 2615 tata
213 2580 254 2615 et
297 2573 516 2623 volubilis,
569 2589 645 2615 nec
691 2588 738 2615 ea
778 2573 1016 2616 redundans
1060 2581 1199 2617 tamen
1240 2590 1316 2617 nec
1361 2574 1647 2618 circumfluens
1689 2576 1838 2616 oratio.

89 2637 280 2678 Crassum
310 2636 377 2678 hic
408 2637 573 2678 volebat
603 2636 779 2687 imitari;
828 2639 944 2679 Cotta
974 2636 1154 2679 malebat
1192 2638 1439 2689 Antonium;
1484 2637 1555 2679 sed
1594 2640 1645 2679 ab
1676 2637 1754 2679 hoc
1782 2636 1842 2678 vis

88 2700 232 2740 aberat
259 2701 451 2748 Antonii,
500 2701 633 2742 Crassi
665 2698 716 2740 ab
747 2699 818 2741 illo
848 2699 979 2755 lepos.
1041 2703 1137 2742 204.
1171 2702 1204 2742 O
1236 2715 1446 2756 magnam,
1492 2701 1643 2756 inquit,
1684 2700 1838 2740 artemi

88 2761 259 2802 Brutus:
294 2761 497 2816 siquidem
528 2761 637 2808 istis,
670 2775 762 2802 cum
794 2765 941 2803 summi
973 2769 1111 2804 essent
1140 2769 1347 2811 oratores,
1387 2763 1492 2804 duae
1524 2776 1590 2803 res
1620 2763 1838 2810 maximae,

89 2821 214 2863 altera
244 2822 360 2864 alteri
391 2823 532 2867 defuit.
592 2825 696 2865 LVI.
729 2828 861 2879 Atque
882 2824 924 2865 in
946 2824 1006 2866 his
1034 2828 1272 2868 oratoribus
1303 2825 1402 2868 illud
1432 2824 1841 2866 animadvertendum
1854 2831 1893 2858 4⁰

90 2890 172 2933 est,
221 2898 342 2939 posse
381 2899 471 2927 esse
510 2900 715 2934 summos,
768 2887 838 2940 qui
869 2887 974 2928 inter
1004 2901 1048 2928 se
1079 2887 1161 2929 sint
1190 2888 1422 2930 dissimiles.
1485 2886 1591 2928 Nihil
1621 2886 1728 2927 enim
1760 2892 1841 2926 tam

90 2946 286 2988 dissimile
332 2961 454 3002 quam
496 2949 613 2990 Cotta
654 2949 859 3004 SulpiciO,
907 2955 947 2989 et
991 2956 1166 3006 uterque
1211 2949 1450 3006 aequalibus
1491 2951 1593 2997 suis,
1620 2948 1842 3004 plurimum

88 3008 302 3064 praestitit.
363 3011 499 3059 Quare
531 3012 609 3052 boc
639 3012 821 3053 doctoris
852 3011 1120 3066 intelligentis
1152 3018 1235 3063 est,
1268 3014 1431 3059 videre,
1464 3025 1545 3066 quo
1573 3009 1677 3052 ferat
1695 3018 1841 3053 natura

89 3085 164 3114 sna
183 3084 390 3127 quemque
404 3106 415 3127 ‚
445 3079 484 3114 et
504 3087 552 3115 ea
573 3077 675 3116 duce
698 3080 879 3115 utentem
901 3075 959 3114 sic
980 3074 1195 3117 instituere
1209 3107 1220 3124 ‚
1255 3082 1300 3116 ut
1321 3077 1543 3116 Isocratem
1565 3074 1607 3114 in
1636 3074 1839 3115 acerrimo

185 3223 218 3254 1.
245 3221 417 3263 auditori]
445 3225 583 3255 oratori
610 3225 756 3257 Ernestit
785 3233 924 3264 operae.
966 3240 1004 3246 —
1045 3224 1101 3256 14.
1130 3226 1304 3257 audiverit
1330 3232 1406 3256 cum
1434 3223 1527 3255 libris
1553 3223 1697 3257 Lamb.:
1724 3224 1840 3256 audie-

88 3270 137 3301 rit
161 3269 235 3301 RE.
265 3286 304 3292 -
344 3269 399 3300 32.
424 3272 575 3301 omnium
601 3279 667 3301 orn.
697 3271 738 3301 D.
767 3273 826 3311 Lg.
847 3272 879 3302 8.
901 3271 957 3302 39.
977 3271 1032 3302 51.
1061 3271 1118 3302 56.
1146 3272 1202 3303 58.
1232 3271 1297 3303 Gu.
1325 3271 1356 3301 1.
1385 3271 1419 3301 2.
1447 3270 1571 3303 Dresd.
1599 3272 1682 3309 (non
1709 3270 1770 3311 R.)
1803 3285 1835 3290 -

90 3315 146 3347 34.
176 3322 248 3348 tum
272 3325 403 3357 mayna
428 3316 494 3347 Gu.
523 3318 556 3347 1.
583 3316 662 3348 Sch.
693 3333 729 3339 —
774 3319 830 3350 37.
858 3318 930 3354 hic,
960 3321 996 3348 ut
1020 3318 1104 3348 mihi
1127 3319 1283 3356 videtur,
1308 3317 1444 3348 volebat
1469 3320 1554 3350 miro
1581 3318 1785 3351 emblemate
1810 3317 1839 3348 R

89 3362 174 3396 sola.
203 3379 244 3387 -
269 3363 327 3395 42.
354 3362 499 3404 Sulpicii
523 3362 662 3404 Madvig
687 3365 722 3396 in
749 3363 820 3398 Cic.
846 3364 923 3397 Fin.
951 3373 984 3404 p.
1011 3363 1090 3396 633.
1117 3381 1160 3387 —
1185 3362 1230 3404 et]
1259 3368 1297 3397 ae
1321 3363 1443 3396 Lamb.
