2117 3762
801 209 842 250 C.
875 208 938 248 11.
974 208 1037 248 12.
1069 206 1135 246 13.
1763 203 1843 244 1283

99 317 193 359 sacti
224 316 500 372 appellatione
529 318 795 370 quaeruntur.
856 314 1012 367 Nempe
1043 313 1171 365 igitur
1200 324 1248 353 ea
1277 312 1458 358 restant,
1505 320 1636 363 quae,
1681 321 1774 350 cum
1804 315 1846 351 et

98 381 252 420 sactum
284 385 444 420 constat
474 385 514 420 et
543 391 718 424 nomen,
767 374 902 430 qualia
932 375 1033 423 sint,
1079 379 1248 416 vocatur
1286 373 1328 415 in
1366 372 1552 414 dubium.
1615 370 1657 412 C.
1695 372 1738 413 P.
1777 373 1848 413 Est

96 442 174 490 ita,
222 448 268 483 ut
299 443 413 483 dicis.
474 443 516 485 C.
546 442 589 481 F.
632 440 747 488 Quae
779 444 872 478 sunt
902 437 1027 491 igitur
1056 438 1097 478 in
1129 451 1179 478 eo
1210 449 1363 492 genere
1392 437 1558 489 partes?
1608 435 1652 476 C.
1687 434 1729 477 P.
1765 434 1848 474 Aut

96 506 185 545 iure
231 504 379 546 sactum
422 500 658 558 depellendi
698 507 768 542 aut
806 499 1028 541 ulciscendi
1068 499 1224 541 doloris
1264 498 1418 553 gratia,
1471 501 1541 539 aut
1576 495 1738 552 pietatis
1776 501 1848 537 aut

95 567 318 620 pudicitiae
356 571 424 608 aut
465 563 675 616 religionis
713 568 783 604 aut
823 563 982 615 patriae
1020 563 1211 611 nomine,
1263 567 1332 603 aut
1371 559 1549 616 denique
1578 560 1877 604 necessitate,⁵

96 629 330 677 inscientia,
361 641 470 670 casu.
533 625 600 665 43.
635 627 736 666 Nam
768 639 873 680 quae
904 630 1019 666 motu
1049 623 1174 665 animi
1205 628 1247 665 et
1275 622 1592 678 perturbatione
1622 621 1727 664 sacta
1758 622 1847 662 sine

95 693 255 732 ratione
298 696 409 737 sunt,
460 701 509 729 ea
548 688 831 728 defensionem
870 693 1015 729 contra
1055 688 1212 727 crimen
1249 687 1292 727 in
1331 685 1524 740 legitimis
1563 684 1725 727 iudiciis
1765 698 1851 726 non

96 751 271 801 habent,
311 755 352 793 in
383 749 524 792 liberis
554 749 919 805 disceptationibus
950 748 1105 790 habere
1137 752 1325 802 possunt.
1388 749 1478 789 lIoc
1508 747 1550 789 in
1581 761 1754 801 genere,
1806 747 1851 788 in

96 829 201 872 quo,
247 814 366 872 quale
395 813 469 862 sit,
513 814 749 868 quaeritur,
791 827 842 853 ex
870 811 1175 859 controversia,
1214 810 1304 852 iure
1337 815 1378 851 et
1407 816 1572 851 rectene
1603 816 1741 852 actum
1772 810 1846 859 sit,

96 878 241 932 quaeri
280 877 405 927 solet;
455 889 633 932 quorum
674 873 897 928 disputatio
934 888 986 915 ex
1015 875 1205 915 locorum
1235 872 1512 928 descriptione
1542 875 1740 915 sumenda
1771 877 1900 915 est.1⁰

94 940 162 981 44.
203 939 246 980 C.
267 940 310 981 F.
341 938 484 992 Agesis
521 952 641 991 ergo,
695 938 891 992 quoniam
931 936 974 978 in
1012 935 1370 978 confirmationem
1411 940 1452 976 et
1480 937 1849 991 reprehensionem

95 1000 294 1042 diviseras
326 1001 527 1043 orationis
557 1000 681 1041 iidem
713 1005 754 1040 et
783 1001 938 1040 dictum
969 998 1020 1041 de
1051 998 1182 1040 altero
1206 1003 1286 1047 est,
1319 1011 1482 1053 expone
1504 1011 1613 1038 nunc
1634 997 1685 1039 de
1708 1012 1851 1051 repre-

75 1063 334 1105 .hendendo.
397 1066 440 1106 C.
473 1065 517 1105 P.
558 1067 639 1104 Aut
680 1068 811 1104 totum
852 1068 913 1103 est
956 1063 1213 1116 negandum,
1259 1062 1372 1116 quod
1414 1062 1457 1102 in
1495 1061 1853 1115 argumentatione

93 1127 357 1167 adversarius
398 1127 647 1180 sumpserit,
696 1126 729 1166 si
769 1122 910 1165 fictum
950 1130 1022 1166 aut
1060 1123 1211 1166 salsum
1251 1137 1344 1182 esse
1380 1125 1514 1180 possis
1555 1125 1731 1175 docere;
1782 1128 1856 1165 aut

92 1188 376 1243 redarguenda
419 1202 488 1237 ea,
535 1201 642 1243 quae
682 1200 759 1241 pro
796 1188 882 1228 veri
914 1185 1120 1228 similibus
1151 1193 1314 1243 sumpta
1343 1193 1460 1229 sunt:
1514 1186 1697 1241 primum
1727 1188 1852 1229 dubia
1867 1193 1901 1222 1⁵

93 1258 254 1307 sumpta
298 1264 388 1293 esse
427 1264 505 1306 pro
545 1252 692 1300 certis;
742 1250 893 1291 deinde
930 1251 1054 1291 etiam
1085 1251 1128 1290 in
1157 1251 1376 1306 perspicue
1405 1248 1519 1291 falsis
1550 1251 1697 1292 eadem
1727 1263 1852 1303 posse

93 1313 199 1364 dici;
233 1319 321 1356 tum
351 1327 405 1355 ex
434 1313 508 1362 iis,
541 1327 648 1369 quae
679 1311 923 1368 sumpserit,
956 1327 1043 1354 non
1073 1310 1204 1362 effici,
1236 1326 1343 1368 quae
1373 1312 1486 1354 velit.
1547 1311 1748 1354 Accidere
1780 1325 1852 1354 au-

92 1382 176 1417 tem
207 1381 372 1430 oportet
392 1375 574 1431 singula:
608 1376 667 1416 sic
688 1374 885 1417 universa
904 1376 1159 1431 frangentur.
1220 1375 1596 1418 Commemoranda
1616 1379 1710 1417 sunt
1730 1377 1855 1417 etiam

93 1438 300 1494 exempla,
348 1437 497 1494 quibus
528 1438 654 1480 simili
685 1437 727 1479 in
758 1438 1040 1492 disputatione
1071 1438 1273 1480 creditum
1308 1452 1392 1480 non
1431 1439 1508 1490 sit;
1561 1436 1856 1494 conquerenda

91 1501 280 1544 condicio
313 1500 544 1543 communis
573 1500 772 1556 periculi,
819 1502 853 1542 si
892 1501 1070 1555 ingeniis
1100 1501 1316 1543 hominum
1347 1501 1668 1544 criminosorum
1699 1500 1751 1543 sit
1781 1515 1854 1544 ex·
1867 1515 1904 1542 20

89 1565 224 1620 posita
253 1564 337 1606 vita
364 1563 665 1606 innocentium.

202 1629 316 1669 XlII.
364 1630 433 1669 45.
477 1627 520 1668 C.
552 1628 597 1667 F.
644 1625 852 1675 Quoniam
882 1626 991 1669 unde
1021 1626 1312 1677 inveniuntur,
1352 1641 1458 1684 quae
1487 1628 1539 1669 ad
1569 1625 1694 1669 fidem
1724 1628 1853 1683 perti-

90 1696 215 1740 nent,
258 1689 417 1738 habeo,
460 1691 812 1745 quemadmodum
851 1691 894 1731 in
936 1690 1113 1733 dicendo
1146 1692 1310 1746 singula
1338 1696 1590 1740 tractentur,
1639 1697 1852 1744 exspecto.

92 1754 136 1795 C.
160 1755 205 1794 P.
239 1752 651 1808 Argumentationem
682 1765 883 1806 quaerere
904 1752 1077 1803 videris,
1111 1767 1217 1809 quae
1247 1758 1310 1794 est
1339 1754 1571 1807 argumenti
1601 1753 1850 1809 explicati03

92 1829 200 1870 quae
229 1822 392 1871 sumpta
421 1829 473 1857 ex
501 1815 604 1857 locis
641 1815 716 1863 iis,
750 1814 820 1869 qui
851 1822 945 1857 sunt
975 1817 1175 1872 expositi,
1208 1814 1466 1857 conficienda
1495 1821 1537 1858 et
1565 1815 1852 1872 distinguenda
1864 1828 1902 1855 2⁵

90 1877 270 1920 dilucide
291 1884 367 1920 est.
430 1879 474 1919 C.
498 1880 542 1919 F.
572 1878 696 1919 Plane
727 1878 832 1919 istuc
861 1879 996 1933 ipsum
1029 1878 1242 1920 desidero.
1304 1878 1373 1920 46.
1409 1879 1454 1919 C.
1477 1880 1522 1921 P.
1552 1880 1625 1920 Est
1654 1893 1774 1933 ergo,
1805 1884 1853 1922 ut

90 1953 214 1996 supra
244 1940 400 1982 dictum
430 1945 515 1989 est,
549 1940 771 1995 explicatio
801 1941 1032 1995 argumenti
1063 1939 1389 1996 argumentatio,
1426 1942 1500 1982 sed
1530 1954 1580 1982 ea
1610 1940 1850 1989 conficitur,

90 2015 183 2043 cum
213 2002 440 2059 sumpseris
469 2007 539 2044 aut
567 2017 653 2043 non
683 2002 809 2043 dubia
838 2008 908 2045 aut
936 2004 1194 2058 probabilia,
1226 2017 1279 2044 ex
1299 2005 1448 2058 quibus
1468 2003 1511 2043 id
1532 2001 1708 2053 efficias,
1738 2005 1851 2059 quod

91 2070 162 2106 aut
200 2064 372 2108 dubium
413 2070 485 2107 aut
512 2066 648 2106 minus
678 2064 896 2120 probabile
925 2079 1003 2119 per
1033 2080 1076 2107 se
1106 2067 1284 2107 videtur.
1347 2065 1676 2119 Argumentandi
1707 2071 1850 2107 autem

91 2125 173 2168 duo
205 2133 300 2169 sunt
328 2141 502 2182 genera,
535 2141 714 2183 quorum
744 2127 918 2169 alterum
948 2128 1000 2170 ad
1028 2128 1153 2170 fidem
1183 2128 1341 2170 directo
1371 2133 1550 2183 spectat,
1601 2127 1776 2170 alterum
1805 2141 1849 2170 se
1863 2141 1899 2167 ³0

89 2187 264 2231 inflectit
293 2190 346 2232 ad
374 2197 544 2233 motum.
601 2190 826 2244 Dirigitur,
876 2205 970 2233 cum
1008 2192 1227 2246 proposuit
1255 2190 1436 2246 aliquid,
1483 2191 1596 2246 quod
1632 2189 1846 2246 probaret,

90 2252 346 2308 sumpsitque
377 2267 448 2303 ea,
489 2252 640 2308 quibus
670 2254 896 2303 niteretur,
938 2258 1061 2309 atque
1090 2255 1158 2296 his
1199 2252 1452 2295 confirmatis
1497 2252 1550 2296 ad
1587 2253 1848 2308 propositum

91 2328 135 2356 se
166 2314 324 2356 rettulit
351 2320 475 2370 atque
505 2314 720 2358 conclusit.
777 2315 851 2357 Illa
881 2321 1018 2357 autem
1050 2317 1181 2358 altera
1210 2317 1537 2371 argumentatio,
1579 2316 1696 2373 quasi
1732 2323 1844 2358 retro

91 2383 132 2419 et
161 2384 323 2428 contra,
364 2378 481 2433 prius
510 2379 659 2428 sumit,
701 2392 807 2433 quae
837 2380 946 2428 vult,
987 2392 1118 2433 eaque
1147 2377 1386 2431 confirmat3
1439 2378 1588 2421 deinde
1618 2381 1683 2429 id,
1732 2380 1845 2434 quod

88 2444 409 2498 proponendum
444 2440 540 2491 suit,
583 2440 785 2497 permotis
821 2441 967 2482 animis
996 2440 1092 2482 iacit
1120 2444 1172 2483 ad
1203 2447 1448 2484 extremum.
1509 2444 1577 2488 47.
1619 2444 1692 2484 Est
1720 2442 1844 2483 etiam
1857 2452 1894 2481 ³⁵

88 2505 161 2547 illa
188 2505 366 2549 varietas
394 2505 438 2546 in
469 2505 795 2559 argumentando
827 2510 868 2546 et
890 2518 975 2546 non
994 2504 1219 2546 iniucunda
1239 2504 1469 2555 distinctiO,
1499 2510 1568 2555 ut,
1600 2518 1694 2547 cum
1716 2505 1844 2546 inter-

184 2688 219 2721 1.
245 2691 277 2721 et
299 2689 435 2731 sactum
460 2688 552 2725 Gu..
580 2689 628 2722 V:
654 2690 786 2731 sactum
810 2686 892 2731 (om.
920 2687 964 2730 et)
988 2689 1062 2723 RE.
1087 2705 1133 2715 -
1157 2689 1191 2721 2.
1218 2691 1354 2721 constat
1378 2687 1445 2722 Gu.
1472 2687 1524 2721 V:
1551 2691 1679 2721 constet
1703 2688 1778 2722 RE.
1797 2705 1836 2712 —

91 2734 126 2766 4.
164 2735 346 2776 depellitur
380 2737 471 2770 Edd.
497 2741 576 2770 ante
605 2737 714 2776 Ern.‚
755 2742 893 2778 praeter
926 2737 1073 2777 Lamb.,
1113 2738 1172 2778 qui
1199 2735 1405 2778 defenditur.
1448 2734 1506 2777 (Ut
1529 2744 1613 2775 nos,
1640 2734 1758 2774 YRV.)
1796 2752 1841 2759 -

92 2781 127 2814 6.
153 2783 340 2815 inscientia
364 2784 511 2817 Lamb.:
552 2785 697 2816 inscitia
721 2784 759 2816 E.
783 2784 935 2824 (institia
960 2782 1037 2825 (sic)
1063 2785 1115 2824 V,
1149 2785 1185 2815 in
1210 2792 1277 2824 mg.
1303 2784 1436 2820 insita,-
1469 2784 1608 2815 iustitia
1631 2782 1690 2820 R.)
1721 2799 1758 2808 -
1801 2782 1837 2814 7.

91 2829 301 2869 defensiones
326 2830 368 2861 R.
397 2847 437 2854 —
479 2832 513 2864 9.
541 2836 573 2864 et
597 2835 687 2863 recte
710 2840 814 2863 necne
839 2839 927 2864 corr.
957 2831 1025 2863 Gu.
1054 2848 1094 2856 —
1134 2830 1267 2870 factum
1293 2838 1380 2862 corr.
1410 2829 1477 2861 Gu.
1505 2833 1539 2862 et
1564 2829 1685 2861 Lamb.
1714 2844 1751 2851 —-
1779 2829 1837 2862 10.

91 2875 340 2915 disceptatione
363 2877 406 2909 V.
436 2895 473 2902 —
502 2879 559 2910 12.
588 2878 687 2920 fidem
712 2879 884 2910 orationis
902 2878 942 2909 V.
969 2877 1046 2910 Det.
1069 2887 1101 2911 v.
1128 2878 1301 2909 orationis
1326 2885 1408 2908 sane
1432 2880 1632 2916 suspectum
1656 2875 1778 2908 Lamb.
1795 2891 1836 2899 -

91 2923 149 2954 15.
174 2927 256 2954 sunt
282 2922 385 2955 libri:
413 2925 484 2957 sint
508 2926 590 2957 Ern.
619 2926 710 2956 coni.
741 2941 779 2948 —
813 2925 870 2957 17.
896 2925 948 2956 his
973 2924 1046 2957 RV.
1075 2940 1115 2948 —-
1151 2924 1358 2964 sumpserint
1382 2922 1423 2955 V.
1461 2938 1503 2945 —
1546 2931 1632 2962 quae
1655 2922 1737 2954 vetit
1761 2922 1836 2960 RV,

90 2968 237 3001 Lame-2
265 2970 359 3010 quod
379 2972 462 3003 velit
486 2971 555 3004 BE.
585 2987 624 2994 —
649 2971 815 3004 Accidere
840 2981 880 3005 ex
906 2971 995 3003 Edd.
1023 2975 1106 3005 vett.
1135 2970 1342 3003 Schutzius:
1370 2968 1538 3001 Accedere
1554 2969 1629 3003 RE.
1657 2968 1724 3009 (De
1744 2969 1839 3003 YRV

90 3024 159 3048 non
185 3014 325 3058 liquet.)
364 3033 401 3040 —
445 3018 502 3050 18.
528 3018 665 3060 sinyula
690 3018 898 3051 Schutzius:
942 3019 988 3050 ad
1012 3018 1156 3058 sinyula
1181 3017 1271 3048 RVE
1288 3038 1297 3055 ‚
1338 3020 1376 3047 ut
1401 3016 1541 3058 sinyula
1566 3015 1655 3048 Edd.
1682 3019 1764 3049 vett.
1794 3033 1837 3040 —

89 3063 308 3104 sranyuntur
333 3063 376 3095 R.
406 3080 445 3088 —
485 3064 541 3097 19.
568 3066 606 3096 in
631 3074 700 3097 om.
729 3066 801 3098 RV.
841 3080 878 3087 —-
922 3068 995 3096 tum
1020 3064 1194 3105 querenda
1218 3063 1270 3100 V,
1297 3061 1418 3095 Lamb.
1456 3079 1494 3085 —
1533 3061 1589 3092 22.
1616 3064 1838 3095 inveniantur

91 3117 180 3142 corr.
207 3110 260 3145 R.
288 3109 411 3142 Lamb.
450 3126 492 3134 —
530 3113 678 3144 attinent
703 3111 768 3142 Ed.
796 3111 884 3144 Ven.
911 3111 1069 3144 Norimb.
1099 3127 1135 3134 —
1172 3109 1230 3141 24.
1257 3108 1298 3141 V.
1324 3108 1670 3149 Argumentationem
1695 3110 1838 3143 seclusit

90 3156 132 3188 E.
159 3172 202 3178 --
243 3161 290 3189 est
317 3157 370 3188 R:
397 3158 442 3189 sit
463 3157 535 3190 ΥΕ.
563 3173 603 3181 -
647 3158 704 3189 25.
732 3157 793 3190 Vv.
819 3167 909 3199 quae
935 3160 1073 3196 sumpta
1098 3174 1110 3181 -
1134 3173 1149 3180 -
1175 3155 1324 3187 dilucide
1349 3159 1399 3187 est
1422 3155 1565 3188 seclusit
1589 3156 1630 3188 E.
1670 3172 1708 3180 —-
1752 3157 1837 3189 locis

89 3203 134 3235 iis
151 3203 237 3235 RV:
264 3204 308 3234 iis
332 3204 412 3235 locis
429 3204 470 3236 E.
489 3219 529 3227 —
553 3203 610 3235 26.
641 3201 810 3244 desidero]
835 3205 975 3244 requiro
993 3204 1034 3234 Y.
1052 3219 1097 3225 —
1121 3200 1219 3243 erqo]
1244 3203 1352 3243 iyitur
1369 3202 1410 3234 R.
1438 3218 1481 3225 —
1506 3201 1563 3233 30.
1589 3203 1714 3236 directe
1731 3203 1774 3235 V.
1792 3219 1836 3225 —-

90 3248 149 3281 32.
174 3253 329 3282 uteretur
354 3250 405 3289 V,
432 3250 554 3282 Lamb.
582 3250 643 3287 (Ut
667 3259 755 3291 nos,
782 3250 900 3291 BYR.)
926 3267 968 3276 —
995 3249 1052 3284 33.
1079 3258 1114 3284 se
1137 3248 1269 3282 rettulit
1292 3248 1378 3282 RV:
1405 3249 1541 3283 rettulit
1564 3247 1646 3291 (om.
1673 3248 1720 3291 se)
1737 3250 1775 3282 E.
1794 3264 1834 3274 -

91 3296 150 3330 35.
174 3297 280 3331 etiam
306 3297 357 3330 Y:
385 3302 500 3331 autem
524 3297 628 3332 RVE.
