2117 3762
734 250 830 289 ΗΒ.
864 249 892 290 Ι.
952 250 993 290 C.
1025 250 1063 290 7.
1094 250 1132 290 8.
1164 250 1201 288 9.
1238 251 1300 293 10.
1839 256 1891 294 93

256 358 320 396 11.
355 358 410 396 Ac
441 353 534 395 sacti
570 353 735 409 quidem
768 356 1048 395 controversia
1080 355 1120 395 in
1152 354 1288 395 onmia
1322 359 1508 407 tempora
1532 359 1664 408 potest
1685 354 1890 397 distribui.

141 421 243 460 Nam
275 417 371 473 quid
404 418 555 459 sactum
593 416 667 463 sit,
719 422 852 470 potest
889 417 1058 471 quaeri,
1111 421 1187 458 boc
1226 416 1380 458 inodo:
1434 416 1693 457 (Jccideritne
1732 418 1893 459 Aiacem

144 480 294 521 Ulixes.
355 479 510 536 Ecquid
542 478 633 526 liat,
667 478 743 519 boc
775 478 926 520 modo:
978 483 1145 521 Bonone
1176 480 1314 520 animo
1346 481 1426 519 sint
1455 492 1554 532 erga
1586 481 1783 534 populum
1816 484 1895 521 lto-

141 557 306 584 manum
348 541 591 595 Fregellani.
666 541 824 596 Ecquid
866 542 1047 582 l'uturum
1086 543 1163 589 sit,
1214 546 1292 584 boc
1331 543 1473 585 modo:
1521 544 1562 584 si
1602 544 1892 595 Karthaginem

139 604 430 661 reliquerimus
462 603 730 649 incolumem,
764 618 859 644 num
892 605 989 658 quid
1022 607 1073 644 sit
1102 606 1352 647 incommodi
1384 610 1432 647 ad
1465 619 1551 647 rem
1576 605 1778 661 publicam
1803 618 1924 661 per-⁵

140 675 374 709 venturum.
438 665 622 707 Nominis
663 672 723 706 est
760 668 1074 716 controversia,
1127 682 1217 708 cum
1256 668 1305 708 de
1343 668 1450 709 sacto
1481 670 1673 709 convenit
1703 675 1741 709 et
1771 683 1896 724 quae·

141 729 264 776 ritur,
296 729 337 770 id
368 728 477 784 quod
510 728 661 769 sactum
693 735 753 769 est
784 745 866 783 quo
890 732 1055 771 nomine
1077 730 1317 784 appelletur.
1376 735 1469 780 Quo
1492 732 1530 771 in
1555 745 1705 783 genere
1727 745 1893 772 necesse

142 799 204 834 est
233 791 326 833 ideo
359 792 536 832 nominis
568 805 656 832 esse
688 795 1012 833 conti-morsiam
1032 826 1040 839 ,
1095 795 1205 846 quod
1245 795 1296 833 de
1336 807 1381 833 re
1421 794 1505 847 ipsa
1538 807 1617 833 non
1649 794 1894 840 conveniat;

139 868 222 896 non
253 852 364 909 quod
395 853 445 894 de
476 853 583 894 sacto
615 868 695 895 non
741 861 920 900 constet,
968 854 1037 896 sed
1077 854 1188 910 quod
1224 854 1284 901 id,
1326 855 1437 910 quod
1474 855 1622 896 sartum
1663 856 1734 903 sit,
1785 854 1895 896 aliud

139 917 209 958 alii
255 916 443 957 videatur
482 930 571 956 esse
611 923 650 957 et
686 916 838 957 idcirco
878 917 981 958 alius
1019 917 1100 957 alio
1131 916 1298 957 nomine
1340 917 1380 957 id
1419 918 1609 972 appellet.
1670 919 1808 967 Quare
1854 917 1893 958 in
1909 929 1943 952 ¹⁰

138 978 341 1021 eiusmodi
381 980 601 1033 generibus
640 979 871 1020 delinienda
910 993 976 1020 res
1018 979 1096 1020 erit
1136 978 1273 1020 verbis
1313 986 1353 1019 et
1382 978 1563 1020 breviter
1594 979 1892 1022 describenda:

136 1049 202 1090 ut,
237 1042 271 1083 si
301 1042 393 1098 quis
423 1055 586 1082 sacrum
617 1056 669 1083 ex
700 1042 860 1097 privato
892 1043 1159 1096 surripuerit,
1202 1048 1339 1082 utrum
1379 1041 1464 1089 sur,
1505 1057 1555 1083 an
1588 1043 1812 1097 sacrilegus
1844 1043 1896 1084 sit

137 1104 394 1146 iudicandus.
458 1107 558 1145 Nam
605 1106 645 1145 iil
693 1119 783 1145 cum
831 1104 1074 1159 quaeritur,
1126 1117 1295 1144 necesse
1334 1104 1412 1145 erit
1450 1104 1621 1145 delinire
1653 1111 1890 1159 utrumque,

136 1166 234 1221 quid
264 1169 316 1208 sit
346 1166 431 1215 fur,
465 1167 562 1221 quid
593 1167 840 1222 sacrilegus,
887 1173 926 1207 et
956 1180 1028 1208 sua
1059 1166 1337 1221 descriptione
1368 1167 1586 1208 ostendere
1617 1168 1696 1209 alio
1728 1169 1893 1210 nomine

135 1230 246 1272 illam
278 1243 390 1278 rem,
424 1229 474 1270 de
506 1244 585 1284 qua
616 1229 778 1283 agitur,
811 1230 1010 1284 appellari
1042 1236 1258 1285 oportere,
1291 1236 1412 1282 atque
1443 1229 1667 1272 adversarii
1697 1230 1848 1272 dicunt.
1907 1239 1941 1265 15

189 1295 260 1337 IX.
311 1295 375 1333 12.
429 1293 600 1334 Generis
631 1299 691 1333 est
720 1293 1033 1341 controversia,
1084 1306 1177 1333 eum
1208 1297 1248 1332 et
1277 1292 1375 1347 quid
1405 1291 1554 1333 factum
1585 1293 1656 1339 sit,
1702 1293 1894 1335 convenit

134 1360 199 1404 et,
231 1369 314 1411 quo
344 1355 385 1396 id
417 1353 567 1395 factum
599 1354 767 1396 nomine
799 1355 997 1410 appellari
1029 1360 1244 1408 oporteat,
1278 1360 1462 1403 constat;
1507 1360 1546 1395 et
1576 1361 1733 1404 tamen,
1768 1369 1894 1411 quan-

134 1425 220 1459 tum
252 1423 292 1458 et
322 1416 554 1458 cuiusmodi
587 1423 626 1458 et
656 1417 825 1457 omnino
860 1419 980 1471 quale
1012 1418 1089 1463 sit,
1135 1417 1371 1472 quaeritur,
1415 1419 1493 1459 hoc
1526 1420 1674 1459 modo:
1723 1420 1891 1465 Iustum,

134 1495 186 1521 an
216 1480 440 1529 iniustum;
472 1479 588 1526 utile,
621 1493 671 1520 an
703 1479 868 1528 inutile;
902 1486 941 1520 et
972 1480 1127 1527 onmia,
1159 1481 1200 1520 in
1232 1480 1406 1533 quibus,
1447 1480 1567 1535 quale
1598 1480 1649 1521 sit
1678 1482 1740 1528 id,
1781 1480 1891 1536 quod

134 1544 287 1585 sactum
318 1549 399 1590 est,
434 1542 646 1597 quaeritur
676 1542 764 1582 sine
796 1542 879 1583 ulla
909 1542 1088 1583 nominis
1120 1545 1418 1584 controversia.
1479 1543 1584 1584 Huic
1613 1545 1755 1597 generi
1787 1545 1892 1584 Her·
1906 1557 1942 1582 πο

135 1619 326 1660 magoras
376 1612 514 1658 partes
561 1610 756 1658 quattuor
812 1605 1050 1659 supposuit,
1112 1605 1445 1652 deliberativam,
1504 1605 1889 1652 demonstrativam,

133 1667 435 1714 iuridicialem,
483 1666 744 1720 negotialem.
813 1666 933 1715 Quod
967 1666 1073 1715 eim,
1125 1674 1169 1708 ut
1200 1682 1274 1708 nos
1306 1674 1514 1722 putamus,
1567 1682 1649 1709 non
1681 1667 1891 1710 mediocre

135 1736 348 1784 peccatum
381 1729 769 1784 reprehendendum
801 1729 984 1776 videtur,
1018 1743 1162 1770 verum
1195 1731 1336 1779 brevi3
1371 1745 1420 1771 ne
1452 1737 1536 1777 aut,
1569 1731 1601 1771 si
1634 1731 1742 1772 taciti
1774 1744 1893 1786 prae-

133 1794 395 1838 terierimuS‚
445 1792 533 1832 sine
565 1806 686 1832 causa
718 1806 800 1832 non
833 1793 959 1832 secuti
991 1806 1085 1832 eum
1115 1799 1327 1846 putemur;
1370 1798 1460 1841 aut,
1494 1793 1527 1834 si
1560 1793 1711 1834 diutius
1742 1792 1782 1833 in
1814 1795 1892 1834 hoc

132 1855 435 1896 constiterimus
456 1885 467 1902 ,
520 1868 677 1895 moram
717 1861 837 1909 atque
869 1854 1206 1909 impedimentum
1238 1855 1410 1910 reliquis
1441 1856 1671 1911 praeceptis
1703 1855 1888 1897 intulisse
1905 1868 1939 1894 25

132 1918 361 1961 videamur.
421 1918 462 1957 Si
501 1915 746 1956 deliberatio
784 1923 823 1957 et
860 1916 1156 1958 demonstratio
1197 1931 1349 1970 genera
1389 1923 1483 1958 sunt
1513 1932 1754 1966 causarum,
1804 1933 1886 1959 non

131 1986 304 2037 possunt
346 1984 458 2021 recte
504 1983 638 2034 partes
684 1978 857 2020 alieuius
896 1980 1058 2033 generis
1099 1993 1246 2020 causae
1285 1980 1434 2035 putari.
1494 1980 1647 2022 Eadem
1686 1980 1794 2022 enim
1827 1995 1891 2023 res

132 2044 201 2085 alii
232 2056 361 2097 genus
393 2055 502 2090 esse,
548 2041 617 2082 alii
653 2054 749 2097 pars
779 2048 937 2096 potest;
990 2041 1124 2083 eidem
1156 2056 1283 2096 genus
1315 2056 1404 2084 esse
1435 2049 1475 2084 et
1504 2057 1598 2098 pars
1629 2057 1711 2085 non
1742 2049 1888 2099 potest.

131 2106 384 2149 Deliberatio
415 2111 551 2147 autem
583 2109 624 2145 et
653 2104 949 2146 demonstratio
981 2119 1134 2158 genera
1164 2110 1257 2146 sunt
1286 2118 1514 2147 causarum.
1574 2108 1674 2147 Nam
1706 2113 1774 2147 aut
1804 2106 1894 2148 nul-

131 2169 216 2211 lum
247 2182 394 2211 causae
425 2182 553 2223 genus
589 2174 668 2214 est,
715 2173 784 2209 aut
821 2167 1013 2209 iudiciale
1050 2169 1185 2209 solum
1205 2199 1216 2216 ‚
1263 2173 1333 2209 aut
1363 2173 1402 2208 et
1431 2167 1621 2209 iudiciale
1651 2175 1691 2210 et
1721 2168 1890 2211 demon-
1904 2180 1939 2207 30

132 2233 346 2274 strativum
393 2239 433 2274 et
476 2229 807 2272 deliberativum.
875 2230 1041 2272 Nullum
1082 2230 1221 2271 dicere
1267 2244 1412 2272 causae
1456 2245 1545 2272 esse
1591 2245 1746 2285 genus,
1797 2246 1890 2273 cum

134 2308 276 2337 causas
318 2307 409 2335 esse
448 2293 595 2335 multas
633 2292 740 2334 dicat
777 2298 817 2334 et
855 2294 896 2334 in
928 2307 997 2334 eas
1026 2299 1247 2348 praecepta
1278 2295 1367 2342 det,
1418 2293 1595 2335 amentia
1626 2300 1715 2344 est3
1764 2308 1890 2336 unum

132 2356 327 2400 iudiciale
359 2362 495 2399 autem
531 2358 665 2398 solum
695 2370 784 2398 esse
816 2355 886 2411 qui
924 2363 1076 2412 potest,
1122 2370 1214 2398 cum
1247 2355 1489 2398 deliberatio
1522 2363 1562 2398 et
1593 2359 1888 2399 demonstratio

133 2433 269 2477 neque
313 2420 425 2475 ipsae
466 2418 620 2461 similes
650 2418 757 2460 inter
787 2432 831 2460 se
860 2420 941 2461 sint
970 2425 1009 2461 et
1038 2418 1089 2461 ab
1119 2419 1300 2461 iudiciali
1331 2433 1482 2474 genere
1512 2419 1735 2474 plurimum
1774 2419 1891 2461 dissi-

134 2485 257 2525 deant
286 2489 326 2524 et
355 2496 474 2524 suum
505 2495 693 2537 quaeque
725 2480 847 2523 finem
878 2484 1048 2530 habeat,
1095 2497 1175 2538 quo
1220 2481 1372 2524 referri
1402 2482 1583 2524 debeat?
1632 2482 1937 2538 Relinquiturss

133 2559 258 2600 ergo,
288 2550 334 2587 ut
364 2544 502 2587 omnia
533 2544 609 2585 tria
640 2557 792 2598 genera
821 2544 901 2586 sint
930 2558 1158 2586 causarum.
1217 2545 1472 2587 Deliberatio
1503 2545 1626 2599 igitur
1657 2551 1697 2587 et
1721 2544 1889 2586 demon-

134 2609 275 2650 stratio
315 2622 400 2650 non
444 2612 617 2663 possunt
660 2612 771 2648 recte
801 2614 938 2662 partes
978 2608 1151 2649 alieuius
1180 2607 1347 2661 generis
1377 2621 1522 2650 causae
1551 2608 1700 2664 putari.
1780 2606 1885 2648 Male

132 2671 259 2727 igitur
291 2684 359 2713 eas
391 2671 594 2725 generalis
624 2670 926 2712 constitutionis
955 2677 1091 2726 partes
1121 2684 1210 2712 esse
1241 2670 1357 2715 dixit.

243 2735 298 2775 X.
367 2736 430 2774 13.
482 2731 639 2782 Quodsi
682 2734 846 2786 generis
890 2747 1035 2775 causae
1086 2740 1223 2788 partes
1259 2748 1341 2775 non
1377 2738 1549 2789 possunt
1584 2737 1692 2774 recte
1734 2731 1883 2785 putari,

135 2797 263 2838 multo
302 2795 436 2838 minus
471 2802 584 2837 recte
623 2796 751 2851 partis
781 2809 926 2838 causae
955 2803 1092 2852 partes
1123 2795 1390 2850 putabuntur.
1447 2798 1545 2837 Pars
1575 2803 1709 2837 autem
1740 2807 1932 2836 causaesoo

227 2923 260 2954 2.
290 2922 380 2955 Nam
406 2923 529 2964 ecquid
554 2927 673 2956 contra
700 2923 803 2956 libros
820 2924 939 2956 Lamb.
956 2940 995 2946 —
1023 2923 1056 2954 3.
1075 2923 1209 2964 Ecquid
1230 2923 1373 2955 Lamb.:
1401 2926 1433 2955 et
1456 2922 1540 2963 quid
1566 2931 1641 2954 cum
1669 2921 1762 2954 libris
1791 2922 1888 2954 E.—

135 2970 169 3002 3.
199 2969 312 3001 Ulixes
338 2970 439 3002 libri:
472 2970 603 3012 Ulysses
628 2972 666 3004 Ε.
696 2987 734 2993 -
761 2971 794 3003 a.
822 2971 957 3012 Ecquid
985 2971 1130 3002 Lainb.:
1159 2975 1189 3002 et
1213 2971 1298 3011 quid
1323 2979 1398 3002 cum
1426 2970 1518 3000 libris
1547 2969 1582 3000 Ε.
1608 2986 1643 2992 -
1673 2969 1706 3000 6.
1734 2973 1783 3001 est
1808 2978 1887 3001 con-

135 3018 306 3050 troversia
330 3016 474 3049 PART:
501 3019 735 3050 controversia
762 3023 810 3050 est
836 3018 907 3050 VE.
930 3036 966 3042 -
997 3018 1030 3050 8.
1061 3017 1121 3048 Vv.
1141 3018 1218 3049 ideo
1243 3018 1392 3049 nominis
1420 3018 1558 3048 seclusit
1575 3015 1621 3053 Ε,
1650 3015 1716 3048 del.
1745 3016 1824 3048 Sch.
1845 3033 1883 3041 -

136 3064 407 3097 controversiam
423 3087 431 3101 ‚
473 3066 564 3105 quod
599 3065 640 3096 de
665 3072 701 3095 re
724 3066 801 3105 ipsa
825 3075 896 3097 non
927 3066 1135 3101 conveniat:
1175 3074 1246 3096 non
1270 3064 1410 3100 PAR'r,
1448 3062 1543 3094 Ert.:
1587 3064 1855 3094 controversiam
1871 3086 1882 3100 ,

137 3111 221 3150 [non
245 3111 338 3152 quod
364 3111 403 3142 de
427 3118 464 3142 re
489 3112 565 3150 ipsa
589 3119 658 3143 non
683 3110 882 3152 conveniat]
909 3122 981 3144 ηοη
1000 3112 1040 3143 Ε.
1090 3111 1249 3143 Nostram
1277 3112 1354 3143 lect.
1384 3111 1494 3140 firmat
1521 3109 1559 3140 V.
1581 3110 1765 3142 discrimen
1793 3112 1884 3142 inter

134 3165 207 3189 rem
232 3163 266 3190 et
289 3159 417 3200 sactum
443 3162 534 3190 recte
559 3162 727 3190 statuens.
757 3176 797 3182 —-
841 3160 896 3191 11.
924 3158 1092 3191 eiusmodi
1116 3156 1260 3189 PART:
1299 3157 1495 3188 huiusmodi
1521 3156 1560 3188 Ε.
1598 3172 1641 3179 —
1680 3157 1736 3188 15.
1763 3157 1885 3187 dicunt

136 3205 238 3238 libri:
281 3205 398 3237 dicant
425 3202 450 3235 E
478 3206 568 3236 cont.
598 3221 632 3228 —
675 3205 730 3236 16.
759 3214 836 3237 cum
861 3207 980 3248 ecquid
1005 3213 1082 3238 cum
1109 3205 1230 3236 Lamb.
1259 3203 1337 3235 Sch.
1368 3219 1406 3225 —
1450 3202 1506 3234 24.
1534 3213 1610 3235 eum
1635 3212 1704 3235 om.
1732 3203 1823 3235 ΛΚΤ
1849 3207 1884 3235 et

136 3259 189 3292 pr.
217 3251 256 3285 P.
285 3268 334 3274 —-·
353 3251 408 3284 33.
436 3250 598 3283 iudiciale
623 3255 739 3283 autem
764 3253 875 3284 PAT:
904 3258 1021 3285 autem
1044 3251 1205 3282 iudiciale
1230 3251 1300 3281 RE.
1329 3266 1369 3272 —
1408 3249 1464 3282 35.
1493 3250 1642 3283 habeant
1665 3249 1727 3282 AR
1752 3251 1881 3289 aliique

137 3298 235 3340 prob.
264 3298 380 3336 Oud.,
409 3300 480 3330 uti:
509 3297 649 3330 debeant
677 3298 706 3330 R
732 3303 766 3332 et
789 3307 842 3340 pr.
869 3298 911 3332 Α.
946 3315 979 3322 -
1010 3298 1148 3332 omnino
1173 3297 1292 3329 Lamb.
1321 3298 1410 3329 coni.
1440 3301 1474 3331 et
1499 3296 1579 3330 Sch.
1606 3314 1651 3321 —-
1689 3296 1746 3329 36.
1772 3298 1882 3338 iyitur

137 3355 205 3380 om.
233 3345 292 3378 AT
319 3350 354 3381 et
377 3354 429 3387 pr.
456 3343 503 3385 P;
531 3345 643 3377 firmat
668 3344 709 3379 V.
