<?xml version="1.0" encoding="UTF-8"?>
<!DOCTYPE html PUBLIC "-//W3C//DTD XHTML 1.0 Transitional//EN"
    "http://www.w3.org/TR/xhtml1/DTD/xhtml1-transitional.dtd">
<html xmlns="http://www.w3.org/1999/xhtml" xml:lang="en" lang="en">
 <head>
  <title>
</title>
<meta http-equiv="Content-Type" content="text/html;charset=utf-8" />
  <meta name='ocr-system' content='tesseract 3.04.00' />
  <meta name='ocr-capabilities' content='ocr_page ocr_carea ocr_par ocr_line ocrx_word'/>
</head>
<body>
  <div class='ocr_page' id='page_1' title='image "./operaquaesupersu01ciceuoft_0155.png"; bbox 0 0 2117 3762; ppageno 0'>
   <div class='ocr_carea' id='block_1_1' title="bbox 675 255 1854 299">
    <p class='ocr_par' dir='ltr' id='par_1_1' title="bbox 675 255 1854 299">
     <span class='ocr_line' id='line_1_1' title="bbox 675 255 1854 299; baseline 0.002 -2"><span class='ocrx_word' id='word_1_1' title='bbox 675 256 775 297; x_wconf 88' lang='lat' dir='ltr'><strong>LIB.</strong></span> <span class='ocrx_word' id='word_1_2' title='bbox 807 255 858 297; x_wconf 92' lang='grc' dir='ltr'>ΙΙ.</span> <span class='ocrx_word' id='word_1_3' title='bbox 918 256 961 297; x_wconf 92' lang='lat' dir='ltr'>C.</span> <span class='ocrx_word' id='word_1_4' title='bbox 999 255 1063 296; x_wconf 84' lang='lat'><strong>19.</strong></span> <span class='ocrx_word' id='word_1_5' title='bbox 1097 256 1165 296; x_wconf 79' lang='lat'><strong>20.</strong></span> <span class='ocrx_word' id='word_1_6' title='bbox 1200 256 1267 296; x_wconf 72' lang='lat'><strong>21.</strong></span> <span class='ocrx_word' id='word_1_7' title='bbox 1777 258 1854 299; x_wconf 67' lang='lat' dir='ltr'>1t3</span> 
     </span>
    </p>
   </div>
   <div class='ocr_carea' id='block_1_2' title="bbox 98 360 1921 2947">
    <p class='ocr_par' dir='ltr' id='par_1_2' title="bbox 98 360 1921 2947">
     <span class='ocr_line' id='line_1_2' title="bbox 101 360 1857 420; baseline -0.002 -15"><span class='ocrx_word' id='word_1_8' title='bbox 101 361 248 420; x_wconf 85' lang='lat' dir='ltr'>quaeri</span> <span class='ocrx_word' id='word_1_9' title='bbox 278 360 507 418; x_wconf 74' lang='lat' dir='ltr'>oportebit,</span> <span class='ocrx_word' id='word_1_10' title='bbox 553 374 577 403; x_wconf 85' lang='lat' dir='ltr'>a</span> <span class='ocrx_word' id='word_1_11' title='bbox 614 374 697 415; x_wconf 92' lang='lat' dir='ltr'>quo</span> <span class='ocrx_word' id='word_1_12' title='bbox 739 366 780 401; x_wconf 88' lang='lat' dir='ltr'>et</span> <span class='ocrx_word' id='word_1_13' title='bbox 809 374 883 415; x_wconf 91' lang='lat' dir='ltr'>per</span> <span class='ocrx_word' id='word_1_14' title='bbox 913 374 1016 415; x_wconf 84' lang='lat' dir='ltr'>quos</span> <span class='ocrx_word' id='word_1_15' title='bbox 1048 366 1088 402; x_wconf 90' lang='lat' dir='ltr'>et</span> <span class='ocrx_word' id='word_1_16' title='bbox 1117 374 1201 414; x_wconf 87' lang='lat' dir='ltr'>quo</span> <span class='ocrx_word' id='word_1_17' title='bbox 1232 361 1358 402; x_wconf 91' lang='lat' dir='ltr'>modo</span> <span class='ocrx_word' id='word_1_18' title='bbox 1388 364 1430 400; x_wconf 87' lang='lat' dir='ltr'>et</span> <span class='ocrx_word' id='word_1_19' title='bbox 1458 372 1542 415; x_wconf 89' lang='lat' dir='ltr'>quo</span> <span class='ocrx_word' id='word_1_20' title='bbox 1573 365 1759 415; x_wconf 90' lang='lat' dir='ltr'>tempore</span> <span class='ocrx_word' id='word_1_21' title='bbox 1789 369 1857 403; x_wconf 84' lang='lat' dir='ltr'>aut</span> 
     </span>
     <span class='ocr_line' id='line_1_3' title="bbox 101 421 1857 478; baseline -0.002 -12"><span class='ocrx_word' id='word_1_22' title='bbox 101 425 167 478; x_wconf 87' lang='lat' dir='ltr'>agi</span> <span class='ocrx_word' id='word_1_23' title='bbox 197 431 266 468; x_wconf 90' lang='lat' dir='ltr'>aut</span> <span class='ocrx_word' id='word_1_24' title='bbox 296 424 469 466; x_wconf 84' lang='lat' dir='ltr'>iudicari</span> <span class='ocrx_word' id='word_1_25' title='bbox 498 429 568 465; x_wconf 91' lang='lat' dir='ltr'>aut</span> <span class='ocrx_word' id='word_1_26' title='bbox 596 423 695 478; x_wconf 90' lang='lat' dir='ltr'>quid</span> <span class='ocrx_word' id='word_1_27' title='bbox 726 422 849 464; x_wconf 91' lang='lat' dir='ltr'>statui</span> <span class='ocrx_word' id='word_1_28' title='bbox 880 421 929 464; x_wconf 88' lang='lat' dir='ltr'>de</span> <span class='ocrx_word' id='word_1_29' title='bbox 961 437 1009 464; x_wconf 90' lang='lat' dir='ltr'>ca</span> <span class='ocrx_word' id='word_1_30' title='bbox 1039 437 1084 464; x_wconf 89' lang='lat' dir='ltr'>re</span> <span class='ocrx_word' id='word_1_31' title='bbox 1115 422 1346 464; x_wconf 87' lang='lat' dir='ltr'>conveniat.</span> <span class='ocrx_word' id='word_1_32' title='bbox 1408 424 1476 463; x_wconf 88' lang='lat'>61.</span> <span class='ocrx_word' id='word_1_33' title='bbox 1511 421 1556 463; x_wconf 91' lang='lat' dir='ltr'>ld</span> <span class='ocrx_word' id='word_1_34' title='bbox 1589 437 1642 463; x_wconf 84' lang='lat' dir='ltr'>ex</span> <span class='ocrx_word' id='word_1_35' title='bbox 1672 422 1857 476; x_wconf 86' lang='lat' dir='ltr'>partibus</span> 
     </span>
     <span class='ocr_line' id='line_1_4' title="bbox 100 484 1857 541; baseline -0.002 -13"><span class='ocrx_word' id='word_1_36' title='bbox 100 486 227 533; x_wconf 90' lang='lat' dir='ltr'>iuris,</span> <span class='ocrx_word' id='word_1_37' title='bbox 259 486 310 528; x_wconf 89' lang='lat' dir='ltr'>dc</span> <span class='ocrx_word' id='word_1_38' title='bbox 341 487 491 541; x_wconf 91' lang='lat' dir='ltr'>quibus</span> <span class='ocrx_word' id='word_1_39' title='bbox 521 491 613 541; x_wconf 89' lang='lat' dir='ltr'>post</span> <span class='ocrx_word' id='word_1_40' title='bbox 644 484 862 526; x_wconf 88' lang='lat' dir='ltr'>dicendum</span> <span class='ocrx_word' id='word_1_41' title='bbox 894 491 977 532; x_wconf 88' lang='lat' dir='ltr'>cst,</span> <span class='ocrx_word' id='word_1_42' title='bbox 1016 484 1122 526; x_wconf 92' lang='lat' dir='ltr'>sumi</span> <span class='ocrx_word' id='word_1_43' title='bbox 1153 486 1363 540; x_wconf 88' lang='lat' dir='ltr'>oportebit</span> <span class='ocrx_word' id='word_1_44' title='bbox 1392 489 1432 526; x_wconf 87' lang='lat' dir='ltr'>et</span> <span class='ocrx_word' id='word_1_45' title='bbox 1460 484 1722 532; x_wconf 86' lang='lat' dir='ltr'>ratiocinari,</span> <span class='ocrx_word' id='word_1_46' title='bbox 1760 485 1857 540; x_wconf 89' lang='lat' dir='ltr'>quid</span> 
     </span>
     <span class='ocr_line' id='line_1_5' title="bbox 99 546 1859 601; baseline -0.001 -11"><span class='ocrx_word' id='word_1_47' title='bbox 99 548 144 590; x_wconf 90' lang='lat' dir='ltr'>in</span> <span class='ocrx_word' id='word_1_48' title='bbox 175 549 380 591; x_wconf 83' lang='lat' dir='ltr'>similibus</span> <span class='ocrx_word' id='word_1_49' title='bbox 410 548 534 591; x_wconf 87' lang='lat' dir='ltr'>rebus</span> <span class='ocrx_word' id='word_1_50' title='bbox 564 547 650 589; x_wconf 85' lang='lat' dir='ltr'>fieri</span> <span class='ocrx_word' id='word_1_51' title='bbox 682 549 832 595; x_wconf 78' lang='lat' dir='ltr'>soleat,</span> <span class='ocrx_word' id='word_1_52' title='bbox 884 555 924 590; x_wconf 89' lang='lat' dir='ltr'>et</span> <span class='ocrx_word' id='word_1_53' title='bbox 961 548 1129 594; x_wconf 75' lang='lat' dir='ltr'>videre,</span> <span class='ocrx_word' id='word_1_54' title='bbox 1177 553 1315 590; x_wconf 90' lang='lat' dir='ltr'>utrum</span> <span class='ocrx_word' id='word_1_55' title='bbox 1356 546 1510 589; x_wconf 85' lang='lat' dir='ltr'>malitia</span> <span class='ocrx_word' id='word_1_56' title='bbox 1551 546 1661 588; x_wconf 88' lang='lat' dir='ltr'>aliud</span> <span class='ocrx_word' id='word_1_57' title='bbox 1692 553 1859 601; x_wconf 84' lang='lat' dir='ltr'>agatur,</span> 
     </span>
     <span class='ocr_line' id='line_1_6' title="bbox 100 608 1889 664; baseline -0.002 -11"><span class='ocrx_word' id='word_1_58' title='bbox 100 613 211 653; x_wconf 89' lang='lat' dir='ltr'>aliud</span> <span class='ocrx_word' id='word_1_59' title='bbox 243 612 482 660; x_wconf 84' lang='lat' dir='ltr'>simuletur,</span> <span class='ocrx_word' id='word_1_60' title='bbox 515 625 567 652; x_wconf 91' lang='lat' dir='ltr'>an</span> <span class='ocrx_word' id='word_1_61' title='bbox 600 611 794 658; x_wconf 88' lang='lat' dir='ltr'>stultitia,</span> <span class='ocrx_word' id='word_1_62' title='bbox 828 624 880 651; x_wconf 88' lang='lat' dir='ltr'>an</span> <span class='ocrx_word' id='word_1_63' title='bbox 911 609 1239 657; x_wconf 78' lang='lat' dir='ltr'>necessitudine,</span> <span class='ocrx_word' id='word_1_64' title='bbox 1272 611 1385 664; x_wconf 90' lang='lat' dir='ltr'>quod</span> <span class='ocrx_word' id='word_1_65' title='bbox 1417 611 1499 651; x_wconf 87' lang='lat' dir='ltr'>alio</span> <span class='ocrx_word' id='word_1_66' title='bbox 1530 610 1656 651; x_wconf 92' lang='lat' dir='ltr'>modo</span> <span class='ocrx_word' id='word_1_67' title='bbox 1689 608 1755 663; x_wconf 90' lang='lat' dir='ltr'>agi</span> <span class='ocrx_word' id='word_1_68' title='bbox 1777 622 1889 650; x_wconf 76' lang='lat' dir='ltr'>nons</span> 
     </span>
     <span class='ocr_line' id='line_1_7' title="bbox 100 671 1861 730; baseline -0.002 -14"><span class='ocrx_word' id='word_1_69' title='bbox 100 676 251 730; x_wconf 78' lang='lat' dir='ltr'>possit,</span> <span class='ocrx_word' id='word_1_70' title='bbox 301 688 352 716; x_wconf 89' lang='lat' dir='ltr'>an</span> <span class='ocrx_word' id='word_1_71' title='bbox 394 673 614 716; x_wconf 81' lang='lat' dir='ltr'>occasione</span> <span class='ocrx_word' id='word_1_72' title='bbox 655 673 805 726; x_wconf 84' lang='lat' dir='ltr'>agendi</span> <span class='ocrx_word' id='word_1_73' title='bbox 848 675 905 714; x_wconf 88' lang='lat' dir='ltr'>sic</span> <span class='ocrx_word' id='word_1_74' title='bbox 946 674 998 714; x_wconf 88' lang='lat' dir='ltr'>sit</span> <span class='ocrx_word' id='word_1_75' title='bbox 1036 673 1235 714; x_wconf 89' lang='lat' dir='ltr'>iudicium</span> <span class='ocrx_word' id='word_1_76' title='bbox 1275 679 1345 713; x_wconf 85' lang='lat' dir='ltr'>aut</span> <span class='ocrx_word' id='word_1_77' title='bbox 1374 673 1482 714; x_wconf 89' lang='lat' dir='ltr'>actio</span> <span class='ocrx_word' id='word_1_78' title='bbox 1513 671 1756 720; x_wconf 88' lang='lat' dir='ltr'>constituta,</span> <span class='ocrx_word' id='word_1_79' title='bbox 1809 685 1861 712; x_wconf 91' lang='lat' dir='ltr'>an</span> 
     </span>
     <span class='ocr_line' id='line_1_8' title="bbox 101 735 1862 789; baseline -0.002 -11"><span class='ocrx_word' id='word_1_80' title='bbox 101 743 213 778; x_wconf 88' lang='lat' dir='ltr'>recte</span> <span class='ocrx_word' id='word_1_81' title='bbox 243 738 333 778; x_wconf 88' lang='lat' dir='ltr'>sine</span> <span class='ocrx_word' id='word_1_82' title='bbox 364 736 447 778; x_wconf 88' lang='lat' dir='ltr'>ulla</span> <span class='ocrx_word' id='word_1_83' title='bbox 478 751 522 777; x_wconf 90' lang='lat' dir='ltr'>re</span> <span class='ocrx_word' id='word_1_84' title='bbox 553 735 758 777; x_wconf 89' lang='lat' dir='ltr'>eiusmodi</span> <span class='ocrx_word' id='word_1_85' title='bbox 791 750 856 776; x_wconf 91' lang='lat' dir='ltr'>res</span> <span class='ocrx_word' id='word_1_86' title='bbox 887 741 1047 789; x_wconf 81' lang='lat' dir='ltr'>agatur.</span> <span class='ocrx_word' id='word_1_87' title='bbox 1109 736 1246 776; x_wconf 90' lang='lat' dir='ltr'>Locus</span> <span class='ocrx_word' id='word_1_88' title='bbox 1285 741 1422 777; x_wconf 87' lang='lat' dir='ltr'>autem</span> <span class='ocrx_word' id='word_1_89' title='bbox 1454 735 1686 777; x_wconf 87' lang='lat' dir='ltr'>communis</span> <span class='ocrx_word' id='word_1_90' title='bbox 1718 739 1862 775; x_wconf 90' lang='lat' dir='ltr'>contra</span> 
     </span>
     <span class='ocr_line' id='line_1_9' title="bbox 101 797 1862 854; baseline -0.002 -14"><span class='ocrx_word' id='word_1_91' title='bbox 101 814 222 848; x_wconf 90' lang='lat' dir='ltr'>eum,</span> <span class='ocrx_word' id='word_1_92' title='bbox 257 800 327 854; x_wconf 90' lang='lat' dir='ltr'>qui</span> <span class='ocrx_word' id='word_1_93' title='bbox 359 799 672 840; x_wconf 80' lang='lat' dir='ltr'>translationem</span> <span class='ocrx_word' id='word_1_94' title='bbox 704 799 893 839; x_wconf 81' lang='lat' dir='ltr'>inducet:</span> <span class='ocrx_word' id='word_1_95' title='bbox 929 797 1073 851; x_wconf 88' lang='lat' dir='ltr'>sugere</span> <span class='ocrx_word' id='word_1_96' title='bbox 1104 798 1302 838; x_wconf 91' lang='lat' dir='ltr'>iudicium</span> <span class='ocrx_word' id='word_1_97' title='bbox 1333 812 1379 838; x_wconf 87' lang='lat' dir='ltr'>ac</span> <span class='ocrx_word' id='word_1_98' title='bbox 1409 811 1612 853; x_wconf 88' lang='lat' dir='ltr'>poenam,</span> <span class='ocrx_word' id='word_1_99' title='bbox 1646 797 1744 852; x_wconf 90' lang='lat' dir='ltr'>quia</span> <span class='ocrx_word' id='word_1_100' title='bbox 1765 809 1862 837; x_wconf 88' lang='lat' dir='ltr'>cau-</span> 
     </span>
     <span class='ocr_line' id='line_1_10' title="bbox 101 859 1862 913; baseline -0.003 -9"><span class='ocrx_word' id='word_1_101' title='bbox 101 877 170 904; x_wconf 89' lang='lat' dir='ltr'>sae</span> <span class='ocrx_word' id='word_1_102' title='bbox 201 862 372 904; x_wconf 84' lang='lat' dir='ltr'>diffidat.</span> <span class='ocrx_word' id='word_1_103' title='bbox 432 862 468 901; x_wconf 82' lang='lat' dir='ltr'>A</span> <span class='ocrx_word' id='word_1_104' title='bbox 499 860 764 901; x_wconf 88' lang='lat' dir='ltr'>translatione</span> <span class='ocrx_word' id='word_1_105' title='bbox 795 866 958 902; x_wconf 88' lang='lat' dir='ltr'>autem:</span> <span class='ocrx_word' id='word_1_106' title='bbox 994 860 1178 900; x_wconf 92' lang='lat' dir='ltr'>omnium</span> <span class='ocrx_word' id='word_1_107' title='bbox 1201 860 1290 900; x_wconf 90' lang='lat' dir='ltr'>sore</span> <span class='ocrx_word' id='word_1_108' title='bbox 1312 861 1690 913; x_wconf 80' lang='lat' dir='ltr'>perturbationem,</span> <span class='ocrx_word' id='word_1_109' title='bbox 1722 859 1756 899; x_wconf 94' lang='lat' dir='ltr'>si</span> <span class='ocrx_word' id='word_1_110' title='bbox 1778 871 1862 899; x_wconf 92' lang='lat' dir='ltr'>non</span> 
     </span>
     <span class='ocr_line' id='line_1_11' title="bbox 99 920 1911 979; baseline -0.003 -14"><span class='ocrx_word' id='word_1_111' title='bbox 99 926 156 966; x_wconf 89' lang='lat' dir='ltr'>ita</span> <span class='ocrx_word' id='word_1_112' title='bbox 186 939 252 967; x_wconf 89' lang='lat' dir='ltr'>res</span> <span class='ocrx_word' id='word_1_113' title='bbox 282 929 456 979; x_wconf 85' lang='lat' dir='ltr'>agantur</span> <span class='ocrx_word' id='word_1_114' title='bbox 487 928 528 964; x_wconf 88' lang='lat' dir='ltr'>et</span> <span class='ocrx_word' id='word_1_115' title='bbox 559 924 600 963; x_wconf 91' lang='lat' dir='ltr'>in</span> <span class='ocrx_word' id='word_1_116' title='bbox 633 924 830 964; x_wconf 87' lang='lat' dir='ltr'>iudicium</span> <span class='ocrx_word' id='word_1_117' title='bbox 860 922 1050 970; x_wconf 78' lang='lat' dir='ltr'>veniant,</span> <span class='ocrx_word' id='word_1_118' title='bbox 1085 935 1167 976; x_wconf 91' lang='lat' dir='ltr'>quo</span> <span class='ocrx_word' id='word_1_119' title='bbox 1197 927 1319 976; x_wconf 89' lang='lat' dir='ltr'>pacto</span> <span class='ocrx_word' id='word_1_120' title='bbox 1351 928 1565 975; x_wconf 88' lang='lat' dir='ltr'>oporteat;</span> <span class='ocrx_word' id='word_1_121' title='bbox 1600 923 1679 962; x_wconf 86' lang='lat' dir='ltr'>hoc</span> <span class='ocrx_word' id='word_1_122' title='bbox 1711 926 1794 966; x_wconf 91' lang='lat' dir='ltr'>est,</span> <span class='ocrx_word' id='word_1_123' title='bbox 1827 920 1911 961; x_wconf 89' lang='lat' dir='ltr'>si1o</span> 
     </span>
     <span class='ocr_line' id='line_1_12' title="bbox 99 983 1860 1040; baseline -0.004 -11"><span class='ocrx_word' id='word_1_124' title='bbox 99 993 172 1029; x_wconf 77' lang='lat' dir='ltr'>aut</span> <span class='ocrx_word' id='word_1_125' title='bbox 200 1001 293 1029; x_wconf 93' lang='lat' dir='ltr'>cum</span> <span class='ocrx_word' id='word_1_126' title='bbox 325 1001 374 1029; x_wconf 90' lang='lat' dir='ltr'>eo</span> <span class='ocrx_word' id='word_1_127' title='bbox 407 992 574 1040; x_wconf 86' lang='lat' dir='ltr'>agatur,</span> <span class='ocrx_word' id='word_1_128' title='bbox 609 987 775 1040; x_wconf 89' lang='lat' dir='ltr'>quicum</span> <span class='ocrx_word' id='word_1_129' title='bbox 806 1000 892 1026; x_wconf 91' lang='lat' dir='ltr'>non</span> <span class='ocrx_word' id='word_1_130' title='bbox 924 990 1139 1040; x_wconf 85' lang='lat' dir='ltr'>oporteat,</span> <span class='ocrx_word' id='word_1_131' title='bbox 1173 990 1245 1024; x_wconf 90' lang='lat' dir='ltr'>aut</span> <span class='ocrx_word' id='word_1_132' title='bbox 1273 985 1353 1025; x_wconf 88' lang='lat' dir='ltr'>alia</span> <span class='ocrx_word' id='word_1_133' title='bbox 1374 998 1535 1040; x_wconf 88' lang='lat' dir='ltr'>poena,</span> <span class='ocrx_word' id='word_1_134' title='bbox 1567 985 1649 1025; x_wconf 89' lang='lat' dir='ltr'>alio</span> <span class='ocrx_word' id='word_1_135' title='bbox 1670 983 1860 1031; x_wconf 90' lang='lat' dir='ltr'>crimine,</span> 
     </span>
     <span class='ocr_line' id='line_1_13' title="bbox 98 1045 1864 1105; baseline -0.003 -14"><span class='ocrx_word' id='word_1_136' title='bbox 98 1049 182 1092; x_wconf 92' lang='lat' dir='ltr'>alio</span> <span class='ocrx_word' id='word_1_137' title='bbox 204 1055 416 1105; x_wconf 88' lang='lat' dir='ltr'>tempore;</span> <span class='ocrx_word' id='word_1_138' title='bbox 452 1054 574 1104; x_wconf 85' lang='lat' dir='ltr'>atque</span> <span class='ocrx_word' id='word_1_139' title='bbox 596 1048 700 1090; x_wconf 88' lang='lat' dir='ltr'>hanc</span> <span class='ocrx_word' id='word_1_140' title='bbox 722 1050 925 1090; x_wconf 88' lang='lat' dir='ltr'>rationem</span> <span class='ocrx_word' id='word_1_141' title='bbox 947 1050 998 1089; x_wconf 90' lang='lat' dir='ltr'>ad</span> <span class='ocrx_word' id='word_1_142' title='bbox 1020 1045 1380 1100; x_wconf 86' lang='lat' dir='ltr'>perturbationem</span> <span class='ocrx_word' id='word_1_143' title='bbox 1408 1047 1657 1089; x_wconf 87' lang='lat' dir='ltr'>iudiciorum</span> <span class='ocrx_word' id='word_1_144' title='bbox 1679 1046 1864 1087; x_wconf 92' lang='lat' dir='ltr'>omnium</span> 
     </span>
     <span class='ocr_line' id='line_1_14' title="bbox 98 1109 1863 1166; baseline -0.003 -13"><span class='ocrx_word' id='word_1_145' title='bbox 98 1113 324 1166; x_wconf 90' lang='lat' dir='ltr'>pertinere.</span> <span class='ocrx_word' id='word_1_146' title='bbox 386 1114 486 1153; x_wconf 87' lang='lat' dir='ltr'>Tres</span> <span class='ocrx_word' id='word_1_147' title='bbox 519 1112 643 1165; x_wconf 82' lang='lat' dir='ltr'>igitur</span> <span class='ocrx_word' id='word_1_148' title='bbox 673 1126 747 1154; x_wconf 90' lang='lat' dir='ltr'>eae</span> <span class='ocrx_word' id='word_1_149' title='bbox 778 1112 1121 1158; x_wconf 85' lang='lat' dir='ltr'>constitutiones,</span> <span class='ocrx_word' id='word_1_150' title='bbox 1167 1123 1274 1164; x_wconf 88' lang='lat' dir='ltr'>quae</span> <span class='ocrx_word' id='word_1_151' title='bbox 1305 1115 1444 1165; x_wconf 88' lang='lat' dir='ltr'>partes</span> <span class='ocrx_word' id='word_1_152' title='bbox 1475 1124 1558 1151; x_wconf 90' lang='lat' dir='ltr'>non</span> <span class='ocrx_word' id='word_1_153' title='bbox 1587 1110 1770 1156; x_wconf 89' lang='lat' dir='ltr'>habent,</span> <span class='ocrx_word' id='word_1_154' title='bbox 1813 1109 1863 1148; x_wconf 94' lang='lat' dir='ltr'>ad</span> 
     </span>
     <span class='ocr_line' id='line_1_15' title="bbox 99 1171 1864 1228; baseline -0.003 -13"><span class='ocrx_word' id='word_1_155' title='bbox 99 1173 208 1216; x_wconf 91' lang='lat' dir='ltr'>hunc</span> <span class='ocrx_word' id='word_1_156' title='bbox 252 1172 423 1215; x_wconf 91' lang='lat' dir='ltr'>modum</span> <span class='ocrx_word' id='word_1_157' title='bbox 465 1176 763 1216; x_wconf 88' lang='lat' dir='ltr'>tractabuntur.</span> <span class='ocrx_word' id='word_1_158' title='bbox 821 1176 939 1216; x_wconf 82' lang='lat' dir='ltr'>Nunc</span> <span class='ocrx_word' id='word_1_159' title='bbox 985 1171 1225 1228; x_wconf 85' lang='lat' dir='ltr'>generalem</span> <span class='ocrx_word' id='word_1_160' title='bbox 1268 1171 1608 1214; x_wconf 89' lang='lat' dir='ltr'>constitutionem</span> <span class='ocrx_word' id='word_1_161' title='bbox 1648 1176 1689 1212; x_wconf 87' lang='lat' dir='ltr'>et</span> <span class='ocrx_word' id='word_1_162' title='bbox 1725 1175 1864 1226; x_wconf 90' lang='lat' dir='ltr'>partes</span> 
     </span>
     <span class='ocr_line' id='line_1_16' title="bbox 100 1237 1913 1278; baseline -0.004 -1"><span class='ocrx_word' id='word_1_163' title='bbox 100 1237 189 1277; x_wconf 91' lang='lat' dir='ltr'>eius</span> <span class='ocrx_word' id='word_1_164' title='bbox 221 1237 550 1278; x_wconf 82' lang='lat' dir='ltr'>consideremus,</span> <span class='ocrx_word' id='word_1_165' title='bbox 1876 1244 1913 1270; x_wconf 82' lang='lat'>15</span> 
     </span>
     <span class='ocr_line' id='line_1_17' title="bbox 211 1296 1866 1353; baseline -0.001 -14"><span class='ocrx_word' id='word_1_166' title='bbox 211 1299 332 1340; x_wconf 85' lang='lat' dir='ltr'><strong>XXI.</strong></span> <span class='ocrx_word' id='word_1_167' title='bbox 370 1301 437 1339; x_wconf 82' lang='grc'>62.</span> <span class='ocrx_word' id='word_1_168' title='bbox 482 1299 583 1339; x_wconf 88' lang='lat' dir='ltr'>Cum</span> <span class='ocrx_word' id='word_1_169' title='bbox 616 1304 657 1340; x_wconf 89' lang='lat' dir='ltr'>et</span> <span class='ocrx_word' id='word_1_170' title='bbox 686 1297 796 1340; x_wconf 88' lang='lat' dir='ltr'>sacto</span> <span class='ocrx_word' id='word_1_171' title='bbox 828 1303 869 1340; x_wconf 91' lang='lat' dir='ltr'>et</span> <span class='ocrx_word' id='word_1_172' title='bbox 898 1297 994 1340; x_wconf 85' lang='lat' dir='ltr'>sacti</span> <span class='ocrx_word' id='word_1_173' title='bbox 1026 1299 1196 1340; x_wconf 90' lang='lat' dir='ltr'>nomine</span> <span class='ocrx_word' id='word_1_174' title='bbox 1229 1311 1427 1340; x_wconf 89' lang='lat' dir='ltr'>concesso</span> <span class='ocrx_word' id='word_1_175' title='bbox 1456 1311 1592 1353; x_wconf 89' lang='lat' dir='ltr'>neque</span> <span class='ocrx_word' id='word_1_176' title='bbox 1622 1297 1709 1337; x_wconf 89' lang='lat' dir='ltr'>ulla</span> <span class='ocrx_word' id='word_1_177' title='bbox 1739 1296 1866 1338; x_wconf 86' lang='lat' dir='ltr'>actio-</span> 
     </span>
     <span class='ocr_line' id='line_1_18' title="bbox 99 1359 1862 1415; baseline -0.002 -13"><span class='ocrx_word' id='word_1_178' title='bbox 99 1361 163 1402; x_wconf 90' lang='lat' dir='ltr'>nis</span> <span class='ocrx_word' id='word_1_179' title='bbox 193 1361 305 1403; x_wconf 85' lang='lat' dir='ltr'>illata</span> <span class='ocrx_word' id='word_1_180' title='bbox 337 1363 638 1409; x_wconf 80' lang='lat' dir='ltr'>controversia,</span> <span class='ocrx_word' id='word_1_181' title='bbox 684 1363 746 1403; x_wconf 88' lang='lat' dir='ltr'>vis</span> <span class='ocrx_word' id='word_1_182' title='bbox 789 1367 830 1402; x_wconf 86' lang='lat' dir='ltr'>et</span> <span class='ocrx_word' id='word_1_183' title='bbox 863 1367 1011 1402; x_wconf 84' lang='lat' dir='ltr'>natura</span> <span class='ocrx_word' id='word_1_184' title='bbox 1041 1367 1083 1403; x_wconf 89' lang='lat' dir='ltr'>et</span> <span class='ocrx_word' id='word_1_185' title='bbox 1112 1375 1243 1415; x_wconf 88' lang='lat' dir='ltr'>genus</span> <span class='ocrx_word' id='word_1_186' title='bbox 1274 1360 1433 1415; x_wconf 83' lang='lat' dir='ltr'>negotii</span> <span class='ocrx_word' id='word_1_187' title='bbox 1464 1362 1595 1413; x_wconf 91' lang='lat' dir='ltr'>ipsius</span> <span class='ocrx_word' id='word_1_188' title='bbox 1625 1359 1862 1413; x_wconf 90' lang='lat' dir='ltr'>quaeritur,</span> 
     </span>
     <span class='ocr_line' id='line_1_19' title="bbox 100 1422 1864 1479; baseline -0.002 -14"><span class='ocrx_word' id='word_1_189' title='bbox 100 1426 439 1466; x_wconf 89' lang='lat' dir='ltr'>constitutionem</span> <span class='ocrx_word' id='word_1_190' title='bbox 481 1424 719 1478; x_wconf 85' lang='lat' dir='ltr'>generalem</span> <span class='ocrx_word' id='word_1_191' title='bbox 758 1425 1031 1479; x_wconf 88' lang='lat' dir='ltr'>appellamus.</span> <span class='ocrx_word' id='word_1_192' title='bbox 1092 1425 1227 1465; x_wconf 89' lang='lat' dir='ltr'>Huius</span> <span class='ocrx_word' id='word_1_193' title='bbox 1264 1423 1420 1479; x_wconf 91' lang='lat' dir='ltr'>primas</span> <span class='ocrx_word' id='word_1_194' title='bbox 1458 1436 1549 1464; x_wconf 88' lang='lat' dir='ltr'>esse</span> <span class='ocrx_word' id='word_1_195' title='bbox 1587 1427 1724 1477; x_wconf 91' lang='lat' dir='ltr'>partes</span> <span class='ocrx_word' id='word_1_196' title='bbox 1763 1422 1864 1462; x_wconf 88' lang='lat' dir='ltr'>duas</span> 
     </span>
     <span class='ocr_line' id='line_1_20' title="bbox 99 1485 1864 1541; baseline -0.002 -13"><span class='ocrx_word' id='word_1_197' title='bbox 99 1485 222 1529; x_wconf 92' lang='lat' dir='ltr'>nobis</span> <span class='ocrx_word' id='word_1_198' title='bbox 252 1488 385 1528; x_wconf 77' lang='lat' dir='ltr'>videri</span> <span class='ocrx_word' id='word_1_199' title='bbox 416 1489 622 1536; x_wconf 82' lang='lat' dir='ltr'>diximus,</span> <span class='ocrx_word' id='word_1_200' title='bbox 664 1486 914 1541; x_wconf 85' lang='lat' dir='ltr'>negotialem</span> <span class='ocrx_word' id='word_1_201' title='bbox 947 1493 987 1528; x_wconf 89' lang='lat' dir='ltr'>et</span> <span class='ocrx_word' id='word_1_202' title='bbox 1016 1486 1307 1528; x_wconf 88' lang='lat' dir='ltr'>iuridicialem.</span> <span class='ocrx_word' id='word_1_203' title='bbox 1368 1486 1595 1540; x_wconf 87' lang='lat' dir='ltr'>Negotialis</span> <span class='ocrx_word' id='word_1_204' title='bbox 1627 1490 1711 1533; x_wconf 89' lang='lat' dir='ltr'>est,</span> <span class='ocrx_word' id='word_1_205' title='bbox 1759 1498 1864 1540; x_wconf 89' lang='lat' dir='ltr'>quae</span> 
     </span>
     <span class='ocr_line' id='line_1_21' title="bbox 99 1548 1915 1605; baseline -0.002 -14"><span class='ocrx_word' id='word_1_206' title='bbox 99 1551 141 1591; x_wconf 93' lang='lat' dir='ltr'>in</span> <span class='ocrx_word' id='word_1_207' title='bbox 183 1549 275 1605; x_wconf 91' lang='lat' dir='ltr'>ipso</span> <span class='ocrx_word' id='word_1_208' title='bbox 313 1551 486 1605; x_wconf 88' lang='lat' dir='ltr'>negotio</span> <span class='ocrx_word' id='word_1_209' title='bbox 524 1551 626 1591; x_wconf 90' lang='lat' dir='ltr'>iuris</span> <span class='ocrx_word' id='word_1_210' title='bbox 667 1549 801 1591; x_wconf 83' lang='lat' dir='ltr'>civilis</span> <span class='ocrx_word' id='word_1_211' title='bbox 839 1549 968 1591; x_wconf 86' lang='lat' dir='ltr'>habet</span> <span class='ocrx_word' id='word_1_212' title='bbox 1005 1549 1259 1604; x_wconf 84' lang='lat' dir='ltr'>implicatam</span> <span class='ocrx_word' id='word_1_213' title='bbox 1299 1548 1645 1590; x_wconf 89' lang='lat' dir='ltr'>controversiam.</span> <span class='ocrx_word' id='word_1_214' title='bbox 1706 1549 1766 1589; x_wconf 87' lang='lat' dir='ltr'>Ea</span> <span class='ocrx_word' id='word_1_215' title='bbox 1805 1552 1915 1588; x_wconf 81' lang='lat' dir='ltr'>est20</span> 
     </span>
     <span class='ocr_line' id='line_1_22' title="bbox 99 1613 1868 1667; baseline -0.002 -13"><span class='ocrx_word' id='word_1_216' title='bbox 99 1613 361 1655; x_wconf 90' lang='lat' dir='ltr'>huiusmodi:</span> <span class='ocrx_word' id='word_1_217' title='bbox 415 1614 594 1663; x_wconf 89' lang='lat' dir='ltr'>Quidam</span> <span class='ocrx_word' id='word_1_218' title='bbox 625 1613 830 1667; x_wconf 90' lang='lat' dir='ltr'>pupillum</span> <span class='ocrx_word' id='word_1_219' title='bbox 862 1613 1061 1653; x_wconf 89' lang='lat' dir='ltr'>heredem</span> <span class='ocrx_word' id='word_1_220' title='bbox 1092 1613 1215 1661; x_wconf 82' lang='lat' dir='ltr'>fecit3</span> <span class='ocrx_word' id='word_1_221' title='bbox 1248 1613 1432 1667; x_wconf 91' lang='lat' dir='ltr'>pupillus</span> <span class='ocrx_word' id='word_1_222' title='bbox 1462 1616 1599 1652; x_wconf 88' lang='lat' dir='ltr'>autem</span> <span class='ocrx_word' id='word_1_223' title='bbox 1631 1615 1724 1651; x_wconf 92' lang='lat' dir='ltr'>ante</span> <span class='ocrx_word' id='word_1_224' title='bbox 1756 1622 1868 1651; x_wconf 91' lang='lat' dir='ltr'>mor-</span> 
     </span>
     <span class='ocr_line' id='line_1_23' title="bbox 100 1674 1868 1731; baseline -0.001 -15"><span class='ocrx_word' id='word_1_225' title='bbox 100 1680 195 1717; x_wconf 90' lang='lat' dir='ltr'>tuus</span> <span class='ocrx_word' id='word_1_226' title='bbox 228 1681 315 1725; x_wconf 92' lang='lat' dir='ltr'>est,</span> <span class='ocrx_word' id='word_1_227' title='bbox 348 1689 472 1731; x_wconf 91' lang='lat' dir='ltr'>quam</span> <span class='ocrx_word' id='word_1_228' title='bbox 502 1676 545 1716; x_wconf 90' lang='lat' dir='ltr'>in</span> <span class='ocrx_word' id='word_1_229' title='bbox 577 1689 693 1716; x_wconf 91' lang='lat' dir='ltr'>suam</span> <span class='ocrx_word' id='word_1_230' title='bbox 723 1676 895 1716; x_wconf 89' lang='lat' dir='ltr'>tutelam</span> <span class='ocrx_word' id='word_1_231' title='bbox 925 1674 1122 1716; x_wconf 89' lang='lat' dir='ltr'>venisset.</span> <span class='ocrx_word' id='word_1_232' title='bbox 1182 1677 1243 1716; x_wconf 89' lang='lat' dir='ltr'>De</span> <span class='ocrx_word' id='word_1_233' title='bbox 1275 1674 1503 1716; x_wconf 85' lang='lat' dir='ltr'>hereditate</span> <span class='ocrx_word' id='word_1_234' title='bbox 1535 1688 1608 1723; x_wconf 90' lang='lat' dir='ltr'>ea,</span> <span class='ocrx_word' id='word_1_235' title='bbox 1656 1686 1761 1729; x_wconf 87' lang='lat' dir='ltr'>quae</span> <span class='ocrx_word' id='word_1_236' title='bbox 1791 1686 1868 1728; x_wconf 91' lang='lat' dir='ltr'>pu-</span> 
     </span>
     <span class='ocr_line' id='line_1_24' title="bbox 99 1736 1869 1793; baseline -0.001 -15"><span class='ocrx_word' id='word_1_237' title='bbox 99 1739 202 1793; x_wconf 92' lang='lat' dir='ltr'>pillo</span> <span class='ocrx_word' id='word_1_238' title='bbox 233 1740 372 1787; x_wconf 83' lang='lat' dir='ltr'>venit,</span> <span class='ocrx_word' id='word_1_239' title='bbox 404 1738 512 1780; x_wconf 85' lang='lat' dir='ltr'>inter</span> <span class='ocrx_word' id='word_1_240' title='bbox 541 1752 637 1787; x_wconf 76' lang='grc'><strong>605,</strong></span> <span class='ocrx_word' id='word_1_241' title='bbox 682 1739 753 1792; x_wconf 89' lang='lat' dir='ltr'>qui</span> <span class='ocrx_word' id='word_1_242' title='bbox 784 1743 912 1792; x_wconf 82' lang='lat' dir='ltr'>patris</span> <span class='ocrx_word' id='word_1_243' title='bbox 942 1738 1090 1793; x_wconf 89' lang='lat' dir='ltr'>pupilli</span> <span class='ocrx_word' id='word_1_244' title='bbox 1120 1739 1296 1778; x_wconf 89' lang='lat' dir='ltr'>heredes</span> <span class='ocrx_word' id='word_1_245' title='bbox 1327 1738 1497 1778; x_wconf 91' lang='lat' dir='ltr'>secundi</span> <span class='ocrx_word' id='word_1_246' title='bbox 1528 1741 1648 1785; x_wconf 90' lang='lat' dir='ltr'>sunt,</span> <span class='ocrx_word' id='word_1_247' title='bbox 1691 1741 1732 1778; x_wconf 91' lang='lat' dir='ltr'>et</span> <span class='ocrx_word' id='word_1_248' title='bbox 1760 1736 1869 1776; x_wconf 89' lang='lat' dir='ltr'>inter</span> 
     </span>
     <span class='ocr_line' id='line_1_25' title="bbox 101 1799 1864 1856; baseline -0.002 -15"><span class='ocrx_word' id='word_1_249' title='bbox 101 1806 273 1855; x_wconf 84' lang='lat' dir='ltr'>agnatos</span> <span class='ocrx_word' id='word_1_250' title='bbox 314 1801 462 1856; x_wconf 91' lang='lat' dir='ltr'>pupilli</span> <span class='ocrx_word' id='word_1_251' title='bbox 503 1801 789 1842; x_wconf 85' lang='lat' dir='ltr'>controversia</span> <span class='ocrx_word' id='word_1_252' title='bbox 833 1806 909 1841; x_wconf 92' lang='lat' dir='ltr'>est.</span> <span class='ocrx_word' id='word_1_253' title='bbox 969 1801 1185 1842; x_wconf 90' lang='lat' dir='ltr'>Possessio</span> <span class='ocrx_word' id='word_1_254' title='bbox 1226 1799 1430 1842; x_wconf 87' lang='lat' dir='ltr'>heredum</span> <span class='ocrx_word' id='word_1_255' title='bbox 1470 1801 1748 1841; x_wconf 90' lang='lat' dir='ltr'>secundorum</span> <span class='ocrx_word' id='word_1_256' title='bbox 1788 1802 1864 1839; x_wconf 89' lang='lat' dir='ltr'>est.</span> 
     </span>
     <span class='ocr_line' id='line_1_26' title="bbox 100 1861 1915 1918; baseline -0.002 -15"><span class='ocrx_word' id='word_1_257' title='bbox 100 1863 282 1905; x_wconf 91' lang='lat' dir='ltr'>Intentio</span> <span class='ocrx_word' id='word_1_258' title='bbox 319 1870 380 1905; x_wconf 86' lang='lat' dir='ltr'>est</span> <span class='ocrx_word' id='word_1_259' title='bbox 418 1869 687 1917; x_wconf 84' lang='lat' dir='ltr'>agnatorum:</span> <span class='ocrx_word' id='word_1_260' title='bbox 739 1865 887 1904; x_wconf 76' lang='lat' dir='ltr'>Nostra</span> <span class='ocrx_word' id='word_1_261' title='bbox 927 1864 1104 1916; x_wconf 90' lang='lat' dir='ltr'>pecunia</span> <span class='ocrx_word' id='word_1_262' title='bbox 1143 1867 1230 1912; x_wconf 87' lang='lat' dir='ltr'>est,</span> <span class='ocrx_word' id='word_1_263' title='bbox 1278 1864 1329 1903; x_wconf 92' lang='lat' dir='ltr'>de</span> <span class='ocrx_word' id='word_1_264' title='bbox 1362 1876 1442 1918; x_wconf 87' lang='lat' dir='ltr'>qua</span> <span class='ocrx_word' id='word_1_265' title='bbox 1473 1863 1536 1911; x_wconf 89' lang='lat' dir='ltr'>is,</span> <span class='ocrx_word' id='word_1_266' title='bbox 1583 1863 1700 1902; x_wconf 90' lang='lat' dir='ltr'>cuius</span> <span class='ocrx_word' id='word_1_267' title='bbox 1730 1861 1865 1914; x_wconf 87' lang='lat' dir='ltr'>agnati</span> <span class='ocrx_word' id='word_1_268' title='bbox 1880 1875 1915 1901; x_wconf 84' lang='lat'>25</span> 
     </span>
     <span class='ocr_line' id='line_1_27' title="bbox 100 1923 1868 1980; baseline -0.002 -14"><span class='ocrx_word' id='word_1_269' title='bbox 100 1939 268 1975; x_wconf 92' lang='lat' dir='ltr'>sumus,</span> <span class='ocrx_word' id='word_1_270' title='bbox 308 1930 480 1967; x_wconf 87' lang='lat' dir='ltr'>testatus</span> <span class='ocrx_word' id='word_1_271' title='bbox 511 1939 596 1967; x_wconf 93' lang='lat' dir='ltr'>non</span> <span class='ocrx_word' id='word_1_272' title='bbox 627 1931 703 1967; x_wconf 89' lang='lat' dir='ltr'>est.</span> <span class='ocrx_word' id='word_1_273' title='bbox 762 1927 964 1980; x_wconf 91' lang='lat' dir='ltr'>Depulsio</span> <span class='ocrx_word' id='word_1_274' title='bbox 996 1931 1079 1967; x_wconf 90' lang='lat' dir='ltr'>est:</span> <span class='ocrx_word' id='word_1_275' title='bbox 1124 1926 1255 1966; x_wconf 89' lang='lat' dir='ltr'>Immo</span> <span class='ocrx_word' id='word_1_276' title='bbox 1287 1930 1451 1972; x_wconf 91' lang='lat' dir='ltr'>nostra,</span> <span class='ocrx_word' id='word_1_277' title='bbox 1496 1923 1567 1978; x_wconf 90' lang='lat' dir='ltr'>qui</span> <span class='ocrx_word' id='word_1_278' title='bbox 1596 1924 1773 1965; x_wconf 88' lang='lat' dir='ltr'>heredes</span> <span class='ocrx_word' id='word_1_279' title='bbox 1804 1935 1868 1963; x_wconf 90' lang='lat' dir='ltr'>se-</span> 
     </span>
     <span class='ocr_line' id='line_1_28' title="bbox 102 1986 1864 2042; baseline -0.002 -14"><span class='ocrx_word' id='word_1_280' title='bbox 102 1987 226 2029; x_wconf 89' lang='lat' dir='ltr'>cundi</span> <span class='ocrx_word' id='word_1_281' title='bbox 254 1993 500 2029; x_wconf 87' lang='lat' dir='ltr'>testamento</span> <span class='ocrx_word' id='word_1_282' title='bbox 531 1987 660 2042; x_wconf 92' lang='lat' dir='ltr'>patris</span> <span class='ocrx_word' id='word_1_283' title='bbox 691 2002 846 2031; x_wconf 80' lang='lat' dir='ltr'>sumus,</span> <span class='ocrx_word' id='word_1_284' title='bbox 904 1989 1103 2037; x_wconf 88' lang='lat' dir='ltr'>Quaestio</span> <span class='ocrx_word' id='word_1_285' title='bbox 1136 1992 1220 2028; x_wconf 87' lang='lat' dir='ltr'>est:</span> <span class='ocrx_word' id='word_1_286' title='bbox 1265 1988 1459 2028; x_wconf 89' lang='lat' dir='ltr'>Utrorum</span> <span class='ocrx_word' id='word_1_287' title='bbox 1500 1986 1579 2028; x_wconf 75' lang='lat' dir='ltr'>sit?</span> <span class='ocrx_word' id='word_1_288' title='bbox 1629 1986 1747 2028; x_wconf 87' lang='lat' dir='ltr'>Ratio</span> <span class='ocrx_word' id='word_1_289' title='bbox 1779 1990 1864 2026; x_wconf 90' lang='lat' dir='ltr'>est:</span> 
     </span>
     <span class='ocr_line' id='line_1_29' title="bbox 100 2047 1859 2104; baseline -0.002 -14"><span class='ocrx_word' id='word_1_290' title='bbox 100 2050 223 2091; x_wconf 91' lang='lat' dir='ltr'>Pater</span> <span class='ocrx_word' id='word_1_291' title='bbox 252 2051 363 2092; x_wconf 88' lang='lat' dir='ltr'>enim</span> <span class='ocrx_word' id='word_1_292' title='bbox 394 2055 435 2092; x_wconf 92' lang='lat' dir='ltr'>et</span> <span class='ocrx_word' id='word_1_293' title='bbox 465 2052 545 2092; x_wconf 93' lang='lat' dir='ltr'>sibi</span> <span class='ocrx_word' id='word_1_294' title='bbox 576 2056 618 2092; x_wconf 89' lang='lat' dir='ltr'>et</span> <span class='ocrx_word' id='word_1_295' title='bbox 647 2049 733 2092; x_wconf 88' lang='lat' dir='ltr'>filio</span> <span class='ocrx_word' id='word_1_296' title='bbox 764 2056 1055 2092; x_wconf 87' lang='lat' dir='ltr'>testamentum</span> <span class='ocrx_word' id='word_1_297' title='bbox 1086 2049 1269 2104; x_wconf 88' lang='lat' dir='ltr'>scripsit,</span> <span class='ocrx_word' id='word_1_298' title='bbox 1322 2047 1419 2090; x_wconf 92' lang='lat' dir='ltr'>dum</span> <span class='ocrx_word' id='word_1_299' title='bbox 1455 2048 1490 2090; x_wconf 92' lang='lat' dir='ltr'>is</span> <span class='ocrx_word' id='word_1_300' title='bbox 1524 2047 1704 2102; x_wconf 91' lang='lat' dir='ltr'>pupillus</span> <span class='ocrx_word' id='word_1_301' title='bbox 1736 2051 1859 2089; x_wconf 91' lang='lat' dir='ltr'>esset.</span> 
     </span>
     <span class='ocr_line' id='line_1_30' title="bbox 103 2109 1865 2169; baseline -0.002 -15"><span class='ocrx_word' id='word_1_302' title='bbox 103 2113 265 2163; x_wconf 85' lang='lat' dir='ltr'>Quare,</span> <span class='ocrx_word' id='word_1_303' title='bbox 314 2127 421 2169; x_wconf 87' lang='lat' dir='ltr'>quae</span> <span class='ocrx_word' id='word_1_304' title='bbox 458 2114 536 2155; x_wconf 91' lang='lat' dir='ltr'>filii</span> <span class='ocrx_word' id='word_1_305' title='bbox 572 2113 765 2162; x_wconf 86' lang='lat' dir='ltr'>suerunt,</span> <span class='ocrx_word' id='word_1_306' title='bbox 817 2117 1065 2155; x_wconf 89' lang='lat' dir='ltr'>testamento</span> <span class='ocrx_word' id='word_1_307' title='bbox 1105 2113 1234 2167; x_wconf 89' lang='lat' dir='ltr'>patris</span> <span class='ocrx_word' id='word_1_308' title='bbox 1269 2117 1412 2152; x_wconf 89' lang='lat' dir='ltr'>nostra</span> <span class='ocrx_word' id='word_1_309' title='bbox 1449 2109 1549 2152; x_wconf 87' lang='lat' dir='ltr'>fiant</span> <span class='ocrx_word' id='word_1_310' title='bbox 1586 2123 1757 2152; x_wconf 90' lang='lat' dir='ltr'>necesse</span> <span class='ocrx_word' id='word_1_311' title='bbox 1789 2114 1865 2151; x_wconf 90' lang='lat' dir='ltr'>est.</span> 
     </span>
     <span class='ocr_line' id='line_1_31' title="bbox 101 2172 1918 2230; baseline -0.002 -14"><span class='ocrx_word' id='word_1_312' title='bbox 101 2173 330 2217; x_wconf 88' lang='lat' dir='ltr'>Infirmatio</span> <span class='ocrx_word' id='word_1_313' title='bbox 362 2181 424 2217; x_wconf 89' lang='lat' dir='ltr'>est</span> <span class='ocrx_word' id='word_1_314' title='bbox 452 2177 646 2218; x_wconf 88' lang='lat' dir='ltr'>rationis:</span> <span class='ocrx_word' id='word_1_315' title='bbox 694 2178 827 2218; x_wconf 91' lang='lat' dir='ltr'>Immo</span> <span class='ocrx_word' id='word_1_316' title='bbox 865 2180 985 2230; x_wconf 85' lang='lat' dir='ltr'>pater</span> <span class='ocrx_word' id='word_1_317' title='bbox 1026 2172 1105 2216; x_wconf 91' lang='lat' dir='ltr'>sibi</span> <span class='ocrx_word' id='word_1_318' title='bbox 1144 2174 1311 2229; x_wconf 89' lang='lat' dir='ltr'>scripsit</span> <span class='ocrx_word' id='word_1_319' title='bbox 1341 2179 1382 2215; x_wconf 94' lang='lat' dir='ltr'>et</span> <span class='ocrx_word' id='word_1_320' title='bbox 1411 2175 1639 2215; x_wconf 88' lang='lat' dir='ltr'>secundum</span> <span class='ocrx_word' id='word_1_321' title='bbox 1668 2174 1867 2215; x_wconf 90' lang='lat' dir='ltr'>heredem</span> <span class='ocrx_word' id='word_1_322' title='bbox 1882 2188 1918 2213; x_wconf 81' lang='lat'>³0</span> 
     </span>
     <span class='ocr_line' id='line_1_32' title="bbox 102 2233 1867 2292; baseline -0.001 -14"><span class='ocrx_word' id='word_1_323' title='bbox 102 2251 188 2278; x_wconf 92' lang='lat' dir='ltr'>non</span> <span class='ocrx_word' id='word_1_324' title='bbox 219 2237 326 2286; x_wconf 89' lang='lat' dir='ltr'>filio,</span> <span class='ocrx_word' id='word_1_325' title='bbox 374 2237 447 2280; x_wconf 92' lang='lat' dir='ltr'>sed</span> <span class='ocrx_word' id='word_1_326' title='bbox 479 2237 558 2281; x_wconf 85' lang='lat' dir='ltr'>sihi</span> <span class='ocrx_word' id='word_1_327' title='bbox 589 2238 708 2280; x_wconf 88' lang='lat' dir='ltr'>iussit</span> <span class='ocrx_word' id='word_1_328' title='bbox 737 2252 844 2280; x_wconf 86' lang='lat' dir='ltr'>esse.</span> <span class='ocrx_word' id='word_1_329' title='bbox 906 2239 1072 2288; x_wconf 89' lang='lat' dir='ltr'>Quare,</span> <span class='ocrx_word' id='word_1_330' title='bbox 1120 2243 1414 2292; x_wconf 86' lang='lat' dir='ltr'>praeterquam</span> <span class='ocrx_word' id='word_1_331' title='bbox 1453 2238 1565 2292; x_wconf 92' lang='lat' dir='ltr'>quod</span> <span class='ocrx_word' id='word_1_332' title='bbox 1606 2235 1736 2292; x_wconf 90' lang='lat' dir='ltr'>ipsius</span> <span class='ocrx_word' id='word_1_333' title='bbox 1765 2233 1867 2283; x_wconf 87' lang='lat' dir='ltr'>fuit,</span> 
     </span>
     <span class='ocr_line' id='line_1_33' title="bbox 103 2298 1868 2356; baseline -0.002 -15"><span class='ocrx_word' id='word_1_334' title='bbox 103 2305 350 2342; x_wconf 86' lang='lat' dir='ltr'>testamento</span> <span class='ocrx_word' id='word_1_335' title='bbox 379 2300 492 2343; x_wconf 91' lang='lat' dir='ltr'>illius</span> <span class='ocrx_word' id='word_1_336' title='bbox 523 2307 708 2343; x_wconf 75' lang='lat' dir='ltr'>vestrum</span> <span class='ocrx_word' id='word_1_337' title='bbox 740 2314 831 2342; x_wconf 88' lang='lat' dir='ltr'>esse</span> <span class='ocrx_word' id='word_1_338' title='bbox 860 2314 946 2341; x_wconf 93' lang='lat' dir='ltr'>non</span> <span class='ocrx_word' id='word_1_339' title='bbox 976 2305 1126 2356; x_wconf 88' lang='lat' dir='ltr'>potest.</span> <span class='ocrx_word' id='word_1_340' title='bbox 1184 2298 1408 2341; x_wconf 88' lang='lat' dir='ltr'>Iudicati0:</span> <span class='ocrx_word' id='word_1_341' title='bbox 1440 2300 1628 2341; x_wconf 92' lang='lat' dir='ltr'>Possitne</span> <span class='ocrx_word' id='word_1_342' title='bbox 1650 2299 1868 2353; x_wconf 90' lang='lat' dir='ltr'>quisquam</span> 
     </span>
     <span class='ocr_line' id='line_1_34' title="bbox 103 2360 1869 2417; baseline -0.001 -15"><span class='ocrx_word' id='word_1_343' title='bbox 103 2360 156 2403; x_wconf 88' lang='lat' dir='ltr'>de</span> <span class='ocrx_word' id='word_1_344' title='bbox 186 2360 261 2403; x_wconf 87' lang='lat' dir='ltr'>filii</span> <span class='ocrx_word' id='word_1_345' title='bbox 292 2364 441 2417; x_wconf 89' lang='lat' dir='ltr'>pupilli</span> <span class='ocrx_word' id='word_1_346' title='bbox 471 2377 516 2405; x_wconf 90' lang='lat' dir='ltr'>re</span> <span class='ocrx_word' id='word_1_347' title='bbox 548 2364 713 2413; x_wconf 88' lang='lat' dir='ltr'>testari;</span> <span class='ocrx_word' id='word_1_348' title='bbox 763 2376 815 2404; x_wconf 91' lang='lat' dir='ltr'>an</span> <span class='ocrx_word' id='word_1_349' title='bbox 857 2362 1035 2404; x_wconf 90' lang='lat' dir='ltr'>heredes</span> <span class='ocrx_word' id='word_1_350' title='bbox 1074 2363 1247 2404; x_wconf 89' lang='lat' dir='ltr'>secundi</span> <span class='ocrx_word' id='word_1_351' title='bbox 1284 2362 1416 2415; x_wconf 91' lang='lat' dir='ltr'>ipsius</span> <span class='ocrx_word' id='word_1_352' title='bbox 1446 2360 1755 2417; x_wconf 85' lang='lat' dir='ltr'>patrisfamilias</span> <span class='ocrx_word' id='word_1_353' title='bbox 1783 2372 1869 2400; x_wconf 89' lang='lat' dir='ltr'>non</span> 
     </span>
     <span class='ocr_line' id='line_1_35' title="bbox 102 2422 1867 2481; baseline -0.002 -16"><span class='ocrx_word' id='word_1_354' title='bbox 102 2423 178 2466; x_wconf 89' lang='lat' dir='ltr'>filii</span> <span class='ocrx_word' id='word_1_355' title='bbox 209 2438 376 2480; x_wconf 92' lang='lat' dir='ltr'>quoque</span> <span class='ocrx_word' id='word_1_356' title='bbox 408 2425 496 2467; x_wconf 89' lang='lat' dir='ltr'>eius</span> <span class='ocrx_word' id='word_1_357' title='bbox 526 2425 671 2481; x_wconf 92' lang='lat' dir='ltr'>pupilli</span> <span class='ocrx_word' id='word_1_358' title='bbox 701 2424 881 2467; x_wconf 87' lang='lat' dir='ltr'>heredes</span> <span class='ocrx_word' id='word_1_359' title='bbox 912 2427 1022 2467; x_wconf 78' lang='lat' dir='ltr'>sint?</span> <span class='ocrx_word' id='word_1_360' title='bbox 1070 2427 1139 2466; x_wconf 88' lang='lat'>63.</span> <span class='ocrx_word' id='word_1_361' title='bbox 1178 2427 1313 2479; x_wconf 87' lang='lat' dir='ltr'>Atque</span> <span class='ocrx_word' id='word_1_362' title='bbox 1343 2425 1426 2465; x_wconf 88' lang='lat' dir='ltr'>hoc</span> <span class='ocrx_word' id='word_1_363' title='bbox 1457 2437 1542 2466; x_wconf 92' lang='lat' dir='ltr'>non</span> <span class='ocrx_word' id='word_1_364' title='bbox 1572 2422 1754 2465; x_wconf 89' lang='lat' dir='ltr'>alienum</span> <span class='ocrx_word' id='word_1_365' title='bbox 1785 2426 1867 2468; x_wconf 89' lang='lat' dir='ltr'>est,</span> 
     </span>
     <span class='ocr_line' id='line_1_36' title="bbox 104 2485 1918 2544; baseline -0.003 -14"><span class='ocrx_word' id='word_1_366' title='bbox 104 2489 218 2544; x_wconf 90' lang='lat' dir='ltr'>quod</span> <span class='ocrx_word' id='word_1_367' title='bbox 249 2487 301 2530; x_wconf 86' lang='lat' dir='ltr'>ad</span> <span class='ocrx_word' id='word_1_368' title='bbox 330 2489 458 2530; x_wconf 88' lang='lat' dir='ltr'>multa</span> <span class='ocrx_word' id='word_1_369' title='bbox 488 2489 716 2543; x_wconf 87' lang='lat' dir='ltr'>pertineat,</span> <span class='ocrx_word' id='word_1_370' title='bbox 745 2501 799 2529; x_wconf 90' lang='lat' dir='ltr'>ne</span> <span class='ocrx_word' id='word_1_371' title='bbox 831 2493 902 2530; x_wconf 89' lang='lat' dir='ltr'>aut</span> <span class='ocrx_word' id='word_1_372' title='bbox 930 2501 1134 2544; x_wconf 88' lang='lat' dir='ltr'>nusquam</span> <span class='ocrx_word' id='word_1_373' title='bbox 1164 2491 1235 2528; x_wconf 92' lang='lat' dir='ltr'>aut</span> <span class='ocrx_word' id='word_1_374' title='bbox 1263 2499 1564 2542; x_wconf 88' lang='lat' dir='ltr'>usquequaque</span> <span class='ocrx_word' id='word_1_375' title='bbox 1586 2487 1768 2532; x_wconf 90' lang='lat' dir='ltr'>dicatur,</span> <span class='ocrx_word' id='word_1_376' title='bbox 1799 2485 1867 2525; x_wconf 91' lang='lat' dir='ltr'>hic</span> <span class='ocrx_word' id='word_1_377' title='bbox 1881 2499 1918 2526; x_wconf 76' lang='lat'>³⁵</span> 
     </span>
     <span class='ocr_line' id='line_1_37' title="bbox 104 2548 1870 2608; baseline -0.004 -15"><span class='ocrx_word' id='word_1_378' title='bbox 104 2553 347 2593; x_wconf 86' lang='lat' dir='ltr'>admonere.</span> <span class='ocrx_word' id='word_1_379' title='bbox 409 2552 513 2593; x_wconf 92' lang='lat' dir='ltr'>Sunt</span> <span class='ocrx_word' id='word_1_380' title='bbox 553 2564 720 2600; x_wconf 87' lang='lat' dir='ltr'>causae,</span> <span class='ocrx_word' id='word_1_381' title='bbox 772 2565 878 2608; x_wconf 90' lang='lat' dir='ltr'>quae</span> <span class='ocrx_word' id='word_1_382' title='bbox 915 2550 1055 2606; x_wconf 89' lang='lat' dir='ltr'>plures</span> <span class='ocrx_word' id='word_1_383' title='bbox 1091 2549 1247 2592; x_wconf 88' lang='lat' dir='ltr'>habent</span> <span class='ocrx_word' id='word_1_384' title='bbox 1274 2550 1460 2590; x_wconf 90' lang='lat' dir='ltr'>rationes</span> <span class='ocrx_word' id='word_1_385' title='bbox 1489 2549 1531 2590; x_wconf 91' lang='lat' dir='ltr'>in</span> <span class='ocrx_word' id='word_1_386' title='bbox 1563 2548 1740 2602; x_wconf 85' lang='lat' dir='ltr'>simplici</span> <span class='ocrx_word' id='word_1_387' title='bbox 1772 2559 1870 2587; x_wconf 90' lang='lat' dir='ltr'>con·</span> 
     </span>
     <span class='ocr_line' id='line_1_38' title="bbox 105 2609 1870 2670; baseline -0.005 -14"><span class='ocrx_word' id='word_1_388' title='bbox 105 2615 341 2665; x_wconf 83' lang='lat' dir='ltr'>stitutione3</span> <span class='ocrx_word' id='word_1_389' title='bbox 375 2615 488 2670; x_wconf 91' lang='lat' dir='ltr'>quod</span> <span class='ocrx_word' id='word_1_390' title='bbox 517 2611 584 2661; x_wconf 87' lang='lat' dir='ltr'>fit,</span> <span class='ocrx_word' id='word_1_391' title='bbox 616 2627 710 2654; x_wconf 90' lang='lat' dir='ltr'>cum</span> <span class='ocrx_word' id='word_1_392' title='bbox 730 2613 797 2662; x_wconf 92' lang='lat' dir='ltr'>id,</span> <span class='ocrx_word' id='word_1_393' title='bbox 831 2615 945 2668; x_wconf 90' lang='lat' dir='ltr'>quod</span> <span class='ocrx_word' id='word_1_394' title='bbox 974 2614 1128 2654; x_wconf 87' lang='lat' dir='ltr'>factum</span> <span class='ocrx_word' id='word_1_395' title='bbox 1158 2617 1221 2654; x_wconf 91' lang='lat' dir='ltr'>est</span> <span class='ocrx_word' id='word_1_396' title='bbox 1249 2618 1319 2654; x_wconf 87' lang='lat' dir='ltr'>aut</span> <span class='ocrx_word' id='word_1_397' title='bbox 1348 2613 1460 2668; x_wconf 91' lang='lat' dir='ltr'>quod</span> <span class='ocrx_word' id='word_1_398' title='bbox 1490 2609 1745 2658; x_wconf 89' lang='lat' dir='ltr'>defenditur,</span> <span class='ocrx_word' id='word_1_399' title='bbox 1779 2609 1870 2663; x_wconf 91' lang='lat' dir='ltr'>plu-</span> 
     </span>
     <span class='ocr_line' id='line_1_39' title="bbox 105 2674 1868 2730; baseline -0.005 -12"><span class='ocrx_word' id='word_1_400' title='bbox 105 2678 221 2719; x_wconf 88' lang='lat' dir='ltr'>ribus</span> <span class='ocrx_word' id='word_1_401' title='bbox 252 2675 304 2719; x_wconf 88' lang='lat' dir='ltr'>de</span> <span class='ocrx_word' id='word_1_402' title='bbox 334 2677 468 2719; x_wconf 87' lang='lat' dir='ltr'>causis</span> <span class='ocrx_word' id='word_1_403' title='bbox 498 2681 657 2718; x_wconf 88' lang='lat' dir='ltr'>rectum</span> <span class='ocrx_word' id='word_1_404' title='bbox 687 2681 758 2717; x_wconf 92' lang='lat' dir='ltr'>aut</span> <span class='ocrx_word' id='word_1_405' title='bbox 786 2676 1005 2729; x_wconf 91' lang='lat' dir='ltr'>probabile</span> <span class='ocrx_word' id='word_1_406' title='bbox 1035 2675 1168 2718; x_wconf 82' lang='lat' dir='ltr'>videri</span> <span class='ocrx_word' id='word_1_407' title='bbox 1196 2679 1355 2730; x_wconf 90' lang='lat' dir='ltr'>potest,</span> <span class='ocrx_word' id='word_1_408' title='bbox 1386 2679 1433 2716; x_wconf 88' lang='lat' dir='ltr'>ut</span> <span class='ocrx_word' id='word_1_409' title='bbox 1462 2675 1506 2715; x_wconf 92' lang='lat' dir='ltr'>in</span> <span class='ocrx_word' id='word_1_410' title='bbox 1526 2674 1604 2714; x_wconf 90' lang='lat' dir='ltr'>hac</span> <span class='ocrx_word' id='word_1_411' title='bbox 1624 2674 1712 2727; x_wconf 89' lang='lat' dir='ltr'>ipsa</span> <span class='ocrx_word' id='word_1_412' title='bbox 1732 2683 1868 2712; x_wconf 88' lang='lat' dir='ltr'>causa.</span> 
     </span>
     <span class='ocr_line' id='line_1_40' title="bbox 107 2732 1868 2794; baseline -0.005 -14"><span class='ocrx_word' id='word_1_413' title='bbox 107 2739 374 2794; x_wconf 88' lang='lat' dir='ltr'>Supponatur</span> <span class='ocrx_word' id='word_1_414' title='bbox 403 2740 514 2781; x_wconf 89' lang='lat' dir='ltr'>enim</span> <span class='ocrx_word' id='word_1_415' title='bbox 544 2740 596 2780; x_wconf 92' lang='lat' dir='ltr'>ab</span> <span class='ocrx_word' id='word_1_416' title='bbox 628 2739 853 2780; x_wconf 88' lang='lat' dir='ltr'>heredibus</span> <span class='ocrx_word' id='word_1_417' title='bbox 882 2737 985 2780; x_wconf 89' lang='lat' dir='ltr'>haec</span> <span class='ocrx_word' id='word_1_418' title='bbox 1014 2740 1146 2780; x_wconf 90' lang='lat' dir='ltr'>ratio:</span> <span class='ocrx_word' id='word_1_419' title='bbox 1195 2738 1324 2779; x_wconf 92' lang='lat' dir='ltr'>Unius</span> <span class='ocrx_word' id='word_1_420' title='bbox 1355 2736 1466 2778; x_wconf 91' lang='lat' dir='ltr'>enim</span> <span class='ocrx_word' id='word_1_421' title='bbox 1497 2735 1699 2789; x_wconf 88' lang='lat' dir='ltr'>pecuniae</span> <span class='ocrx_word' id='word_1_422' title='bbox 1727 2732 1868 2788; x_wconf 89' lang='lat' dir='ltr'>plures</span> 
     </span>
     <span class='ocr_line' id='line_1_41' title="bbox 107 2797 1921 2856; baseline -0.002 -14"><span class='ocrx_word' id='word_1_423' title='bbox 107 2801 374 2842; x_wconf 90' lang='lat' dir='ltr'>dissimilibus</span> <span class='ocrx_word' id='word_1_424' title='bbox 406 2803 458 2842; x_wconf 90' lang='lat' dir='ltr'>de</span> <span class='ocrx_word' id='word_1_425' title='bbox 488 2800 623 2842; x_wconf 91' lang='lat' dir='ltr'>causis</span> <span class='ocrx_word' id='word_1_426' title='bbox 653 2799 829 2842; x_wconf 89' lang='lat' dir='ltr'>heredes</span> <span class='ocrx_word' id='word_1_427' title='bbox 861 2814 952 2842; x_wconf 90' lang='lat' dir='ltr'>esse</span> <span class='ocrx_word' id='word_1_428' title='bbox 981 2814 1066 2843; x_wconf 90' lang='lat' dir='ltr'>non</span> <span class='ocrx_word' id='word_1_429' title='bbox 1085 2806 1280 2856; x_wconf 88' lang='lat' dir='ltr'>possunt,</span> <span class='ocrx_word' id='word_1_430' title='bbox 1314 2814 1392 2841; x_wconf 91' lang='lat' dir='ltr'>nec</span> <span class='ocrx_word' id='word_1_431' title='bbox 1412 2811 1593 2854; x_wconf 90' lang='lat' dir='ltr'>unquam</span> <span class='ocrx_word' id='word_1_432' title='bbox 1614 2797 1767 2837; x_wconf 85' lang='lat' dir='ltr'>sactum</span> <span class='ocrx_word' id='word_1_433' title='bbox 1789 2799 1866 2843; x_wconf 88' lang='lat' dir='ltr'>est,</span> <span class='ocrx_word' id='word_1_434' title='bbox 1881 2812 1921 2838; x_wconf 79' lang='grc' dir='ltr'>ι.ο</span> 
     </span>
     <span class='ocr_line' id='line_1_42' title="bbox 105 2855 1866 2921; baseline -0.004 -17"><span class='ocrx_word' id='word_1_435' title='bbox 105 2868 152 2904; x_wconf 90' lang='lat' dir='ltr'>ut</span> <span class='ocrx_word' id='word_1_436' title='bbox 183 2862 369 2905; x_wconf 90' lang='lat' dir='ltr'>eiusdem</span> <span class='ocrx_word' id='word_1_437' title='bbox 397 2864 598 2917; x_wconf 86' lang='lat' dir='ltr'>pecuniae</span> <span class='ocrx_word' id='word_1_438' title='bbox 629 2862 733 2905; x_wconf 89' lang='lat' dir='ltr'>alius</span> <span class='ocrx_word' id='word_1_439' title='bbox 763 2866 1037 2912; x_wconf 86' lang='lat' dir='ltr'>testamento,</span> <span class='ocrx_word' id='word_1_440' title='bbox 1071 2863 1176 2905; x_wconf 90' lang='lat' dir='ltr'>alius</span> <span class='ocrx_word' id='word_1_441' title='bbox 1207 2864 1300 2921; x_wconf 84' lang='lat' dir='ltr'>lege</span> <span class='ocrx_word' id='word_1_442' title='bbox 1330 2864 1451 2903; x_wconf 90' lang='lat' dir='ltr'>heres</span> <span class='ocrx_word' id='word_1_443' title='bbox 1482 2863 1612 2908; x_wconf 88' lang='lat' dir='ltr'>esset;</span> <span class='ocrx_word' id='word_1_444' title='bbox 1645 2855 1866 2899; x_wconf 89' lang='lat' dir='ltr'>infirmatio</span> 
     </span>
     <span class='ocr_line' id='line_1_43' title="bbox 113 2933 1862 2947; baseline -0.004 -7"><span class='ocrx_word' id='word_1_445' title='bbox 113 2933 1862 2947; x_wconf 48' lang='grc' dir='ltr'><strong><em>Μ</em></strong></span> 
     </span>
    </p>
   </div>
   <div class='ocr_carea' id='block_1_3' title="bbox 106 2969 1870 3394">
    <p class='ocr_par' dir='ltr' id='par_1_3' title="bbox 106 2969 1870 3394">
     <span class='ocr_line' id='line_1_44' title="bbox 198 2969 1870 3017; baseline -0.004 -9"><span class='ocrx_word' id='word_1_446' title='bbox 198 2975 232 3008; x_wconf 91' lang='grc'>5.</span> <span class='ocrx_word' id='word_1_447' title='bbox 258 2975 399 3007; x_wconf 79' lang='lat' dir='ltr'>malitia</span> <span class='ocrx_word' id='word_1_448' title='bbox 423 2976 507 3016; x_wconf 74' lang='lat' dir='ltr'>quid</span> <span class='ocrx_word' id='word_1_449' title='bbox 530 2975 632 3008; x_wconf 82' lang='lat' dir='ltr'>aliud</span> <span class='ocrx_word' id='word_1_450' title='bbox 655 2975 713 3008; x_wconf 86' lang='lat' dir='ltr'>VP</span> <span class='ocrx_word' id='word_1_451' title='bbox 728 2998 737 3013; x_wconf 91' lang='lat'>,</span> <span class='ocrx_word' id='word_1_452' title='bbox 775 2975 912 3007; x_wconf 81' lang='lat' dir='ltr'>malitia</span> <span class='ocrx_word' id='word_1_453' title='bbox 937 2975 1072 3017; x_wconf 84' lang='lat' dir='ltr'>quidem</span> <span class='ocrx_word' id='word_1_454' title='bbox 1095 2975 1195 3008; x_wconf 72' lang='lat' dir='ltr'>aliud</span> <span class='ocrx_word' id='word_1_455' title='bbox 1218 2975 1261 3007; x_wconf 88' lang='lat' dir='ltr'><strong>R.</strong></span> <span class='ocrx_word' id='word_1_456' title='bbox 1289 2973 1348 3014; x_wconf 82' lang='lat' dir='ltr'>(Ut</span> <span class='ocrx_word' id='word_1_457' title='bbox 1373 2982 1433 3005; x_wconf 91' lang='lat' dir='ltr'>nos</span> <span class='ocrx_word' id='word_1_458' title='bbox 1449 2995 1458 3010; x_wconf 89' lang='lat'>‚</span> <span class='ocrx_word' id='word_1_459' title='bbox 1484 2969 1573 3011; x_wconf 84' lang='grc' dir='ltr'><strong>ΑΤ.)</strong></span> <span class='ocrx_word' id='word_1_460' title='bbox 1600 2986 1641 2993; x_wconf 93' lang='grc'><strong>-</strong></span> <span class='ocrx_word' id='word_1_461' title='bbox 1666 2979 1744 3003; x_wconf 80' lang='lat' dir='ltr'>cum</span> <span class='ocrx_word' id='word_1_462' title='bbox 1768 2969 1870 3002; x_wconf 76' lang='lat' dir='ltr'>aliud</span> 
     </span>
     <span class='ocr_line' id='line_1_45' title="bbox 107 3015 1868 3064; baseline -0.005 -8"><span class='ocrx_word' id='word_1_463' title='bbox 107 3023 289 3056; x_wconf 81' lang='lat' dir='ltr'>simuletur</span> <span class='ocrx_word' id='word_1_464' title='bbox 305 3022 347 3054; x_wconf 89' lang='lat' dir='ltr'>V.</span> <span class='ocrx_word' id='word_1_465' title='bbox 369 3039 405 3046; x_wconf 93' lang='lat'>—</span> <span class='ocrx_word' id='word_1_466' title='bbox 436 3023 493 3053; x_wconf 85' lang='lat'><strong>11.</strong></span> <span class='ocrx_word' id='word_1_467' title='bbox 520 3032 666 3064; x_wconf 84' lang='lat' dir='ltr'>quocum</span> <span class='ocrx_word' id='word_1_468' title='bbox 685 3022 786 3054; x_wconf 81' lang='grc' dir='ltr'><strong>ΡΑΤ.</strong></span> <span class='ocrx_word' id='word_1_469' title='bbox 816 3022 873 3057; x_wconf 84' lang='lat' dir='ltr'>(Ut</span> <span class='ocrx_word' id='word_1_470' title='bbox 892 3031 974 3059; x_wconf 87' lang='lat' dir='ltr'>nos,</span> <span class='ocrx_word' id='word_1_471' title='bbox 993 3022 1068 3054; x_wconf 82' lang='lat' dir='ltr'><strong>VR.</strong></span> <span class='ocrx_word' id='word_1_472' title='bbox 1089 3022 1159 3054; x_wconf 82' lang='lat' dir='ltr'>Ct&#39;r.</span> <span class='ocrx_word' id='word_1_473' title='bbox 1187 3020 1264 3063; x_wconf 75' lang='lat' dir='ltr'>pag.</span> <span class='ocrx_word' id='word_1_474' title='bbox 1294 3021 1455 3061; x_wconf 86' lang='lat' dir='ltr'>praeced.</span> <span class='ocrx_word' id='word_1_475' title='bbox 1475 3028 1508 3051; x_wconf 87' lang='lat' dir='ltr'><strong>v.</strong></span> <span class='ocrx_word' id='word_1_476' title='bbox 1528 3017 1574 3049; x_wconf 79' lang='lat'>32</span> <span class='ocrx_word' id='word_1_477' title='bbox 1591 3020 1626 3050; x_wconf 87' lang='lat' dir='ltr'>et</span> <span class='ocrx_word' id='word_1_478' title='bbox 1642 3015 1714 3052; x_wconf 66' lang='lat'><strong>34.)</strong></span> <span class='ocrx_word' id='word_1_479' title='bbox 1741 3031 1781 3039; x_wconf 90' lang='lat'>-—</span> <span class='ocrx_word' id='word_1_480' title='bbox 1809 3017 1868 3049; x_wconf 80' lang='lat'><strong>20.</strong></span> 
     </span>
     <span class='ocr_line' id='line_1_46' title="bbox 106 3063 1868 3110; baseline -0.005 -8"><span class='ocrx_word' id='word_1_481' title='bbox 106 3070 314 3110; x_wconf 75' lang='lat' dir='ltr'>implicitam</span> <span class='ocrx_word' id='word_1_482' title='bbox 331 3077 421 3100; x_wconf 87' lang='lat' dir='ltr'>corr.</span> <span class='ocrx_word' id='word_1_483' title='bbox 435 3068 476 3100; x_wconf 89' lang='lat' dir='ltr'><strong>P.</strong></span> <span class='ocrx_word' id='word_1_484' title='bbox 499 3085 541 3091; x_wconf 98' lang='lat'><strong>—</strong></span> <span class='ocrx_word' id='word_1_485' title='bbox 574 3070 632 3100; x_wconf 80' lang='lat'><strong>22.</strong></span> <span class='ocrx_word' id='word_1_486' title='bbox 650 3070 787 3102; x_wconf 78' lang='lat' dir='ltr'>veniret</span> <span class='ocrx_word' id='word_1_487' title='bbox 804 3069 928 3101; x_wconf 71' lang='lat' dir='ltr'>VART</span> <span class='ocrx_word' id='word_1_488' title='bbox 948 3073 981 3101; x_wconf 87' lang='lat' dir='ltr'>et</span> <span class='ocrx_word' id='word_1_489' title='bbox 1007 3077 1127 3101; x_wconf 88' lang='lat' dir='ltr'>omnes</span> <span class='ocrx_word' id='word_1_490' title='bbox 1145 3068 1263 3108; x_wconf 92' lang='lat' dir='ltr'>Oud.,</span> <span class='ocrx_word' id='word_1_491' title='bbox 1293 3069 1385 3100; x_wconf 77' lang='lat' dir='ltr'>venit</span> <span class='ocrx_word' id='word_1_492' title='bbox 1411 3066 1450 3097; x_wconf 91' lang='lat' dir='ltr'>P.</span> <span class='ocrx_word' id='word_1_493' title='bbox 1502 3064 1659 3097; x_wconf 79' lang='lat' dir='ltr'>Correxit</span> <span class='ocrx_word' id='word_1_494' title='bbox 1685 3064 1766 3096; x_wconf 89' lang='lat' dir='ltr'>Ern.</span> <span class='ocrx_word' id='word_1_495' title='bbox 1795 3063 1868 3096; x_wconf 86' lang='lat' dir='ltr'>Cl&#39;r.</span> 
     </span>
     <span class='ocr_line' id='line_1_47' title="bbox 109 3109 1868 3157; baseline -0.005 -7"><span class='ocrx_word' id='word_1_496' title='bbox 109 3118 153 3150; x_wconf 83' lang='lat' dir='ltr'>de</span> <span class='ocrx_word' id='word_1_497' title='bbox 178 3116 239 3149; x_wconf 91' lang='lat' dir='ltr'>Or.</span> <span class='ocrx_word' id='word_1_498' title='bbox 259 3117 293 3155; x_wconf 82' lang='lat'>1,</span> <span class='ocrx_word' id='word_1_499' title='bbox 320 3113 357 3155; x_wconf 59' lang='grc' dir='ltr'>ἕ.</span> <span class='ocrx_word' id='word_1_500' title='bbox 386 3114 464 3148; x_wconf 86' lang='grc'>180.</span> <span class='ocrx_word' id='word_1_501' title='bbox 490 3115 590 3148; x_wconf 86' lang='lat' dir='ltr'>Brut.</span> <span class='ocrx_word' id='word_1_502' title='bbox 618 3114 658 3157; x_wconf 54' lang='grc' dir='ltr'>ὅ.</span> <span class='ocrx_word' id='word_1_503' title='bbox 685 3116 766 3148; x_wconf 85' lang='grc'>195.</span> <span class='ocrx_word' id='word_1_504' title='bbox 795 3131 835 3139; x_wconf 92' lang='grc'>-</span> <span class='ocrx_word' id='word_1_505' title='bbox 865 3116 922 3148; x_wconf 91' lang='grc'>30.</span> <span class='ocrx_word' id='word_1_506' title='bbox 948 3116 1164 3156; x_wconf 74' lang='lat' dir='ltr'>sibiscripsit</span> <span class='ocrx_word' id='word_1_507' title='bbox 1181 3113 1265 3155; x_wconf 86' lang='lat' dir='ltr'>cet.]</span> <span class='ocrx_word' id='word_1_508' title='bbox 1315 3114 1410 3145; x_wconf 82' lang='lat' dir='ltr'>Haec</span> <span class='ocrx_word' id='word_1_509' title='bbox 1434 3119 1545 3152; x_wconf 83' lang='lat' dir='ltr'>usque</span> <span class='ocrx_word' id='word_1_510' title='bbox 1570 3111 1612 3142; x_wconf 84' lang='lat' dir='ltr'>ad</span> <span class='ocrx_word' id='word_1_511' title='bbox 1641 3109 1724 3150; x_wconf 83' lang='lat' dir='ltr'>Cap.</span> <span class='ocrx_word' id='word_1_512' title='bbox 1752 3110 1809 3143; x_wconf 87' lang='grc'>36.</span> <span class='ocrx_word' id='word_1_513' title='bbox 1829 3109 1868 3151; x_wconf 80' lang='lat'><strong>§.</strong></span> 
     </span>
     <span class='ocr_line' id='line_1_48' title="bbox 109 3157 1869 3204; baseline -0.005 -7"><span class='ocrx_word' id='word_1_514' title='bbox 109 3163 191 3197; x_wconf 84' lang='lat'><strong>109.</strong></span> <span class='ocrx_word' id='word_1_515' title='bbox 218 3163 394 3204; x_wconf 77' lang='lat' dir='ltr'>Quoniam</span> <span class='ocrx_word' id='word_1_516' title='bbox 419 3169 498 3204; x_wconf 73' lang='lat' dir='ltr'>erqo</span> <span class='ocrx_word' id='word_1_517' title='bbox 524 3163 558 3194; x_wconf 88' lang='lat' dir='ltr'>in</span> <span class='ocrx_word' id='word_1_518' title='bbox 584 3162 612 3194; x_wconf 89' lang='lat' dir='ltr'>T</span> <span class='ocrx_word' id='word_1_519' title='bbox 640 3163 766 3195; x_wconf 81' lang='lat' dir='ltr'>desunt</span> <span class='ocrx_word' id='word_1_520' title='bbox 791 3165 925 3199; x_wconf 78' lang='lat' dir='ltr'>omnia:</span> <span class='ocrx_word' id='word_1_521' title='bbox 955 3164 1163 3194; x_wconf 85' lang='lat' dir='ltr'>interierunt</span> <span class='ocrx_word' id='word_1_522' title='bbox 1182 3164 1272 3194; x_wconf 82' lang='lat' dir='ltr'>enim</span> <span class='ocrx_word' id='word_1_523' title='bbox 1304 3163 1381 3192; x_wconf 87' lang='lat' dir='ltr'>octo</span> <span class='ocrx_word' id='word_1_524' title='bbox 1412 3158 1505 3190; x_wconf 80' lang='lat' dir='ltr'>solia.</span> <span class='ocrx_word' id='word_1_525' title='bbox 1557 3157 1668 3198; x_wconf 80' lang='lat' dir='ltr'>Quam</span> <span class='ocrx_word' id='word_1_526' title='bbox 1698 3159 1869 3190; x_wconf 79' lang='lat' dir='ltr'>iacturam</span> 
     </span>
     <span class='ocr_line' id='line_1_49' title="bbox 110 3204 1866 3252; baseline -0.004 -9"><span class='ocrx_word' id='word_1_527' title='bbox 110 3211 246 3252; x_wconf 82' lang='lat' dir='ltr'>gravius</span> <span class='ocrx_word' id='word_1_528' title='bbox 264 3210 456 3246; x_wconf 79' lang='lat' dir='ltr'>terremus,</span> <span class='ocrx_word' id='word_1_529' title='bbox 476 3210 542 3240; x_wconf 84' lang='lat' dir='ltr'>nisi</span> <span class='ocrx_word' id='word_1_530' title='bbox 561 3208 725 3242; x_wconf 85' lang='lat' dir='ltr'>Codicem</span> <span class='ocrx_word' id='word_1_531' title='bbox 741 3210 1075 3250; x_wconf 78' lang='lat' dir='ltr'>Angelomontanum</span> <span class='ocrx_word' id='word_1_532' title='bbox 1103 3217 1179 3240; x_wconf 88' lang='lat' dir='ltr'>cum</span> <span class='ocrx_word' id='word_1_533' title='bbox 1206 3207 1386 3240; x_wconf 87' lang='lat' dir='ltr'>Turicensi</span> <span class='ocrx_word' id='word_1_534' title='bbox 1407 3215 1447 3238; x_wconf 86' lang='lat' dir='ltr'>ex</span> <span class='ocrx_word' id='word_1_535' title='bbox 1468 3213 1538 3237; x_wconf 92' lang='lat' dir='ltr'>uno</span> <span class='ocrx_word' id='word_1_536' title='bbox 1557 3204 1753 3244; x_wconf 82' lang='lat' dir='ltr'>eodemque</span> <span class='ocrx_word' id='word_1_537' title='bbox 1772 3205 1866 3236; x_wconf 80' lang='lat' dir='ltr'>sonte</span> 
     </span>
     <span class='ocr_line' id='line_1_50' title="bbox 110 3251 1867 3295; baseline -0.005 -5"><span class='ocrx_word' id='word_1_538' title='bbox 110 3258 273 3295; x_wconf 77' lang='lat' dir='ltr'>fluxisse,</span> <span class='ocrx_word' id='word_1_539' title='bbox 306 3258 410 3288; x_wconf 86' lang='lat' dir='ltr'>immo</span> <span class='ocrx_word' id='word_1_540' title='bbox 444 3255 783 3295; x_wconf 72' lang='lat' dir='ltr'>Angetomontanum</span> <span class='ocrx_word' id='word_1_541' title='bbox 809 3265 849 3290; x_wconf 82' lang='lat' dir='ltr'>ex</span> <span class='ocrx_word' id='word_1_542' title='bbox 873 3257 1056 3288; x_wconf 80' lang='lat' dir='ltr'>Turicensi</span> <span class='ocrx_word' id='word_1_543' title='bbox 1083 3256 1343 3293; x_wconf 83' lang='lat' dir='ltr'>transscriptum</span> <span class='ocrx_word' id='word_1_544' title='bbox 1370 3260 1445 3285; x_wconf 87' lang='lat' dir='ltr'>esse</span> <span class='ocrx_word' id='word_1_545' title='bbox 1480 3256 1629 3292; x_wconf 85' lang='lat' dir='ltr'>utroque</span> <span class='ocrx_word' id='word_1_546' title='bbox 1668 3251 1867 3291; x_wconf 84' lang='lat' dir='ltr'>diligentius</span> 
     </span>
     <span class='ocr_line' id='line_1_51' title="bbox 112 3295 1865 3343; baseline -0.003 -7"><span class='ocrx_word' id='word_1_547' title='bbox 112 3306 306 3337; x_wconf 74' lang='lat' dir='ltr'>examinato</span> <span class='ocrx_word' id='word_1_548' title='bbox 333 3304 641 3343; x_wconf 82' lang='lat' dir='ltr'>perspexissemus.</span> <span class='ocrx_word' id='word_1_549' title='bbox 669 3302 776 3334; x_wconf 74' lang='grc' dir='ltr'><strong>ΒΑιτ.</strong></span> <span class='ocrx_word' id='word_1_550' title='bbox 807 3320 846 3326; x_wconf 90' lang='grc'>-</span> <span class='ocrx_word' id='word_1_551' title='bbox 874 3302 931 3334; x_wconf 90' lang='grc'>33.</span> <span class='ocrx_word' id='word_1_552' title='bbox 959 3303 1129 3342; x_wconf 77' lang='lat' dir='ltr'>quispiam</span> <span class='ocrx_word' id='word_1_553' title='bbox 1147 3301 1341 3333; x_wconf 79' lang='lat' dir='ltr'>Schutzius.</span> <span class='ocrx_word' id='word_1_554' title='bbox 1368 3298 1426 3342; x_wconf 81' lang='lat' dir='ltr'>(Ut</span> <span class='ocrx_word' id='word_1_555' title='bbox 1449 3307 1536 3340; x_wconf 90' lang='lat' dir='ltr'>nos,</span> <span class='ocrx_word' id='word_1_556' title='bbox 1564 3295 1713 3340; x_wconf 73' lang='lat' dir='ltr'><strong>VPAR.)</strong></span> <span class='ocrx_word' id='word_1_557' title='bbox 1735 3312 1775 3322; x_wconf 84' lang='lat'>·-</span> <span class='ocrx_word' id='word_1_558' title='bbox 1807 3297 1865 3330; x_wconf 71' lang='lat'><strong>42.</strong></span> 
     </span>
     <span class='ocr_line' id='line_1_52' title="bbox 110 3344 1337 3394; baseline -0.005 -10"><span class='ocrx_word' id='word_1_559' title='bbox 110 3351 301 3394; x_wconf 77' lang='lat' dir='ltr'>infirmatio</span> <span class='ocrx_word' id='word_1_560' title='bbox 326 3354 440 3384; x_wconf 81' lang='lat' dir='ltr'>autem</span> <span class='ocrx_word' id='word_1_561' title='bbox 463 3349 547 3382; x_wconf 80' lang='lat' dir='ltr'>haec</span> <span class='ocrx_word' id='word_1_562' title='bbox 569 3348 672 3381; x_wconf 80' lang='lat' dir='ltr'><strong>PAR.</strong></span> <span class='ocrx_word' id='word_1_563' title='bbox 701 3348 758 3391; x_wconf 80' lang='lat' dir='ltr'>(Ut</span> <span class='ocrx_word' id='word_1_564' title='bbox 774 3358 851 3391; x_wconf 85' lang='lat' dir='ltr'>nos,</span> <span class='ocrx_word' id='word_1_565' title='bbox 877 3349 995 3382; x_wconf 80' lang='lat' dir='ltr'>Schol-</span> <span class='ocrx_word' id='word_1_566' title='bbox 1023 3348 1115 3381; x_wconf 91' lang='lat' dir='ltr'>Oud.</span> <span class='ocrx_word' id='word_1_567' title='bbox 1143 3347 1244 3381; x_wconf 85' lang='lat' dir='ltr'>Voss.</span> <span class='ocrx_word' id='word_1_568' title='bbox 1271 3344 1337 3389; x_wconf 88' lang='lat'><strong>11.)</strong></span> 
     </span>
    </p>
   </div>
  </div>
 </body>
</html>
