2117 3762
733 263 830 303 Lm.
863 260 892 303 1.
953 262 996 303 c.
1029 261 1096 302 46.
1120 245 1198 303 727.
1234 261 1299 304 ¹⁴8.
1808 267 1887 307 209

139 378 222 413 tum
254 385 318 412 res
350 378 390 412 et
419 386 540 412 causa
572 370 772 425 postulet,
824 382 917 409 eum
959 368 1134 410 diceudo
1166 368 1229 409 vel
1261 367 1440 409 excitare
1471 368 1600 422 possit
1630 367 1694 409 vel
1726 368 1886 411 sedare.

135 436 230 475 203.
263 435 378 473 llane
419 434 501 474 xim
545 434 577 472 si
619 432 710 485 quis
749 430 954 471 existimat
997 437 1065 471 aut
1109 433 1158 471 ab
1207 430 1278 477 iis,
1331 429 1401 484 qui
1442 431 1492 470 de
1531 428 1693 470 dicendi
1733 430 1891 471 ratione

137 497 408 550 scripserunt,
460 493 690 550 expositam
733 507 822 533 esse
864 500 986 533 autu
1018 509 1082 534 me
1115 507 1236 548 posse
1269 493 1419 548 exponi
1461 498 1541 532 tam
1578 490 1717 539 brevi,
1769 495 1892 533 velie—

137 565 297 599 menter
338 564 447 599 errat
495 570 629 612 neque
674 555 807 596 solum
854 555 1109 597 inscientiam
1152 570 1284 596 meam
1326 557 1397 595 sed
1438 570 1490 595 ne
1541 569 1679 595 rerum
1725 556 1891 610 quidem

137 621 460 672 magnitudinem
491 619 700 674 perspicit.
760 618 961 673 Equidem
994 620 1136 666 vobis,
1177 618 1373 672 quoniam
1406 619 1459 658 ita
1490 616 1699 664 voluistis,
1730 616 1921 666 sontes,⁵

137 685 246 724 unde
283 682 520 730 hauriretis,
573 688 694 735 atque
736 681 878 722 itinera
919 683 1005 736 ipsa
1039 682 1091 722 ita
1124 680 1264 733 putavi
1294 695 1383 721 esse
1415 680 1758 727 demonstranda,
1810 694 1893 721 non

136 753 180 786 ut
212 747 299 800 ipse
332 748 414 786 dux
445 758 600 789 essem,
639 746 749 798 quod
783 750 820 783 et
851 744 1054 785 inlinitum
1086 750 1149 785 est
1179 751 1218 784 et
1261 758 1341 785 non
1389 745 1692 791 necessarium,
1734 743 1806 783 sed
1850 749 1895 783 ut

137 814 510 848 commonstrarem
542 811 698 846 tantum
732 808 836 847 viam
869 813 928 855 et,
961 814 1002 848 ut
1033 806 1121 847 lieri
1154 807 1280 854 solet,
1314 806 1485 859 digitum
1513 809 1562 847 ad
1596 805 1730 846 fontes
1761 805 1895 846 inten-

138 869 295 911 derem.
356 870 520 910 XLVII.
554 869 651 909 205.
685 869 783 910 Mihi
818 883 944 917 vero,
992 870 1126 924 inquit
1157 870 1344 917 Mucius,
1389 870 1484 909 satis
1515 881 1720 923 superque
1751 869 1824 908 abs
1855 873 1893 908 te

137 933 301 974 videtur
330 933 503 972 istorum
537 932 706 978 studiis,
757 931 790 972 si
823 933 947 972 modo
980 937 1074 973 sunt
1104 930 1301 979 studiosi,
1343 944 1433 971 esse
1464 930 1630 972 sactum.
1692 933 1818 979 Nam,
1850 935 1943 970 ut10

138 996 349 1036 Socratem
389 993 505 1035 illum
548 994 713 1035 solitum
757 996 870 1035 aiunt
910 994 1050 1035 dicere
1091 991 1321 1048 perfectum
1353 993 1432 1033 sibi
1463 1006 1566 1046 opus
1597 1005 1705 1039 esse,
1758 992 1790 1032 si
1823 991 1894 1046 qui

135 1056 231 1097 satis
272 1061 381 1097 esset
419 1057 643 1097 concitatus
689 1057 976 1097 cohortatione
1018 1069 1091 1096 sua
1122 1057 1172 1096 ad
1204 1054 1386 1095 studium
1419 1057 1733 1109 cognoscendae
1763 1056 1895 1110 perci-

136 1119 396 1174 piendaeque
443 1118 628 1169 virtutis;
679 1118 827 1173 quibus
861 1117 970 1159 enim
1002 1119 1043 1158 id
1074 1131 1316 1170 persuasum
1350 1124 1476 1165 esset,
1520 1123 1565 1159 ut
1595 1117 1696 1158 nihil
1728 1117 1896 1158 mallent

137 1194 227 1222 esse
257 1195 300 1222 se
333 1195 456 1236 quam
505 1184 638 1223 honos
682 1183 820 1230 viros,
869 1182 918 1221 iis
960 1179 1162 1235 reliquam
1203 1179 1367 1221 facilem
1408 1194 1497 1221 esse
1535 1179 1785 1221 doctrinam:
1836 1180 1895 1219 sie

137 1257 216 1298 ego
245 1244 455 1299 intelligo,
503 1247 536 1286 si
568 1247 609 1285 in
640 1247 763 1292 haec,
814 1257 918 1300 quae
949 1243 1140 1298 patefecit
1172 1242 1358 1284 oratione
1389 1256 1464 1284 sua
1496 1243 1687 1290 Crassus,
1741 1242 1895 1282 intrare
1908 1252 1944 1278 15

135 1307 375 1356 volueritis,
417 1308 610 1350 facillime
642 1322 714 1349 vos
746 1309 797 1348 ad
829 1320 894 1353 ea,
935 1319 1041 1361 quae
1061 1306 1244 1361 cupitis,
1286 1311 1560 1360 perventuros
1591 1307 1641 1345 ab
1672 1305 1753 1345 hoc
1784 1305 1897 1344 aditu

136 1371 342 1426 ianuaque
373 1370 590 1426 patefacta.
653 1373 747 1412 205.
797 1370 923 1411 Nobis
954 1382 1080 1416 vero,
1131 1369 1264 1423 inquit
1295 1367 1524 1420 Sulpicius,
1572 1367 1651 1407 ista
1682 1371 1776 1407 sunt
1803 1379 1897 1421 per-

137 1438 252 1486 grata
295 1446 453 1488 perque
499 1435 704 1483 iucunda3
754 1431 825 1473 sed
874 1444 1004 1487 pauca
1044 1432 1167 1472 etiam
1210 1430 1459 1485 requirimus
1499 1430 1781 1484 imprimisque
1821 1443 1894 1478 ea,

137 1508 245 1551 quae
276 1495 394 1536 vaide
427 1495 613 1536 breviter
644 1509 666 1536 a
699 1500 759 1542 te,
793 1497 959 1543 Crasse,
994 1495 1044 1534 de
1075 1493 1164 1547 ipsa
1196 1499 1285 1534 arte
1315 1506 1511 1546 percursa
1542 1497 1662 1540 sunt,
1708 1505 1800 1532 cum
1830 1490 1898 1532 illa

137 1563 177 1598 te
200 1563 240 1598 et
260 1572 342 1599 non
375 1564 641 1599 contemnere
663 1564 703 1599 et
724 1556 916 1598 didicisse
938 1555 1199 1597 confiterere.
1261 1558 1321 1596 Ea
1349 1556 1382 1596 si
1414 1556 1553 1610 paullo
1586 1554 1706 1596 latius
1728 1555 1894 1602 dixeris,
1910 1564 1946 1589 20

138 1620 318 1675 expleris
364 1635 529 1662 omnem
576 1621 927 1675 exspectationem
965 1619 1149 1660 diuturni
1190 1618 1388 1660 desiderii
1419 1618 1567 1659 nostri.
1628 1619 1729 1658 Nam
1760 1631 1894 1665 nunc,

138 1684 287 1738 quibus
318 1683 565 1725 studendum
597 1686 721 1724 rebus
753 1688 881 1731 esset,
936 1681 1194 1736 accepimus,
1247 1682 1358 1735 quod
1388 1681 1522 1735 ipsum
1555 1685 1617 1720 est
1645 1685 1783 1721 tamen
1813 1693 1898 1720 ma-

138 1759 284 1798 gnum3
337 1746 410 1787 sed
452 1747 538 1788 vias
577 1760 718 1787 earum
750 1760 891 1787 rerum
925 1745 1213 1798 rationemque
1246 1744 1434 1796 cupimus
1466 1755 1735 1795 cognoscere.
1796 1743 1893 1782 206.

138 1810 268 1858 Quid,
301 1808 358 1857 si,
393 1810 526 1864 inquit
548 1811 736 1866 Crassus,
767 1809 964 1863 quoniam
996 1820 1100 1860 ego,
1134 1819 1217 1860 quo
1248 1805 1409 1846 facilius
1441 1818 1515 1846 vos
1545 1805 1654 1859 apud
1685 1817 1750 1844 me
1782 1808 1898 1844 tene-

137 1884 249 1922 rem,
282 1878 443 1914 vestrae
472 1873 611 1927 potius
644 1874 864 1912 obsecutus
896 1883 987 1911 sum
1017 1868 1217 1910 voluntati
1248 1881 1371 1922 quam
1402 1872 1472 1907 aut
1503 1865 1795 1907 consuetudini
1827 1870 1896 1906 aut
1910 1874 1946 1900 2⁵

136 1943 309 1978 naturae
339 1949 478 1983 meae,
524 1935 705 1988 petimus
735 1932 786 1974 ab
817 1931 1016 1979 Antonio,
1057 1935 1103 1972 ut
1134 1946 1207 1979 ea,
1249 1943 1355 1985 quae
1386 1930 1568 1970 continet
1598 1941 1734 1984 neque
1764 1928 1897 1968 adhuc

137 1998 332 2056 protulit,
364 2012 418 2040 ex
449 1998 598 2053 quibus
627 2010 756 2037 unum
786 1994 971 2036 libellum
1003 1991 1081 2035 sibi
1113 1994 1317 2034 excidisse
1347 1993 1588 2032 iamdudum
1619 1996 1786 2045 questus
1817 1995 1894 2038 est,

139 2062 318 2118 explicet
346 2059 466 2102 nebis
497 2065 538 2101 et
566 2058 636 2100 illa
666 2058 830 2099 dicendi
862 2057 1058 2111 mysteria
1087 2057 1297 2097 enuntiet?
1343 2056 1392 2096 Ut
1420 2053 1610 2102 videtur,
1642 2054 1776 2108 inquit
1808 2051 1898 2093 Sul-

138 2125 301 2179 picius;
356 2137 452 2165 nam
496 2122 677 2163 Antonio
729 2121 917 2168 dicente,
969 2120 1092 2160 etiam
1136 2118 1233 2174 quid
1280 2123 1324 2159 tu
1379 2117 1552 2164 sentias,
1602 2114 1894 2169 intelligemus.

139 2190 235 2229 207.
268 2189 368 2228 Peto
400 2187 551 2240 igitur,
584 2183 718 2239 inquit
749 2184 942 2231 Crassus,
975 2195 998 2222 a
1027 2186 1090 2230 te,
1131 2182 1326 2236 quoniam
1358 2181 1400 2220 id
1430 2177 1572 2230 nobis,
1612 2178 1789 2226 Antoni,
1824 2175 1946 2218 lio-³0

139 2249 316 2292 minibus
346 2251 389 2290 id
421 2248 564 2290 aetatis
595 2247 734 2287 oneris
765 2248 815 2287 ab
845 2246 998 2286 horum
1029 2243 1354 2285 adolescentium
1394 2241 1537 2283 studiis
1577 2241 1821 2296 imponitur,
1853 2245 1898 2281 ut

141 2325 350 2368 exponas,
396 2311 496 2366 quid
526 2310 577 2351 iis
608 2308 658 2351 de
688 2310 841 2357 rebus,
876 2321 977 2363 quas
1009 2320 1032 2348 a
1061 2311 1101 2347 te
1132 2306 1277 2361 quaeri
1308 2306 1447 2352 vides,
1479 2305 1646 2345 sentias.
1706 2303 1891 2344 XLVIII.

139 2373 458 2428 Deprehensum
487 2372 681 2427 equidem
713 2386 802 2419 me,
850 2369 984 2424 inquit
1018 2370 1238 2415 Antonius,
1284 2367 1404 2423 plane
1434 2368 1558 2409 video
1588 2371 1711 2420 atque
1742 2364 1895 2411 sentio,

139 2452 226 2480 non
257 2438 392 2479 solum
422 2437 534 2492 quod
566 2447 615 2475 ea
644 2434 912 2488 requiruntur
943 2446 966 2473 a
996 2446 1084 2481 me,
1119 2445 1297 2486 quorum
1327 2443 1419 2472 sum
1447 2429 1615 2484 ignarus
1645 2433 1767 2484 atque
1788 2427 1897 2468 inso-

140 2499 255 2548 lens,
307 2500 381 2540 sed
417 2498 536 2553 quia,
587 2498 700 2551 quod
729 2497 771 2537 in
803 2496 936 2537 causis
966 2494 1084 2536 valde
1116 2493 1260 2547 fugere
1291 2494 1432 2541 soleo,
1482 2505 1534 2532 ne
1574 2490 1671 2539 tibi,
1726 2492 1944 2536 Crasse,a⁵

142 2563 381 2610 succedam,
431 2562 473 2602 id
510 2573 576 2601 me
616 2573 724 2600 nunc
755 2557 820 2599 isti
851 2556 983 2599 vitare
1014 2570 1098 2599 non
1129 2556 1278 2599 sinunt.
1336 2556 1432 2596 208.
1467 2555 1622 2595 Verum
1653 2556 1732 2594 hoc
1760 2553 1896 2604 ingre-

143 2624 234 2666 diar
271 2627 323 2666 ad
363 2639 434 2673 ea,
481 2636 587 2679 quae
623 2621 770 2669 vultis,
819 2619 1040 2668 audacius,
1090 2618 1202 2675 quod
1238 2617 1347 2659 idem
1386 2616 1488 2658 mihi
1527 2629 1650 2671 spero
1689 2627 1767 2654 usu
1805 2626 1894 2653 esse

142 2692 363 2729 venturum
392 2688 436 2728 in
464 2685 540 2727 hac
571 2683 873 2738 disputatione,
921 2680 1033 2737 quod
1062 2682 1104 2722 in
1135 2680 1311 2722 dicendo
1343 2680 1470 2728 solet,
1513 2685 1558 2719 ut
1598 2676 1707 2718 nulla
1748 2687 1898 2729 exspe-

145 2754 278 2790 ctetur
299 2754 440 2791 ornata
460 2747 610 2791 oratio.
671 2749 814 2802 Neque
846 2745 955 2786 enim
986 2758 1076 2785 sum
1107 2745 1158 2785 de
1188 2748 1275 2785 arte
1306 2742 1511 2790 dicturus,
1544 2752 1665 2795 quam
1685 2750 1894 2791 nunquam

238 2927 271 2958 1.
296 2924 473 2966 postulari
505 2925 536 2957 R
568 2928 603 2958 et
626 2926 676 2957 sle
701 2923 762 2965 Lg.
789 2922 845 2955 93.
865 2945 874 2960 ,
913 2922 972 2954 sed
1008 2930 1095 2953 corr.
1121 2920 1326 2962 postularit.
1369 2933 1410 2942 --
1450 2917 1484 2950 a.
1527 2916 1702 2947 inscitiam
1726 2912 1834 2945 Aldus
1860 2915 1895 2945 et

146 2975 354 3016 posteriores
381 2972 469 3003 Edd.
497 2976 577 3005 ante
604 2971 702 3004 Grut.
745 2969 863 3010 (etiam
891 2967 1106 3006 Lambinus.)
1147 2968 1187 2999 In
1226 2967 1312 2999 Cod.
1350 2965 1444 2996 nullo
1482 2964 1635 3002 repperit
1673 2960 1824 2992 Ellendt.
1852 2976 1895 2982 —

145 3018 275 3060 rerum]
302 3019 354 3051 rei
379 3018 518 3051 Bakius.
547 3035 586 3042 —
628 3018 661 3050 6.
703 3018 852 3050 hauritis
879 3016 918 3047 B.
958 3033 993 3039 —
1039 3015 1072 3046 8.
1108 3012 1195 3055 fieri]
1234 3014 1301 3045 dici
1337 3017 1478 3045 auctore
1513 3011 1671 3042 Ernestio
1698 3007 1892 3042 Sebuinus,

145 3069 232 3110 ferri
258 3066 396 3099 llerelio
423 3071 564 3098 auctore
590 3065 773 3098 Mulierus.
822 3064 867 3095 At
892 3063 971 3095 vide
998 3062 1161 3094 Ellendtii
1189 3060 1343 3099 Explicc.
1373 3068 1406 3098 p.
1435 3056 1513 3088 117.
1547 3071 1580 3076 —
1611 3056 1668 3087 11.
1695 3055 1754 3095 qui
1781 3052 1892 3085 Codd.

146 3116 218 3148 aL:
246 3114 324 3154 quis
349 3112 452 3144 BRE.
482 3127 520 3135 -
565 3111 622 3142 154.
649 3120 718 3144 esse
743 3119 777 3143 se
803 3110 913 3142 Codd.
942 3109 1012 3141 ah:
1040 3118 1072 3140 sc
1098 3115 1167 3140 esse
1193 3107 1296 3138 BRE.
1328 3121 1364 3128 ——
1405 3104 1462 3135 20.
1491 3102 1649 3144 confitere
1674 3100 1715 3131 B.
1754 3116 1798 3121 —-
1838 3099 1896 3130 26.

143 3166 307 3202 petamus
343 3160 383 3190 Β.
422 3158 523 3196 (Inde
549 3157 591 3189 ab
618 3157 681 3190 hoc
707 3168 738 3192 v.
766 3166 877 3197 usque
903 3157 946 3188 ad
971 3154 1008 3196 ἕ.
1036 3154 1115 3186 209.
1144 3153 1366 3185 dissenserint
1393 3150 1477 3181 nihil
1503 3153 1644 3181 notatur
1669 3157 1708 3182 ex
1733 3146 1786 3183 B..
1823 3148 1895 3178 sive

149 3208 305 3241 detectus
345 3210 395 3238 est
432 3207 466 3237 in
502 3204 656 3242 Codice,
697 3201 768 3236 sive
803 3212 863 3243 per
889 3211 1040 3236 errorem
1068 3202 1218 3240 aliquem
1245 3201 1329 3231 haec
1363 3196 1518 3229 conferre
1557 3196 1706 3236 neglexit
1738 3192 1894 3226 collator,

148 3258 220 3288 sive
247 3255 360 3286 omnia
387 3253 586 3290 conspirant
610 3258 687 3282 cum
713 3251 917 3282 Ernestiana
935 3273 943 3288 ,
981 3249 1015 3281 id
1043 3247 1136 3289 quod
1162 3255 1231 3279 non
1258 3244 1390 3278 credo.)
1417 3259 1457 3265 -
1495 3242 1552 3274 29.
1579 3242 1784 3280 incelliqas,
1823 3248 1896 3270 sen-

149 3303 270 3335 tiernus
299 3301 391 3332 Libri
421 3306 540 3331 omnes
566 3300 602 3330 et
626 3297 715 3328 Edd.
743 3301 825 3328 vett.
844 3320 852 3335 ,
880 3298 982 3329 etiam
1008 3296 1049 3327 R.
1078 3293 1233 3326 Correxit
1257 3291 1452 3323 Manutius.
1481 3305 1522 3313 -
1558 3289 1616 3322 33.
1644 3286 1800 3330 equidem
1824 3293 1894 3318 om.

149 3349 192 3382 R.
219 3364 258 3372 —-
286 3347 351 3380 Vv.
379 3351 484 3387 atque
508 3346 617 3378 sencio
642 3344 782 3376 seclusit
805 3343 958 3376 Ellendt..
987 3357 1023 3365 --
1053 3341 1109 3374 36.
1137 3337 1213 3380 hoc]
1239 3347 1298 3381 ⁰9⁰
1323 3337 1366 3370 R.

225 3419 317 3446 cicero
338 3417 366 3446 Τ.
387 3417 408 3446 1.
1404 3407 1454 3449 M·
