2117 3762
705 247 803 287 LIB.
840 245 908 286 lv.
972 244 1015 286 C.
1053 246 1117 287 13.
1155 246 1219 286 14.
1255 247 1318 285 15.
1839 251 1889 289 59

144 360 230 396 tum
260 354 484 395 venustatis
523 354 677 399 habet,
727 357 812 392 tum
853 353 1062 403 gravitatis
1103 358 1143 392 et
1173 350 1423 392 acrimoniae
1456 350 1692 406 plurimum.
1755 354 1890 402 Quare

143 419 306 460 videtur
336 431 426 458 esse
456 416 688 457 adhibenda
720 420 760 454 et
790 416 840 454 ad
872 418 1096 456 ornandam
1128 422 1168 455 et
1198 417 1247 455 ad
1281 416 1562 466 exaugendam
1594 416 1836 456 orationem.

257 481 481 521 Conversio
513 484 596 525 est,
630 493 705 531 per
736 491 857 532 quam
888 491 989 522 non.
1024 484 1067 518 ut
1097 484 1216 525 aute,
1253 477 1431 532 primum
1454 477 1678 529 repetimus
1702 478 1890 523 verbum,

144 545 217 585 sed
249 542 297 584 ad
330 549 580 598 postremum
613 542 873 582 continenter
902 542 1176 588 revertimur,
1211 542 1289 580 hoc.
1322 542 1473 580 modo:
1525 541 1685 579 Poenos
1716 540 1892 592 populus

143 610 352 649 Romanus
384 605 534 645 iustitia
566 603 686 649 vicit,
735 605 860 644 armis
891 602 1016 649 vicit,
1070 602 1317 644 liberalitate
1351 602 1459 643 vicit.
1524 604 1655 642 Item:
1710 603 1771 641 lix
1811 615 1924 655 quoa

144 675 329 723 tempore
375 667 597 707 concordia
636 668 686 706 (le
727 668 888 709 civitate
925 666 1083 706 sublata
1123 671 1208 712 cst,
1262 664 1428 705 libertas
1467 663 1624 706 sublata
1657 670 1742 711 est,
1793 663 1892 704 tides

145 730 303 772 sublata
323 735 408 776 est,
441 729 619 769 amicitia
649 729 808 770 sublata
838 737 924 779 est,
961 744 1026 770 res
1056 728 1221 781 publiea
1243 730 1401 768 sublata
1423 734 1498 768 est.
1562 729 1687 768 Item:
1722 728 1766 766 C.
1792 728 1895 766 Lae-

144 795 222 834 lius
252 795 375 833 bomo
407 805 535 832 navus
566 797 680 839 erat,
715 792 952 844 ingeniosus
985 797 1091 837 erat,
1124 792 1269 829 doetus
1303 797 1416 837 erat,
1462 792 1581 831 bonis
1612 790 1710 830 viris
1743 794 1783 829 et
1813 795 1896 829 stu-

145 855 270 897 diosis
292 855 446 895 amicus
477 860 590 895 erat:
625 870 722 909 ergo
755 858 796 896 in
829 858 993 897 civitate
1023 855 1180 909 primus
1212 858 1314 893 erat.
1377 855 1503 894 ltcm:
1540 856 1641 893 Nam
1664 866 1756 892 eum
1779 853 1894 899 istos,

143 924 188 958 ut
216 918 431 958 absolvant
462 923 525 965 te,
559 931 703 970 rogas,
737 925 781 959 ut
812 921 1018 974 peiorem,
1052 930 1195 967 rogas3
1229 922 1274 956 ut
1295 915 1641 956 existimationem
1667 913 1895 969 negligant,
1913 929 1947 953 ιο

142 992 292 1034 rogas3
324 985 369 1019 ut
400 980 513 1032 leges
544 980 687 1032 populi
718 983 890 1022 Romani
923 988 1015 1021 tuae
1047 980 1210 1020 libidini
1241 980 1485 1031 largiantur,
1518 991 1652 1031 rogas.

252 1043 362 1084 XIV.
408 1044 476 1082 20.
527 1042 772 1095 Complexio
813 1049 902 1092 est,
952 1055 1057 1097 quae
1095 1048 1311 1095 utramque
1343 1042 1630 1095 complectitur
1661 1040 1898 1081 exornatio-

142 1117 265 1152 nem,
297 1110 337 1145 et
367 1105 473 1145 hane
506 1111 546 1146 et
578 1119 701 1160 quam
731 1112 823 1147 ante
857 1106 1126 1160 exposuimus
1145 1135 1156 1151 ,
1190 1109 1235 1143 ut
1256 1109 1297 1144 et
1318 1108 1530 1155 repetatur
1549 1104 1658 1143 idem
1684 1099 1893 1155 [primum]

142 1168 315 1208 verbum
346 1169 511 1220 saepius
544 1173 584 1208 et
614 1170 762 1209 erebro
792 1170 843 1209 ad
873 1169 982 1208 idem
1015 1173 1272 1220 postremum
1304 1171 1561 1206 revertamur
1580 1196 1589 1213 ,
1631 1166 1712 1205 hoe
1743 1165 1893 1205 modo:

144 1230 224 1279 Qui
255 1236 369 1276 sunt.
415 1230 485 1284 qui
516 1229 685 1272 foedera
716 1245 840 1284 saepe
872 1233 1095 1283 ruperunt?
1129 1230 1508 1282 Karthaginienses.
1570 1229 1649 1276 Qui
1681 1232 1794 1273 sunt,
1826 1226 1945 1280 qui15

143 1292 310 1334 crudele
355 1293 509 1334 bellum
554 1292 595 1333 in
639 1293 752 1334 Italia
798 1296 1039 1347 gesserunt?
1089 1293 1468 1344 Karthaginienses.
1537 1291 1616 1339 Qui
1662 1295 1776 1336 sunt,
1828 1287 1898 1342 qui

142 1357 299 1396 Italiam
331 1357 700 1397 deformaverunt?
743 1355 1120 1409 Karthaginienses.
1183 1355 1263 1404 Qui
1303 1359 1418 1400 sunt,
1466 1354 1535 1407 qui
1575 1351 1654 1392 sibi
1692 1352 1900 1404 postulant

142 1419 333 1472 ignosci?
374 1420 750 1471 Karthaginienses.
811 1420 959 1460 Videte
991 1432 1117 1471 ergo,
1150 1431 1272 1473 quam
1306 1416 1526 1458 conveniat
1556 1429 1627 1456 eos
1657 1415 1894 1467 impetrare.

142 1483 274 1523 Item:
309 1482 442 1531 Quem
474 1488 637 1523 senatus
668 1481 895 1531 damnarit,
931 1495 1052 1537 quem
1085 1483 1262 1534 populus
1282 1482 1490 1521 Romanus
1513 1476 1740 1524 damnarit,
1775 1488 1895 1530 quem

143 1546 327 1587 omnium
360 1544 609 1585 existimatio
642 1543 871 1590 damnarit,
903 1558 998 1586 eum
1030 1557 1103 1585 vos
1135 1544 1348 1585 sententiis
1379 1542 1526 1583 vestris
1557 1539 1811 1581 absolvetis‘?
1910 1552 1948 1577 20

254 1609 475 1648 Traductio
508 1614 593 1655 est,
642 1621 746 1662 quae
777 1608 902 1655 facit,
951 1609 1008 1648 uti
1029 1638 1039 1655 ‚
1083 1621 1176 1648 cum
1208 1608 1316 1647 idem
1347 1607 1522 1646 verbum
1553 1601 1739 1644 erebrius
1769 1614 1900 1654 pona-

142 1676 237 1717 tur,
272 1683 355 1710 non
386 1668 510 1711 modo
541 1682 625 1710 non
656 1668 838 1710 offendat
868 1669 1068 1715 animum,
1100 1668 1171 1710 sed
1194 1670 1315 1710 etiam
1338 1667 1645 1708 concinniorem
1668 1664 1898 1707 orationem

143 1731 310 1780 reddat,
345 1731 422 1773 hoc
454 1737 603 1784 pacto:
657 1732 737 1781 Qui
767 1731 869 1772 nihil
899 1734 1023 1772 habet
1051 1731 1092 1772 in
1123 1732 1207 1771 vita
1235 1729 1454 1772 iucundius
1485 1728 1567 1770 vita
1587 1760 1596 1777 ,
1629 1729 1664 1768 is
1695 1740 1787 1768 cum
1817 1725 1899 1767 vir-

144 1800 229 1836 tute
268 1795 392 1834 vitam
433 1807 517 1834 non
553 1800 689 1847 potest
727 1794 878 1835 colere.
940 1797 1066 1836 Item:
1121 1795 1223 1834 Eum
1256 1798 1299 1832 tu
1330 1792 1537 1833 hominem
1570 1789 1775 1844 appellas,
1827 1789 1897 1843 qui

143 1859 178 1899 si
207 1858 349 1897 fuisset
387 1855 540 1905 homo,
590 1871 798 1912 nunquam
839 1862 921 1897 tam
962 1855 1181 1897 crudeliter
1226 1856 1405 1895 hominis
1442 1856 1567 1894 vitam
1599 1854 1803 1906 petisset?
1849 1854 1946 1891 At2⁵

144 1926 233 1962 erat
261 1919 466 1961 inimicus.
527 1922 636 1972 Ergo
668 1919 879 1960 inimicum
911 1922 968 1960 sie
996 1920 1141 1960 ulcisci
1171 1918 1327 1963 voluit,
1372 1921 1417 1957 ut
1454 1917 1541 1970 ipse
1580 1913 1656 1955 sibi
1698 1914 1898 1969 reperire-

143 1989 211 2024 tur
241 1983 462 2024 inimicus?
522 1984 650 2023 Item:
698 1983 870 2023 Divitias
910 1985 995 2023 sine
1035 1984 1207 2023 divitum
1247 1994 1367 2029 esse3
1415 1984 1461 2020 tu
1499 1979 1692 2019 virtutem
1732 1975 1898 2031 praefer

143 2046 310 2087 divitiis.
372 2047 476 2086 Nam
507 2046 540 2086 si
570 2044 685 2086 voles
718 2045 878 2086 divitias
910 2059 1002 2086 cum
1034 2046 1183 2086 virtute
1214 2055 1480 2095 comparare,
1513 2042 1584 2081 vix
1606 2040 1702 2080 satis
1723 2040 1897 2079 idoneae

143 2110 218 2151 tibi
248 2107 498 2149 videbuntur
528 2107 721 2155 divitiae,
772 2121 877 2163 quae
908 2109 1070 2149 virtutis
1101 2108 1354 2163 pedisequae
1385 2106 1478 2145 sint.
1549 2105 1615 2144 21.
1658 2104 1721 2142 Ex
1751 2103 1897 2142 eodem

145 2185 296 2227 genere
329 2176 390 2212 est
420 2170 727 2218 exornationis,
761 2184 852 2210 cum
883 2169 992 2211 idem
1025 2172 1197 2211 verbum
1229 2169 1396 2222 ponitur
1416 2169 1540 2208 modo
1573 2167 1614 2206 in
1635 2167 1738 2213 hae,
1773 2165 1898 2204 modo
1913 2174 1948 2200 so

144 2238 187 2277 in
217 2234 344 2276 altera
374 2248 448 2282 re,
501 2232 580 2273 hoe
610 2235 760 2284 modo:
822 2234 903 2274 Cur
933 2247 1022 2274 eam
1054 2247 1140 2274 rem
1172 2238 1254 2272 tam
1286 2232 1469 2272 studiose
1500 2243 1643 2277 curas,
1691 2241 1794 2282 quae
1826 2224 1898 2265 tibi

146 2299 292 2339 multas
323 2297 438 2337 dabit
467 2298 620 2336 curas?
666 2297 791 2336 Item:
840 2297 943 2336 Nam
981 2296 1109 2336 amari
1150 2294 1373 2335 iucundum
1412 2297 1493 2339 est,
1541 2293 1574 2333 si
1613 2297 1800 2337 curetur,
1847 2301 1898 2328 ne

145 2361 245 2416 quid
277 2359 373 2399 insit
403 2359 547 2399 amari.
609 2359 739 2399 Item:
784 2357 958 2399 Veniam
1000 2359 1051 2398 ad
1090 2370 1186 2406 vos,
1234 2358 1267 2397 si
1297 2355 1398 2397 mihi
1431 2361 1594 2396 senatus
1626 2356 1694 2395 det
1725 2353 1898 2393 veniam.

146 2426 192 2465 ln
221 2424 284 2464 his
315 2427 509 2477 quattuor
539 2421 758 2475 generibus
802 2422 1147 2468 exornationum,
1199 2432 1305 2474 quae
1346 2419 1480 2458 adhuc
1519 2417 1756 2471 propositae
1788 2418 1895 2461 sunt,

146 2499 230 2528 non
268 2487 410 2539 inopia
448 2486 670 2525 verborum
710 2483 780 2532 fit,
828 2489 872 2525 ut
908 2482 958 2524 ad
999 2482 1108 2523 idem
1145 2484 1318 2522 verbum
1358 2482 1551 2521 redeatur
1587 2478 1779 2531 saepius;
1827 2477 1896 2517 sed
1911 2492 1945 2519 ³5

144 2551 251 2591 inest
290 2547 518 2596 festivitas,
565 2560 670 2603 quae
714 2545 873 2588 facilius
917 2547 1085 2587 auribus
1129 2543 1347 2586 diiudicari
1390 2556 1511 2598 quam
1550 2543 1686 2583 verbis
1730 2542 1898 2581 demon-

146 2613 266 2655 strari
296 2615 447 2665 potest.

259 2675 350 2715 XV.
384 2673 600 2714 Contentio
633 2677 722 2720 est,
763 2685 856 2713 cum
886 2685 936 2712 cx
967 2671 1183 2712 contrariis
1213 2667 1350 2710 verbis
1382 2672 1452 2708 aut
1482 2665 1604 2708 rebus
1636 2666 1767 2706 oratio
1800 2678 1898 2704 con-

146 2736 310 2785 ficitur,
357 2735 436 2777 hoe
466 2741 615 2791 pacto:
668 2736 805 2776 Habet
834 2735 1053 2776 assentatio
1086 2731 1264 2774 iucunda
1304 2732 1533 2786 principia,
1581 2727 1723 2769 eadem
1764 2727 1898 2768 exitus

147 2800 426 2841 amarissimos
457 2798 590 2840 affert.
654 2800 784 2839 Item:
833 2798 1012 2838 Inimicis
1044 2801 1082 2837 te
1112 2795 1386 2851 placabilem,
1428 2793 1569 2833 amicis
1600 2787 1896 2831 inexorabilem
1911 2803 1947 2829 τοο

147 2863 337 2918 praebes.
398 2863 529 2903 Item:
579 2863 626 2902 In
659 2861 744 2902 otio
775 2859 1060 2909 tumultuaris3
1094 2857 1136 2899 in
1168 2858 1344 2898 tumultu
1374 2869 1417 2896 es
1448 2856 1617 2895 otiosus.
1678 2854 1722 2893 ln
1755 2866 1798 2893 re
1828 2851 1900 2892 fri-

436 2948 1885 2966 Μ

237 3008 272 3039 2.
301 3008 586 3047 exaquei-andam
611 3007 638 3038 T
666 3012 699 3040 et
727 3015 775 3038 rc.
805 3014 891 3039 corr.
913 3007 951 3038 F.
981 3005 1049 3036 Ct'r.
1080 3003 1115 3045 §.
1146 3004 1202 3036 34.
1224 3020 1267 3026 -
1293 3002 1325 3033 8.
1353 3009 1462 3032 novus
1487 2999 1645 3030 PBFRT.
1674 2995 1738 3038 (De
1766 2997 1791 3028 Α
1821 2999 1899 3030 site-

147 3052 232 3095 tur.)
283 3053 439 3085 Correxit
466 3054 584 3085 Lamb.
613 3071 653 3076 —
693 3054 749 3086 13.
774 3055 928 3093 primum
955 3062 1023 3084 om.
1046 3054 1151 3083 nostri
1181 3059 1298 3081 omnes
1326 3052 1360 3080 et
1387 3048 1543 3085 plerique
1569 3046 1640 3078 alii.
1690 3045 1760 3077 Nos
1788 3045 1899 3077 seelu-

149 3105 270 3133 strnus.
302 3117 338 3123 —
370 3100 424 3131 1l4.
451 3106 622 3138 postremo
649 3101 690 3132 T.
718 3117 755 3122 —
797 3100 852 3131 18.
881 3110 988 3141 quam
1012 3098 1210 3129 PsnFnT:
1240 3096 1323 3135 quid
1351 3102 1426 3125 cum
1453 3093 1574 3125 Lamb.
1605 3094 1641 3125 E.
1671 3109 1708 3116 ·-
1750 3092 1804 3122 19.
1834 3092 1899 3121 Ro-

146 3158 271 3180 manus
298 3156 365 3177 om.
399 3147 496 3177 I'F'l'.
537 3163 576 3170 -—
612 3148 669 3178 21.
697 3149 751 3179 uti
776 3147 882 3177 PAR:
919 3150 955 3177 ut
983 3146 1112 3177 FRTE.
1154 3159 1195 3166 -
1233 3143 1289 3173 24.
1318 3145 1354 3171 tu
1382 3149 1449 3171 om.
1478 3139 1635 3172 PABFT.
1671 3155 1712 3161 —-
1754 3139 1899 3169 hominis

146 3197 256 3226 vitam
282 3194 416 3225 PAFT:
444 3195 554 3223 vitam
579 3193 724 3224 hominis
751 3194 853 3224 BRE.
884 3209 923 3215 —
962 3193 1019 3224 25.
1044 3193 1182 3232 petisset
1208 3187 1405 3219 PABFRT:
1436 3187 1594 3225 petiisset
1622 3187 1658 3218 E.
1690 3202 1726 3209 —-
1767 3185 1823 3216 30.
1851 3189 1900 3216 est

149 3241 389 3274 exornationis
414 3239 610 3271 PARFRT:
639 3241 876 3271 exornationis
901 3244 948 3270 est
978 3239 1016 3269 E.
1053 3255 1096 3259 ——-
1135 3237 1282 3276 ponitur
1307 3235 1406 3265 modo
1432 3233 1601 3265 PBFRT:
1628 3232 1730 3264 modo
1756 3232 1900 3272 ponitur

148 3289 221 3320 ΑΕ.
255 3291 297 3309 —'
336 3286 391 3318 31.
421 3287 482 3318 tibi
507 3286 633 3317 multas
659 3286 828 3317 PABFT:
870 3286 1000 3317 multas
1026 3285 1086 3315 tibi
1112 3284 1152 3314 E.
1192 3281 1273 3319 (om.
1301 3281 1362 3312 tibi
1396 3280 1458 3318 R.)
1497 3297 1536 3302 —
1579 3281 1634 3312 39..
1661 3280 1748 3311 Nam
1786 3278 1900 3309 amari

148 3334 314 3367 PABFT:
341 3334 466 3365 Amara·
485 3333 558 3364 RE.
588 3332 657 3364 cfr.
684 3330 721 3373 ὃ.
740 3332 797 3365 25.
827 3332 890 3363 bis.
914 3349 948 3355 -
979 3331 1035 3363 36.
1063 3329 1233 3370 festivitas
1251 3327 1449 3360 PABFRT:
1476 3327 1649 3371 festivitas
1667 3324 1838 3367 quaedam
1855 3324 1896 3356 E.
