2117 3762
816 198 862 240 C.
897 199 962 241 18.
999 200 1064 241 19.
1097 201 1166 242 20.
1784 207 1864 248 487

119 318 286 353 avarus,
319 309 411 353 aut,
444 307 541 360 quid
571 304 624 347 sit
652 303 863 359 superbia.
925 307 993 346 66.
1041 305 1182 348 Tertio
1213 311 1350 349 autem
1382 308 1422 348 in
1454 321 1633 362 genere,
1680 309 1722 349 in
1753 325 1862 364 quo,

119 367 238 423 quale
268 367 338 415 sit.
387 368 627 423 quaeritur,
674 373 743 408 aut
773 369 824 408 de
854 370 1068 409 honestate
1098 375 1167 410 aut
1197 371 1248 410 de
1278 369 1451 412 utilitate
1482 376 1552 412 aut
1582 372 1632 411 de
1663 372 1866 427 aequitate

118 432 335 472 dicendum
366 439 438 473 est.
496 433 555 472 De
586 429 801 471 honestate
833 432 913 472 sic:
948 438 1015 479 ut,
1050 433 1333 473 Honestumne
1357 436 1408 474 sit
1437 447 1514 487 pro
1546 434 1676 474 amico
1707 436 1868 489 pericu-

117 494 201 535 lum
241 500 309 535 aut
338 492 532 535 invidiam
564 492 717 533 subire.
782 494 842 534 Dc
873 493 1045 535 utilitate
1079 502 1215 536 autem
1247 496 1325 536 sic:
1373 502 1441 544 ut,
1478 495 1589 538 Sitne
1620 495 1719 536 utile
1750 497 1791 538 in
1821 511 1867 539 rc

116 554 280 609 publica
311 555 630 598 administranda
661 555 832 597 versari.
877 559 938 597 Dc
969 558 1177 612 acquitate
1208 570 1307 598 vero
1340 557 1420 599 sic:
1453 564 1516 606 ut,
1547 559 1660 600 Sitne
1689 572 1900 614 aequums

116 620 270 661 amicos
300 619 483 673 cognatis
511 616 729 659 anteferre.
790 619 923 674 Atque
955 620 995 659 in
1027 620 1105 660 hoc
1136 621 1283 661 codem
1316 633 1488 673 genere,
1531 620 1573 662 in
1604 634 1708 676 quo,
1749 621 1870 678 quale

115 682 190 730 sit,
241 683 471 738 quaeritur,
517 679 703 721 exoritur
746 679 858 721 aliud
899 682 1107 735 quoddam
1147 680 1383 735 disputandi
1422 696 1563 737 genus.
1625 686 1716 725 Non
1759 685 1870 725 enim

116 744 357 800 simpliciter
385 744 517 784 solum
541 744 776 797 quaeritur,
809 742 908 798 quid
930 745 1152 784 honestum
1173 744 1246 793 sit,
1280 743 1378 799 quid
1402 745 1519 793 utile,
1558 746 1657 802 quid
1679 759 1871 802 aequum,

115 808 188 848 sed
219 822 271 848 ex
300 807 610 858 comparatione
641 804 789 853 etiam,
824 805 921 860 quid
951 807 1190 854 honestius,
1224 806 1323 860 quid
1354 807 1520 856 utilius,
1554 808 1655 864 quid
1679 810 1872 865 aequius,

115 875 238 924 atquc
270 867 418 915 etiam,
451 866 549 922 quid
580 867 942 916 honestissimum,
977 870 1074 922 quid
1105 867 1395 918 utilissimum,
1430 868 1530 924 quid
1550 870 1923 926 aequissimum32o

114 930 230 973 cuius
268 931 430 984 generis
471 930 538 971 illa
579 935 694 978 sunt,
744 943 848 985 quae
886 932 1235 983 praestantissima
1266 934 1318 974 sit
1349 933 1525 988 dignitas
1555 934 1676 977 vitae.
1739 939 1872 991 Atque

114 1007 161 1035 ea
198 991 390 1047 quidem,
439 1006 544 1048 quae
583 993 692 1040 dixi,
740 991 988 1045 cognitionis
1027 998 1122 1034 sunt
1150 993 1305 1035 omnia.
1367 997 1436 1040 67.
1478 999 1646 1038 Restant
1677 999 1867 1041 actionis:

112 1054 228 1098 cuius
259 1055 431 1097 alterum
464 1061 526 1096 est
555 1055 838 1109 praecipiendi
871 1068 1026 1109 genuS‚
1059 1057 1171 1109 quod
1202 1058 1253 1098 ad
1283 1057 1486 1099 rationem
1518 1058 1642 1100 officii
1671 1061 1872 1114 pertinet,

112 1125 182 1168 ut,
207 1117 557 1175 quemadmodum
579 1116 742 1159 colendi
763 1119 843 1158 sint
862 1123 1075 1172 parentes;
1108 1119 1285 1161 alterum
1316 1126 1454 1162 autem
1484 1123 1536 1162 ad
1564 1121 1766 1164 sedandos
1787 1124 1874 1166 ani-

111 1195 202 1224 mos
233 1188 273 1223 et
303 1182 491 1223 oratione
521 1181 746 1227 sanandos,
777 1184 823 1220 ut
852 1179 894 1221 in
925 1181 1187 1222 consolandis
1219 1183 1500 1232 maeroribus,
1532 1189 1575 1225 ut
1601 1184 1642 1226 in
1663 1185 1922 1228 iracundian

111 1244 421 1300 comprimenda
452 1249 522 1284 aut
548 1243 591 1284 in
621 1243 769 1283 timore
801 1241 1038 1285 deliniendo
1069 1249 1139 1285 aut
1171 1245 1214 1285 in
1245 1245 1466 1301 cupiditate
1497 1246 1735 1289 minuenda.
1796 1249 1871 1290 Cui

112 1306 280 1362 quidem
321 1307 466 1360 generi
509 1305 761 1347 contrarium
801 1310 863 1346 est
903 1304 1137 1361 disputandi
1178 1321 1306 1362 genus
1344 1307 1395 1350 ad
1425 1308 1594 1351 eosdem
1623 1310 1718 1352 illos
1748 1313 1874 1354 animi

111 1376 268 1417 motus,
310 1372 422 1423 quod
452 1369 493 1410 in
523 1367 810 1424 amplificanda
840 1370 1032 1410 oratione
1062 1382 1186 1424 saepe
1217 1369 1451 1412 faciendum
1482 1378 1564 1420 est,
1600 1374 1667 1414 vel
1698 1375 1873 1429 gignen-

111 1431 186 1474 dos
215 1431 280 1474 vel
311 1432 590 1473 concitandos.
646 1435 779 1487 Atque
810 1433 912 1472 haec
941 1432 1031 1473 fere
1063 1439 1125 1475 est
1153 1435 1320 1488 partitio
1352 1435 1717 1478 consultationum.
1781 1439 1875 1484 XX.

111 1496 178 1536 68.
213 1495 256 1535 C.
278 1497 320 1539 F.
351 1493 557 1548 Cognovi,
609 1495 706 1542 sed,
741 1507 845 1549 quae
875 1493 980 1535 ratio
1013 1495 1065 1536 sit
1093 1496 1136 1537 in
1166 1495 1229 1537 his
1262 1497 1499 1540 inveniendi
1530 1503 1570 1539 et
1600 1498 1923 1554 disponendi‚2o

109 1557 296 1613 requiro.
358 1558 400 1601 C.
420 1558 464 1598 P.
495 1556 629 1606 Quid,
662 1561 710 1598 tu
738 1556 913 1598 aliamne
945 1571 1087 1600 censes
1119 1563 1160 1600 et
1189 1572 1273 1600 non
1303 1562 1504 1609 eandem,
1545 1574 1653 1615 quae
1686 1564 1874 1617 exposita

111 1626 197 1669 est,
244 1625 290 1662 ut
329 1634 381 1662 ex
422 1620 578 1661 eisdem
616 1618 719 1660 locis
758 1620 811 1660 ad
840 1618 965 1661 fidem
997 1626 1037 1662 et
1066 1622 1117 1662 ad
1146 1620 1441 1664 inveniendum
1473 1625 1675 1665 ducantur
1705 1625 1872 1666 omnia?

112 1682 351 1725 Collocandi
381 1688 517 1725 autem
549 1695 654 1738 quae
677 1687 739 1723 est
762 1683 952 1737 exposita
972 1683 1015 1724 in
1036 1683 1126 1725 aliis
1147 1685 1252 1725 ratio
1268 1716 1280 1734 ,
1314 1688 1459 1727 eadem
1480 1688 1559 1728 huc
1581 1685 1866 1729 transferetur.

223 1745 398 1800 Cognita
435 1746 565 1799 igitur
602 1745 715 1786 omni
758 1743 1050 1787 distributione
1085 1749 1422 1802 propositorum,
1474 1762 1691 1791 causarum
1723 1763 1873 1803 genera

110 1815 264 1851 restant
298 1806 566 1863 [admodum].
626 1809 693 1849 69.
736 1810 788 1849 Et
825 1822 968 1850 earum
1008 1811 1175 1865 quidem
1214 1810 1349 1853 forma
1380 1812 1533 1867 duplex
1564 1817 1647 1855 est:
1695 1826 1923 1867 quarumzs

110 1871 241 1913 altera
271 1870 587 1913 delectationem
624 1875 805 1912 sectatur
842 1871 1024 1922 aurium3
1075 1874 1267 1920 alterius,
1317 1879 1360 1916 ut
1400 1873 1605 1923 obtineat,
1653 1874 1804 1931 probet
1833 1882 1874 1919 et

110 1932 259 1976 efficiat
297 1935 410 1989 quod
448 1935 550 1987 agit,
600 1932 734 1975 omnis
773 1938 836 1974 est
865 1939 1055 1990 suscepta
1085 1935 1311 1978 contentio.
1372 1937 1516 1992 Itaque
1546 1938 1650 1979 illud
1679 1939 1872 1991 superius

111 1997 328 2039 exornatio
358 1995 528 2046 dicitur3
581 1997 694 2051 quod
729 2009 822 2037 cum
852 1997 980 2038 latum
1011 2010 1141 2051 genus
1173 2012 1264 2039 esse
1293 2003 1431 2054 potest
1461 2013 1643 2055 saneque
1673 2003 1867 2051 varium,

109 2073 236 2101 unum
267 2074 319 2102 ex
350 2073 402 2101 eo
432 2058 688 2114 delegimus,
734 2060 846 2114 quod
887 2061 938 2100 ad
977 2059 1205 2102 laudandos
1244 2060 1377 2103 claros
1409 2061 1523 2104 viros
1554 2064 1801 2119 suscipimus
1832 2070 1873 2106 et

110 2123 162 2163 ad
191 2120 402 2178 improbos
431 2121 739 2177 vituperandos.
802 2123 940 2162 Genus
970 2122 1080 2164 enim
1111 2123 1270 2165 nullum
1301 2129 1363 2165 est
1392 2126 1616 2172 orationis,
1658 2129 1771 2181 quod
1803 2133 1921 2170 autso

110 2183 279 2227 uberius
309 2187 360 2226 ad
392 2186 612 2226 dicendum
642 2190 712 2225 aut
740 2184 880 2226 utilius
912 2184 1147 2228 civitatibus
1179 2200 1269 2228 esse
1299 2188 1434 2240 possit
1463 2192 1533 2229 aut
1563 2187 1606 2230 in
1636 2202 1719 2244 quo
1740 2192 1870 2244 magis

111 2254 252 2290 orator
288 2247 332 2289 in
370 2248 606 2301 cognitione
643 2248 843 2289 virtutum
882 2248 1166 2303 vitiorumque
1211 2254 1411 2292 versetur.
1468 2250 1688 2307 Reliquum
1733 2258 1871 2294 autem

110 2324 240 2365 genus
285 2323 503 2352 causarum
547 2314 618 2350 aut
660 2310 703 2350 in
746 2308 988 2364 provisione
1026 2312 1183 2365 posteri
1221 2313 1424 2367 temporis
1465 2318 1535 2355 aut
1576 2313 1619 2355 in
1659 2316 1870 2368 praeteriti

110 2373 408 2428 disceptatione
438 2377 626 2413 versatur
637 2386 648 2422 ;
680 2385 859 2426 quorum
889 2373 1064 2414 alterum
1095 2373 1406 2416 deliberationis
1437 2381 1521 2425 est,
1554 2377 1729 2418 alterum
1760 2376 1868 2418 iudi-

110 2436 177 2476 cii.
238 2437 302 2479 70.
346 2437 410 2476 Ex
448 2447 529 2490 qua
570 2433 790 2489 partitione
830 2434 909 2476 tria
949 2448 1103 2490 genera
1141 2450 1358 2479 causarum
1391 2440 1663 2481 exstiterunt:
1712 2453 1917 2489 unum‚35

111 2496 222 2553 quod
251 2510 274 2538 a
303 2497 471 2539 meliori
500 2502 617 2551 parte
647 2496 896 2539 laudationis
927 2504 990 2539 est
1022 2498 1293 2554 appellatum,
1329 2500 1643 2544 deliberationis
1673 2503 1866 2552 alterum,

202 2637 236 2668 1.
263 2637 323 2677 qui
348 2637 393 2668 sit
416 2637 580 2676 superbus
605 2637 653 2672 Y,
681 2637 793 2678 qualis
817 2638 863 2670 sit
887 2638 1054 2678 superbus
1080 2638 1121 2670 V.
1162 2655 1198 2662 -
1243 2639 1276 2671 5.
1305 2638 1405 2681 vero]
1433 2643 1549 2672 autem
1573 2640 1648 2672 RV.
1683 2657 1725 2663 ——
1762 2641 1797 2672 9.
1825 2649 1870 2674 ea:

113 2685 374 2724 comparatione
399 2685 507 2716 etiam
533 2684 619 2715 RV:
650 2685 755 2716 etiam
782 2694 823 2716 ex
847 2693 957 2725 comp.
987 2685 1028 2717 E.
1048 2702 1092 2706 —
1118 2685 1174 2716 14.
1204 2690 1319 2717 autem
1344 2687 1436 2726 quod
1461 2688 1507 2718 ad
1526 2687 1644 2719 Lamb.
1668 2687 1864 2720 Schutzius.

111 2746 154 2751 ——-
181 2731 236 2762 16.
263 2730 456 2762 deliniendo
483 2731 530 2762 Y:
560 2731 708 2764 tollendo
734 2731 836 2763 RVE.
863 2749 903 2754 —
931 2731 986 2763 18.
1015 2733 1052 2763 in
1078 2732 1359 2774 amplificationis
1377 2738 1408 2765 et
1426 2735 1597 2765 orationis
1616 2734 1665 2771 R,
1691 2735 1728 2765 in
1747 2735 1869 2774 ampli-

111 2777 272 2818 ficatione
297 2778 469 2809 orationis
493 2777 542 2816 V,
570 2778 658 2809 Edd.
686 2783 769 2810 vett.
796 2793 840 2801 —
866 2777 924 2810 19.
951 2780 1087 2820 estsere
1105 2779 1146 2810 R.
1175 2796 1219 2801 —
1245 2780 1301 2811 20.
1330 2780 1389 2818 sit]
1410 2784 1459 2811 est
1480 2780 1552 2811 RV.
1582 2797 1622 2803 —
1649 2780 1705 2812 21.
1733 2790 1779 2812 an
1796 2790 1868 2814 non

114 2823 152 2854 Y.
181 2840 223 2846 —
248 2824 391 2855 eandem
417 2832 483 2856 esse
510 2825 538 2856 R
567 2829 647 2857 (non
675 2825 727 2861 V).
758 2841 793 2848 —
823 2826 982 2865 exposita
1010 2831 1057 2857 est
1083 2825 1169 2857 RV:
1198 2829 1248 2857 est
1273 2829 1432 2866 exposita
1456 2827 1496 2858 E.
1525 2844 1563 2850 —
1597 2827 1654 2858 23.
1683 2827 1868 2868 transfere-

111 2874 171 2901 tur
189 2870 236 2900 Y:
264 2871 474 2911 transfertur
493 2872 597 2904 RVE.
627 2889 664 2894 —
693 2872 750 2904 24.
774 2874 1060 2912 propositorum,
1088 2881 1276 2904 causarum
1289 2882 1413 2914 yenera
1426 2877 1559 2905 restant
1573 2874 1759 2905 admodum
1775 2875 1865 2907 Edd.

112 2917 201 2949 Ven.
221 2915 377 2948 Norimb.
392 2940 400 2955 ,
428 2917 506 2956 (nisi
526 2919 619 2959 quod
641 2919 703 2951 hae
720 2919 984 2959 propositarum
1003 2924 1036 2951 et
1053 2929 1074 2951 a
1091 2918 1230 2959 mod0;)
1253 2922 1515 2959 propositorum
1543 2921 1703 2959 praebuit
1719 2921 1865 2953 Lamb.:

108 2964 374 3004 propositarum
395 2972 583 2997 causarum
606 2967 704 2998 nobis
727 2974 854 3008 yenera
890 2971 920 2998 et
943 2969 1134 3006 praecepta
1158 2971 1292 2998 restant
1319 2966 1508 2998 admodum
1526 2967 1554 2998 Y
1569 2990 1578 3004 ‚
1601 2969 1869 3008 propositarum

111 3010 406 3042 consultationum
432 3013 746 3044 controversiarum
771 3021 961 3044 causarum
984 3021 1113 3053 yenera
1137 3016 1271 3044 restant
1289 3014 1414 3044 amodo
1432 3013 1483 3053 R,
1508 3015 1769 3053 propositarum
1787 3025 1867 3047 con-

113 3058 362 3089 troversiarum
387 3065 575 3089 causarum
600 3068 727 3099 genera
748 3064 938 3098 praecepta
962 3064 1092 3091 restant
1119 3058 1308 3090 admodum
1335 3060 1385 3095 V.
1410 3061 1676 3100 propositarum
1693 3063 1866 3094 consulta-

112 3105 266 3136 tionum.
295 3112 482 3134 causarum
505 3114 633 3146 yenera
657 3109 789 3138 restant
813 3106 1002 3137 admodum
1026 3106 1066 3137 E.
1117 3105 1158 3136 V.
1178 3106 1323 3137 barbaro
1341 3108 1466 3138 amodo
1489 3107 1624 3139 mediae
1643 3110 1765 3141 aetatis
1783 3110 1866 3142 scri-

114 3156 230 3190 ptores
257 3154 403 3181 utuntur
429 3160 489 3190 pro
514 3161 565 3183 vv.
595 3152 708 3184 adhuc
734 3153 785 3185 vel
810 3154 1003 3184 etiamnunc
1019 3175 1027 3189 ‚
1056 3152 1160 3192 idque
1181 3161 1198 3184 e
1217 3153 1317 3192 gloss.
1338 3152 1380 3184 ab
1400 3153 1494 3186 Italis
1514 3157 1685 3188 intrusum
1705 3156 1862 3194 videtur;

114 3197 197 3235 alii,
225 3200 285 3238 qui
311 3199 440 3229 scirent
466 3198 498 3229 id
526 3198 688 3230 Latinum
715 3207 783 3230 non
802 3207 897 3236 esse,
925 3199 1183 3232 substituerunt
1211 3200 1415 3240 admodum,
1442 3200 1536 3240 quod
1555 3209 1618 3234 nos
1643 3202 1861 3238 seclusimus,

113 3243 194 3282 alii,
222 3250 260 3275 ut
284 3243 416 3278 Aldus,
444 3246 598 3276 omnino.
631 3260 667 3268 --
708 3245 764 3277 25.
793 3253 911 3276 eorum
935 3247 977 3277 R.
1019 3262 1057 3268 —
1101 3245 1158 3276 28.
1186 3244 1276 3287 cum]
1304 3248 1470 3287 quoniam
1495 3248 1644 3282 malebat
1668 3249 1861 3282 Ernesttus.

114 3289 172 3322 29.
199 3292 408 3331 suscepimus
432 3290 493 3323 RV
521 3296 556 3324 et
579 3291 737 3333 plerique
761 3296 840 3324 ante
867 3292 951 3324 Ern.
970 3315 980 3331 ‚
1007 3293 1067 3333 qui
1095 3294 1243 3325 correxit.
1268 3301 1308 3327 ex
1334 3293 1400 3325 Ed.
1428 3294 1516 3328 Ven.
