2117 3762
642 212 710 251 Al)
741 211 796 250 M.
829 209 1040 251 BRUTUM
1070 210 1114 252 C.
1148 210 1215 252 63.
1245 209 1311 253 64.
1774 211 1854 253 ΙιῙιΕ)

107 315 273 372 quidem
314 314 395 358 duo
436 314 541 358 binis
579 317 754 372 pedibus
793 315 969 357 incisim.
1030 317 1188 358 Deinde
1228 313 1510 362 membratim,
1561 315 1632 356 Tu
1675 312 1858 359 dicere

107 378 314 421 solebas
354 393 548 421 sacram
591 391 702 420 esse
743 391 847 419 rem
892 377 1177 434 publicam:
1224 380 1326 419 haec
1362 378 1459 419 item
1496 374 1683 418 membra
1715 378 1854 421 ternis.

106 443 202 482 214.
237 443 332 482 Post
362 441 560 488 ambitus,
605 441 912 496 Quicunque
954 455 1063 482 eam
1095 440 1476 487 violavissent,
1522 441 1583 480 ab
1617 438 1858 482 omnibus

107 517 224 545 esse
256 504 302 545 ei
333 518 531 560 poenas
562 502 884 557 persolutus:
925 503 1157 545 dichoreus.
1217 503 1327 544 Nihil
1359 503 1468 544 enim
1499 501 1550 543 ad
1580 515 1690 550 rem,
1724 508 1861 545 extre-

106 580 172 608 ma
203 566 270 609 illa
301 569 425 621 longa
456 567 507 608 sit
532 579 581 607 an
602 564 755 610 brevis.
816 566 999 616 Deinde,
1033 567 1204 608 Patris
1237 567 1434 607 dictum
1465 564 1677 621 sapiens
1709 570 1890 607 teme-z

108 629 238 670 ritas
285 629 395 671 filii
440 628 835 683 comprobavit.
899 630 988 671 lloc
1034 628 1234 670 dichoreo
1282 633 1416 669 tantus
1460 630 1617 670 clamor
1656 628 1861 671 contionis

107 692 308 734 excitatus
338 698 424 740 est,
456 696 502 733 ut
531 691 772 732 admirabile
805 697 926 733 esset.
989 692 1178 741 Quaero,
1210 703 1348 732 nonne
1370 689 1412 732 id
1433 705 1628 733 numerus
1649 691 1861 734 effecerit?

105 753 340 796 Verborum
370 755 558 796 ordinem
591 753 788 803 immuta,
837 754 900 796 sac
930 753 1010 796 sic:
1066 751 1454 808 Comprobavit
1496 753 1605 796 silii
1644 754 1866 797 temeri-

107 822 207 866 tas,
254 820 334 859 iam
366 815 466 857 nihil
498 815 599 864 erit,
649 816 725 857 etsi
765 816 1047 858 temeritas
1078 829 1130 857 ex
1160 817 1293 857 tribus
1324 814 1524 858 brevibus
1555 822 1595 858 et
1624 818 1748 873 longa
1779 822 1862 867 est,

106 894 228 937 quem
268 878 508 920 Aristoteles
547 884 592 921 ut
630 879 830 934 optimum
862 880 1032 932 probat,
1077 892 1100 920 a
1131 891 1214 935 quo
1246 877 1459 921 dissentio.
1489 902 1544 910 —
1572 882 1669 922 215.
1711 883 1764 922 At
1797 894 1866 922 ea·
1879 892 1915 919 10

106 945 199 985 dem
229 940 374 988 verba,
417 940 559 982 eadem
582 942 798 983 sententia.
831 964 885 971 —
916 940 1062 982 Animo
1084 942 1190 983 istuc
1212 942 1309 982 satis
1333 946 1415 990 est,
1447 941 1616 984 auribus
1646 957 1730 984 non
1752 943 1864 986 satis.

106 1005 186 1047 Sed
217 1003 257 1046 id
288 1002 474 1046 crebrius
504 1003 594 1045 [ieri
625 1018 709 1046 non
740 1009 919 1059 oportet.
990 1002 1174 1045 Primum
1219 1004 1329 1046 enim
1373 1018 1568 1046 numerus
1605 1007 1864 1060 agnoscitur,

105 1065 253 1109 deinde
293 1068 433 1115 satiat,
479 1072 624 1123 postea
662 1066 828 1121 cognita
866 1067 1060 1107 facilitate
1101 1068 1396 1109 contemnitur.
1477 1069 1620 1111 LXIV.
1655 1070 1736 1110 Sed
1774 1075 1869 1111 sunt

103 1129 309 1172 clausulae
351 1131 514 1185 plures,
577 1142 680 1184 quae
711 1142 935 1170 numerose
966 1134 1007 1171 et
1036 1130 1217 1172 iucunde
1249 1131 1409 1171 cadant.
1471 1132 1571 1172 Nam
1602 1136 1642 1172 et
1673 1133 1866 1182 creticus,

103 1191 176 1248 qui
206 1199 268 1235 est
298 1207 320 1235 e
350 1194 475 1247 longa
505 1197 546 1233 et
576 1192 694 1233 brevi
725 1197 766 1233 et
794 1191 942 1247 longa,
993 1198 1033 1234 et
1071 1191 1159 1234 eius
1198 1193 1383 1249 aequalis
1423 1205 1578 1249 paean,
1626 1193 1696 1249 qui
1735 1194 1868 1251 spatio
1883 1205 1918 1231 1⁵

102 1268 179 1310 par
208 1261 290 1305 est,
338 1255 494 1312 syllaba
525 1254 714 1309 longior,
764 1269 888 1311 quam
928 1256 1263 1297 commodissime
1297 1260 1467 1311 putatur
1495 1257 1536 1297 in
1569 1255 1744 1299 solutam
1775 1271 1870 1300 ora-

103 1317 258 1360 tionem
298 1317 467 1373 illigari,
513 1331 605 1359 cum
642 1318 695 1358 sit
725 1319 896 1372 duplex.
957 1320 1061 1360 Nam
1091 1323 1161 1360 aut
1192 1333 1214 1360 e
1245 1319 1370 1373 longa
1401 1324 1462 1360 est
1493 1324 1534 1361 et
1563 1318 1694 1363 tribus
1725 1319 1864 1364 brevi-

103 1382 206 1431 bus,
258 1382 328 1437 qui
371 1393 568 1422 numerus
608 1381 651 1422 in
688 1381 823 1436 primo
863 1381 998 1435 viget,
1050 1382 1157 1422 iacet
1192 1381 1236 1422 in
1273 1386 1488 1431 extremo,
1539 1387 1611 1424 aut
1640 1398 1663 1425 e
1695 1383 1869 1427 totidem

104 1442 301 1486 brevibus
341 1449 381 1486 et
418 1443 565 1498 longa,
612 1444 656 1484 in
697 1457 820 1499 quem
861 1443 1016 1499 optime
1056 1442 1204 1486 eadere
1239 1449 1407 1486 censent
1435 1449 1622 1496 veteres3
1676 1459 1753 1501 ego
1784 1461 1871 1489 non

102 1505 224 1561 plane
264 1505 432 1556 reiicio,
481 1509 553 1548 sed
592 1506 695 1548 alios
735 1512 961 1563 antepono.
1023 1509 1120 1548 216.
1154 1509 1212 1549 Ne
1244 1507 1454 1562 spondeus
1486 1508 1655 1564 quidem
1686 1509 1869 1554 funditus
1884 1520 1920 1546 20

104 1575 165 1611 est
193 1568 486 1625 repudiandus.
547 1570 657 1618 Etsi,
708 1571 820 1624 quod
862 1576 922 1612 est
952 1584 974 1612 e
1004 1571 1139 1625 longis
1171 1572 1356 1621 duabus,
1405 1570 1599 1614 hebetior
1634 1571 1799 1616 videtur
1829 1579 1870 1616 et

103 1633 285 1682 tardior,
317 1631 443 1674 habet
473 1637 612 1673 tamen
643 1632 833 1674 stabilem
865 1632 1072 1688 quendam
1104 1638 1144 1675 et
1173 1647 1259 1676 non
1291 1639 1505 1689 expertem
1537 1634 1746 1690 dignitatis
1776 1651 1870 1691 gra-

104 1693 220 1742 dum,
252 1696 294 1737 in
324 1694 595 1736 incisionibus
625 1709 725 1736 vero
759 1697 889 1736 multo
923 1696 1054 1751 magis
1085 1696 1192 1738 etin
1224 1698 1448 1749 membris;
1480 1698 1729 1754 paucitatem
1759 1700 1870 1742 enim

102 1760 254 1813 pedum
292 1757 490 1813 gravitate
528 1771 603 1799 sua
641 1763 681 1798 et
717 1758 906 1800 tarditate
938 1764 1195 1813 compensat.
1258 1761 1340 1802 Sed
1370 1762 1448 1802 hos
1480 1774 1573 1803 cum
1603 1762 1646 1803 in
1678 1762 1869 1805 clausulis

103 1823 230 1877 pedes
251 1820 446 1869 nomino,
479 1834 563 1861 non
585 1822 735 1876 loquor
757 1820 806 1863 de
827 1835 911 1864 uno
941 1822 1048 1878 pede
1079 1829 1293 1865 extremo:
1327 1824 1508 1879 adiungo
1537 1847 1592 1855 —
1613 1825 1726 1880 quod
1748 1826 1868 1868 mini·
1883 1834 1919 1861 2⁵

104 1898 217 1925 mum
238 1884 290 1926 sit
305 1907 359 1914 —
379 1882 614 1939 proximum
636 1886 894 1937 superiorem
909 1917 919 1934 ,
952 1899 1075 1942 saepe
1096 1886 1219 1928 etiam
1250 1885 1432 1928 tertium.
1494 1889 1591 1929 217.
1625 1889 1685 1929 Ne
1705 1887 1868 1931 iambus

103 1947 297 2002 quidem,
330 1947 401 2004 qui
433 1953 493 1988 est
524 1961 546 1988 e
577 1948 692 1988 brevi
724 1953 766 1988 et
795 1947 944 2003 longa,
978 1954 1048 1990 aut
1076 1963 1152 2003 par
1183 1950 1362 1997 choreo,
1402 1948 1474 2006 qui
1502 1952 1629 1992 habet
1658 1955 1741 1993 tres
1772 1953 1869 1993 bre-

102 2023 198 2060 ves,
232 2012 455 2052 trochaeus
483 2010 555 2050 sed
578 2008 711 2064 spatio
742 2023 840 2066 par,
875 2025 960 2053 non
989 2011 1182 2067 syllabis,
1215 2018 1284 2054 aut
1314 2015 1436 2054 etiam
1468 2013 1672 2068 dactylus,
1705 2013 1777 2069 qui
1807 2019 1870 2056 est

103 2085 127 2114 e
155 2073 282 2128 longa
312 2078 352 2115 et
381 2073 541 2114 duabus
572 2071 792 2122 brevibus,
833 2072 868 2116 si
899 2080 963 2116 est
992 2076 1207 2129 proximus
1239 2089 1262 2117 a
1293 2081 1531 2129 postremo,
1569 2089 1718 2132 parum
1749 2079 1869 2120 volu-

103 2135 240 2177 biliter
282 2137 475 2192 pervenit
509 2134 560 2177 ad
599 2141 849 2185 extremum,
901 2137 937 2180 si
975 2144 1037 2180 est
1079 2143 1291 2180 extremus
1329 2137 1508 2181 choreus
1538 2144 1608 2180 aut
1638 2139 1862 2195 spondeus.
1882 2147 1917 2175 ³⁰

104 2199 322 2253 Nunquam
353 2197 462 2240 enim
490 2198 684 2248 interest,
727 2205 823 2241 uter
860 2201 913 2242 sit
949 2214 1095 2242 eorum
1136 2200 1180 2242 in
1220 2199 1328 2255 pede
1359 2207 1564 2242 extremo.
1629 2200 1711 2243 Sed
1739 2201 1867 2245 iidem

102 2258 148 2301 hi
179 2266 259 2302 tres
288 2262 415 2317 pedes
447 2260 553 2302 male
584 2263 858 2312 concludunt,
913 2264 946 2304 si
985 2264 1076 2320 quis
1116 2276 1263 2304 eorum
1293 2264 1336 2304 in
1367 2269 1557 2306 extremo
1586 2263 1745 2306 locatus
1777 2271 1862 2314 est,

104 2322 182 2364 nisi
214 2337 307 2366 cum
338 2337 416 2378 pro
447 2323 599 2366 cretico
629 2331 864 2380 postremus
895 2330 957 2366 est
995 2325 1192 2383 dactylus.
1252 2325 1363 2367 Nihil
1403 2326 1513 2368 enim
1552 2327 1747 2376 interest,
1795 2330 1866 2369 da-

105 2385 235 2444 ctylus
254 2388 307 2428 sit
326 2393 534 2429 extremus
556 2402 607 2429 an
629 2387 804 2430 creticus
818 2420 828 2437 ,
862 2390 957 2442 quia
978 2394 1189 2442 postrema
1210 2387 1369 2446 syllaba
1398 2388 1538 2431 brevis
1568 2404 1620 2432 an
1649 2390 1772 2446 longa
1794 2392 1860 2440 sit,

103 2460 156 2489 ne
176 2449 218 2490 in
239 2462 363 2491 versu
383 2452 551 2506 quidem
583 2450 725 2492 refert.
787 2452 880 2492 218.
905 2452 1043 2501 Quare
1075 2452 1199 2492 etiam
1229 2464 1386 2506 paeana
1416 2453 1486 2507 qui
1519 2452 1624 2495 dixit
1644 2455 1860 2508 aptiorem,
1876 2463 1911 2489 ³⁵

104 2509 148 2553 in
179 2525 260 2567 quo
291 2519 399 2555 esset
427 2513 547 2569 longa
576 2520 806 2570 postrema,
852 2513 954 2556 vidit
983 2527 1154 2569 parum,
1201 2515 1397 2568 quoniam
1434 2515 1537 2557 nibil
1575 2519 1626 2558 ad
1658 2531 1744 2558 rem
1774 2521 1858 2565 est,

104 2579 314 2629 postrema
343 2589 466 2632 quam
495 2575 617 2630 longa
648 2578 715 2618 sit.
774 2578 860 2618 Iam
880 2590 1036 2630 paean,
1070 2577 1182 2631 quod
1201 2576 1340 2631 plures
1359 2578 1512 2619 habeat
1530 2577 1705 2636 syllabas
1736 2593 1860 2636 quam

201 2739 233 2772 1.
263 2739 384 2773 deinde
407 2740 478 2774 Vit.
506 2741 602 2773 Eins.
624 2740 690 2774 Gu.
712 2741 772 2773 2.:
801 2741 881 2775 dein
906 2751 984 2775 cum
1011 2742 1087 2775 aliis
1114 2742 1186 2776 RE.
1217 2757 1257 2767 —
1283 2741 1317 2775 3.
1344 2744 1533 2776 violassent
1554 2744 1623 2777 Vit.
1651 2741 1857 2785 (quicunque

106 2786 268 2818 violasset
293 2787 371 2827 (sic)
396 2789 575 2827 Rufinus.)
604 2806 641 2812 —
670 2789 703 2821 [ι.
730 2789 817 2820 nihil
841 2790 888 2822 ad
914 2798 987 2822 rem
1010 2791 1100 2822 enim
1128 2799 1206 2823 cum
1232 2789 1355 2822 Dresd.
1386 2790 1453 2823 Gu.
1473 2793 1507 2822 2.
1534 2791 1666 2831 Meyer·
1696 2790 1754 2830 (Ut
1780 2799 1856 2830 nos,

107 2833 276 2872 Rufinus,
304 2835 372 2867 vit.
402 2836 496 2867 Eins.
526 2835 582 2875 R.)
625 2853 664 2860 --
708 2836 763 2868 16.
794 2835 912 2877 quam]
941 2837 1001 2879 qui
1027 2838 1142 2869 Rufini
1170 2837 1257 2870 Cod.
1286 2837 1382 2870 Eins.
1411 2842 1446 2870 et
1472 2838 1537 2869 Ed.
1566 2839 1729 2876 lumina,
1776 2840 1859 2871 item

107 2880 178 2912 Vit.
207 2881 266 2912 Dr.
294 2881 335 2914 R.
364 2882 509 2921 Recepit
535 2882 649 2915 Peter.
677 2882 733 2922 (Ut
760 2891 845 2921 nos,
874 2883 985 2922 Eins.)
1014 2899 1054 2906 -
1083 2885 1138 2917 17.
1166 2893 1182 2916 e
1207 2884 1316 2924 lonqa
1341 2888 1389 2916 est
1415 2890 1446 2916 et
1464 2884 1635 2922 Rufinus,
1664 2883 1733 2915 vn.
1761 2884 1856 2917 Eins.

107 2927 204 2960 Mon.
233 2927 300 2960 Gu.
327 2929 360 2961 1.
388 2929 422 2960 2.
450 2929 503 2961 R:
549 2938 564 2960 e
589 2930 697 2970 lanua
720 2934 751 2962 et
775 2929 858 2970 (om.
887 2930 946 2970 est)
973 2930 1011 2962 E.
1055 2946 1092 2953 —
1134 2931 1192 2962 274.
1221 2932 1396 2970 gravitate
1421 2940 1486 2963 sua
1511 2936 1543 2962 ec
1568 2931 1738 2964 tarditate
1762 2933 1860 2965 Rufi-

107 2983 172 3007 nus
199 2978 234 3006 et
260 2975 374 3007 Eins.:
403 2977 593 3016 gravitatis
617 2985 699 3008 suae
724 2978 893 3009 tarditate
919 2978 1042 3009 ceteris
1069 2986 1146 3010 cum
1174 2976 1286 3009 Codd.
1313 2977 1388 3008 RE.
1416 2975 1519 3017 (Fieri
1547 2985 1629 3009 sane
1657 2979 1792 3018 potuit,
1821 2984 1860 3012 ut

107 3021 269 3054 Albertus
295 3022 337 3056 de
363 3021 590 3058 Bonstetten,
633 3023 718 3055 Cod.
750 3023 843 3055 Eins.
871 3027 1042 3063 scriptor,
1078 3024 1254 3063 exemplar
1278 3033 1379 3055 suum
1406 3033 1445 3056 ex
1473 3024 1599 3055 Rufino
1626 3024 1858 3059 Einsiedlenst

109 3072 308 3111 corrigeret.
360 3068 492 3101 Tamen
517 3071 716 3102 etiamnunc
742 3071 855 3103 Rufini
892 3072 1100 3109 lectionem,
1143 3075 1235 3104 certe
1270 3070 1431 3102 omnibus
1458 3070 1614 3102 oratoris
1648 3071 1744 3105 libris
1770 3075 1860 3105 anti-

109 3118 289 3157 quiorem,
320 3115 487 3155 praefero.
515 3115 597 3155 On.)
641 3133 680 3138 —
723 3117 779 3148 27.
820 3118 934 3150 breves
970 3118 1152 3149 trochaeus
1180 3117 1351 3149 Rufinus:
1396 3116 1510 3148 breves
1545 3116 1628 3158 (om.
1666 3118 1859 3161 trochaeus)

109 3171 187 3195 cum
213 3163 286 3195 Cic.
315 3162 406 3194 libris
433 3162 472 3194 E.
502 3180 541 3186 —
586 3162 643 3195 30.
677 3164 723 3195 ad
745 3169 956 3203 postremum
981 3165 1077 3196 Etns.
1125 3164 1185 3203 (Ut
1210 3172 1291 3200 nos,
1321 3165 1425 3195 ceteri
1454 3165 1525 3195 noti
1554 3169 1588 3196 et
1612 3164 1789 3207 Rufinus.)
1816 3183 1858 3190 —

108 3209 165 3242 37.
189 3215 370 3250 postrema
392 3219 497 3251 quam
521 3210 624 3251 lonya
659 3209 777 3241 Rufini
805 3211 890 3243 Cod.
919 3212 1168 3243 Etnstedlensis
1193 3212 1374 3247 sincerus,
1418 3209 1487 3242 Vit.
1523 3210 1621 3243 Eins.
1657 3211 1725 3246 Gu.
1760 3214 1793 3245 1.
1822 3214 1856 3245 2.

110 3258 286 3298 ceterique
314 3258 409 3289 noti:
444 3260 621 3296 postrema
647 3265 694 3288 an
720 3256 826 3298 lonqa
852 3258 877 3289 E
906 3260 1004 3298 quasi
1033 3267 1049 3290 e
1077 3257 1146 3289 Vit.
1176 3265 1236 3296 per
1263 3265 1430 3290 errorem.
1459 3255 1650 3296 (postrema
1675 3260 1786 3292 brevis
1812 3269 1860 3292 an

111 3303 215 3346 tonqa
236 3313 275 3337 ex
294 3303 455 3344 interpol.
475 3303 594 3337 Rufini
620 3303 686 3336 Ed.
706 3302 847 3336 Iuntina
866 3307 901 3338 et
920 3301 1226 3346 Capperonnerit.)
1247 3321 1285 3327 —
1314 3303 1378 3337 Vv.
1399 3312 1506 3344 quam
1523 3307 1591 3339 tres
1610 3314 1677 3339 om.
1698 3307 1856 3339 Rufinus.

185 3375 278 3403 cicero
298 3375 326 3403 Τ.
348 3375 369 3404 1.
1029 3363 1038 3376 ⁸
1358 3374 1413 3415 29
