2117 3762
248 240 328 284 182
943 233 1012 274 DE
1054 232 1299 275 ORATORE

245 346 429 403 physici,
475 344 526 387 de
566 357 645 399 qua
686 340 812 390 dixit;
860 342 1030 380 ornatus
1071 351 1172 380 vero
1210 339 1300 393 ipse
1329 337 1552 381 verborum
1583 338 1760 380 oratoris
1789 342 1995 395 putandus

248 416 324 453 est.
383 412 457 458 Et,
490 408 525 449 si
554 406 665 447 Plato
698 403 747 445 de
778 404 903 443 rebus
933 414 958 441 a
988 399 1178 442 civilibus
1209 401 1501 444 controversiis
1532 401 1819 443 remotissimis
1849 402 1996 445 divini-

245 479 311 515 tus
342 477 403 514 est
431 471 614 516 locutus,
648 465 758 522 quod
788 477 865 518 ego
897 461 1105 511 conced03
1139 464 1173 503 si
1203 465 1301 505 item
1321 466 1587 513 Aristoteles,
1619 464 1652 505 si
1675 464 1994 518 Theophrastus,

247 537 282 577 si
314 535 542 575 Carneades
572 529 614 570 in
643 530 769 569 rebus
807 526 887 574 iis,
939 527 990 566 de
1029 523 1178 580 quibus
1217 525 1554 580 disputaverunt,
1602 526 1844 581 eloquentes
1886 529 1998 570 etin

217 598 421 640 ⁵dicend0
452 607 597 636 suaves
628 597 749 646 atque
781 590 915 630 ornati
945 587 1136 629 fuerunt:
1177 586 1256 629 sint
1285 591 1361 630 hae
1391 604 1476 638 res,
1509 589 1559 631 de
1592 591 1741 645 quibus
1772 591 1994 645 disputant,

246 661 289 702 in
320 659 408 700 aliis
438 656 684 712 quibusdam
716 651 880 702 studiis;
931 650 1064 693 oratio
1096 649 1264 705 quidem
1293 650 1382 704 ipsa
1412 654 1584 706 propria
1616 658 1677 693 est
1717 651 1836 695 huius
1875 652 1998 695 unius

246 721 438 767 rationis,
485 717 535 758 de
575 730 654 771 qua
693 715 904 771 loquimur
941 718 981 754 et
1019 714 1275 768 quaerimus.
1336 716 1404 754 50.
1438 715 1598 756 Etenim
1631 714 1819 756 videmus
1851 716 1999 757 iisdem

247 784 298 826 de
328 782 451 825 rebus
481 779 620 821 ieiune
650 779 850 834 quosdam
883 782 922 818 et
952 775 1144 824 exiliter,
1176 779 1219 815 ut
1242 788 1360 824 eum,
1394 790 1515 831 quem
1538 778 1817 819 acutissimum
1847 777 1997 826 ferunt,

249 844 542 900 Chrysippum,
589 839 864 894 disputavisse
903 851 1040 894 neque
1080 839 1134 879 ob
1167 850 1257 878 eam
1286 851 1376 878 rem
1406 838 1694 894 philosophiae
1727 854 1810 882 non
1841 839 2001 882 satisfe-

197 920 233 945 10
248 910 371 955 cisse,
419 906 530 960 quod
560 917 642 944 non
671 901 865 944 habuerit
895 903 1000 942 hanc
1031 899 1192 941 dicendi
1225 914 1277 940 ex
1308 904 1396 940 arte
1426 900 1559 942 aliena
1588 901 1839 944 facultatem.
1900 904 1996 944 XII.

249 971 357 1021 Quid
387 982 488 1021 ergo
518 966 721 1008 interest?
752 970 822 1006 aut
851 965 921 1020 qui
954 963 1162 1004 discernes
1193 976 1364 1011 eorum,
1398 976 1502 1016 quos
1532 965 1762 1011 nominavi,
1796 965 1837 1006 in
1861 964 2001 1006 dicen-

246 1035 300 1074 do
329 1030 560 1073 ubertatem
598 1033 638 1070 et
678 1029 839 1083 copiam
878 1029 929 1067 ab
972 1039 1117 1066 eorum
1149 1024 1355 1072 exilitate,
1400 1024 1468 1079 qui
1499 1027 1575 1065 hac
1606 1025 1767 1068 dicendi
1799 1028 1999 1069 varietate

247 1102 287 1137 et
316 1095 519 1149 elegantia
549 1105 631 1133 non
661 1093 861 1132 utuntur?
892 1091 1024 1131 Unum
1055 1088 1132 1130 erit
1153 1089 1370 1141 profecto,
1402 1086 1514 1142 quod
1545 1087 1594 1136 ii,
1626 1091 1695 1144 qui
1716 1089 1822 1131 bene
1846 1091 1998 1138 dicunt,

247 1158 420 1200 afferent
461 1154 703 1212 proprium,
753 1155 1025 1206 compositam
1072 1150 1301 1192 orationem
1341 1155 1381 1190 et
1412 1155 1596 1192 ornatam
1628 1157 1668 1191 et
1697 1152 1872 1194 artificio
1900 1167 2001 1208 quo-

195 1229 232 1255 1⁵
247 1224 341 1263 dam
372 1225 413 1261 et
442 1217 698 1273 expolitione
729 1215 976 1257 distinctam.
1037 1215 1150 1255 Haec
1181 1218 1316 1253 autem
1356 1214 1514 1261 oratio,
1561 1212 1595 1254 si
1634 1228 1701 1254 res
1739 1228 1822 1256 non
1862 1215 2002 1256 subest

247 1287 297 1325 ab
329 1287 494 1325 oratore
525 1284 723 1334 percepta
753 1284 794 1318 et
837 1276 1024 1332 cognita,
1077 1280 1147 1317 aut
1185 1275 1295 1316 nulla
1334 1275 1387 1316 sit
1416 1289 1583 1317 necesse
1625 1282 1686 1318 est
1715 1281 1785 1317 aut
1815 1277 1999 1318 omnium

245 1345 439 1388 irrisione
470 1343 646 1385 ludatur.
705 1343 772 1382 51.
808 1341 918 1390 Quid
948 1344 1010 1381 est
1039 1339 1148 1380 enim
1179 1344 1263 1379 tam
1293 1337 1497 1380 furiosum
1529 1353 1650 1394 quam
1681 1339 1904 1381 verborum
1936 1340 2002 1381 vel

249 1411 498 1464 optimorum
530 1414 652 1461 atque
683 1403 1043 1445 ornatissimorum
1075 1401 1233 1442 sonitus
1265 1400 1420 1450 inanis,
1452 1401 1565 1442 nulla
1595 1401 1781 1443 subiecta
1802 1404 2002 1444 sententia

247 1487 324 1514 nec
355 1469 553 1512 scientia?
605 1466 816 1521 Quidquid
851 1467 927 1507 erit
956 1464 1083 1518 igitur
1126 1478 1371 1518 quacunque
1417 1478 1469 1505 ex
1501 1471 1588 1506 arte
1609 1497 1620 1514 ,
1670 1478 1919 1520 quocunque
1951 1467 2002 1505 de

199 1547 235 1573 20
250 1549 421 1590 genere,
468 1532 509 1574 id
540 1536 704 1579 orator,
752 1530 786 1570 si
816 1534 1027 1589 tamquam
1057 1526 1215 1568 clientis
1247 1541 1411 1569 causam
1445 1527 1658 1577 didicerit,
1707 1528 1815 1570 dicet
1855 1527 2002 1569 melius

249 1606 289 1641 et
319 1598 502 1639 ornatius
533 1608 655 1649 quam
685 1593 772 1648 ipse
802 1591 872 1632 ille
903 1592 990 1632 eius
1022 1592 1083 1631 rei
1113 1589 1303 1631 inventor
1332 1596 1454 1644 atque
1485 1591 1649 1633 artifex.
1718 1595 1786 1633 52.
1835 1594 1939 1632 Nam
1970 1589 2004 1631 si

250 1660 342 1716 quis
380 1659 481 1707 erit,
534 1656 603 1712 qui
640 1658 718 1697 hoc
760 1653 890 1705 dicat,
942 1667 1032 1695 esse
1074 1655 1272 1709 quasdam
1313 1660 1525 1694 oratorum
1558 1654 1749 1709 proprias
1780 1652 2002 1695 sententias

249 1730 371 1778 atque
416 1734 557 1762 causas
603 1723 644 1760 et
687 1722 892 1759 certarum
932 1730 1074 1757 rerum
1114 1714 1347 1757 forensibus
1403 1717 1593 1758 cancellis
1650 1717 2004 1770 circumscriptam

250 1784 482 1830 scientiam,
535 1780 697 1823 fatebor
736 1779 928 1835 equidem
970 1778 1011 1819 in
1052 1778 1117 1819 his
1147 1778 1275 1832 magis
1306 1778 1469 1820 assidue
1499 1781 1657 1820 versari
1690 1780 1794 1821 hanc
1823 1784 2005 1819 nostram

200 1859 235 1885 25
251 1848 492 1896 dictionem3
525 1843 597 1886 sed
627 1849 763 1884 tamen
795 1842 836 1883 in
867 1841 930 1882 his
960 1840 1060 1897 ipsis
1090 1840 1214 1882 rebus
1246 1844 1450 1895 permulta
1482 1848 1600 1891 sunt,
1641 1857 1747 1896 quae
1779 1841 1844 1882 isti
1875 1841 2005 1894 magi-

250 1911 351 1959 stri,
402 1910 473 1964 qui
501 1907 697 1950 rhetorici
727 1910 953 1952 vocantur,
1002 1917 1078 1945 nec
1117 1906 1282 1944 tradunt
1323 1917 1401 1944 nec
1441 1909 1597 1944 tenent.
1660 1906 1725 1944 53.
1759 1902 1861 1953 Quis
1894 1904 2003 1943 enim

250 1973 381 2016 nescit
424 1974 643 2014 maximam
685 1969 769 2011 vim
815 1969 1016 2010 exsistere
1057 1967 1231 2007 oratoris
1270 1968 1312 2007 in
1353 1968 1569 2008 hominum
1610 1968 1817 2007 mentibus
1855 1965 1920 2006 vel
1949 1967 2000 2006 ad

250 2037 352 2078 iram
385 2041 453 2078 aut
482 2034 532 2076 ad
562 2033 701 2075 odium
733 2036 802 2073 aut
833 2031 885 2072 ad
917 2029 1104 2071 dolorem
1135 2029 1353 2071 incitandis
1393 2029 1456 2070 vel
1486 2032 1537 2070 ab
1568 2031 1680 2070 hisce
1720 2029 1867 2070 iisdem
1910 2042 2005 2083 per-

251 2097 504 2140 motionibus
536 2096 585 2138 ad
617 2097 824 2137 lenitatem
865 2091 1275 2146 misericordiamque
1316 2091 1594 2133 revocandis?
1641 2105 1770 2147 quae,
1813 2090 1892 2131 nisi
1933 2091 2004 2144 qui

204 2167 418 2203 sonaturas
461 2162 673 2202 hominum
718 2160 883 2212 vimque
927 2168 1090 2196 omnem
1135 2154 1399 2195 humanitatis
1444 2168 1668 2208 causasque
1713 2168 1807 2201 eas,
1855 2153 2004 2208 quibus

252 2230 409 2266 mentes
452 2229 522 2264 aut
563 2222 787 2264 incitantur
831 2225 899 2260 aut
929 2220 1216 2263 reflectuntur,
1266 2217 1430 2271 penitus
1469 2216 1756 2272 perspexerit,
1809 2216 2001 2264 dicendo,

254 2288 365 2342 quod
395 2288 533 2334 volet,
580 2284 782 2338 perficere
812 2296 895 2323 non
925 2279 1094 2334 poterit.
1168 2281 1235 2320 52.
1280 2282 1414 2333 Atque
1443 2285 1551 2320 totus
1582 2280 1648 2320 hic
1676 2277 2006 2333 locus‚philoso-

252 2349 431 2404 phorum
461 2349 654 2403 proprius
685 2346 875 2394 videtur3
909 2356 1043 2398 neque
1075 2347 1213 2383 orator
1243 2356 1307 2383 me
1338 2348 1506 2383 auctore
1528 2355 1709 2397 unquam
1731 2339 1999 2395 repugnabit:

255 2412 350 2461 sed,
397 2425 489 2452 cum
528 2411 608 2451 illis
647 2408 922 2464 cognitionem
963 2419 1103 2447 rerum
1143 2405 1417 2454 concesserit,
1463 2404 1574 2460 quod
1614 2405 1656 2445 in
1696 2418 1744 2445 ea
1782 2405 1915 2445 solum
1944 2402 2005 2443 illi

206 2485 240 2511 ³⁵
254 2475 462 2516 voluerint
492 2472 730 2521 elaborare,
764 2470 1048 2512 tractationem
1080 2468 1304 2515 orationis,
1344 2482 1450 2524 quae
1481 2469 1569 2509 sine
1599 2467 1666 2508 illa
1698 2466 1862 2507 scientia
1895 2463 2004 2505 nulla

257 2543 341 2586 est,
385 2535 461 2578 sibi
492 2540 695 2585 assumet3
746 2533 824 2575 hoc
855 2532 964 2574 enim
1005 2535 1066 2573 est
1096 2530 1311 2586 proprium
1351 2534 1557 2580 oratoris,
1606 2532 1717 2585 quod
1758 2541 1880 2583 saepe
1922 2526 2005 2568 iam

255 2617 1992 2635 W

347 2677 378 2708 1.
404 2675 568 2716 physicae
593 2674 644 2710 B,
680 2671 915 2712 philosophiae
939 2670 981 2701 R.
1020 2686 1058 2693 —-
1103 2673 1283 2701 oratorum
1308 2670 1382 2700 BR.
1409 2686 1453 2691 —
1493 2668 1526 2700 3.
1559 2667 1666 2698 isdem
1691 2667 1735 2703 Β,
1777 2666 1867 2697 idem
1892 2667 1932 2697 R.
1965 2681 2001 2688 -

256 2725 312 2756 10.
341 2724 429 2754 hanc
456 2721 587 2753 dicendi
612 2729 654 2751 ea:
681 2725 756 2751 arte
782 2719 899 2749 aliena
926 2716 1035 2748 Codd.
1064 2717 1136 2748 aL:
1178 2719 1216 2748 in
1255 2718 1318 2747 hac
1345 2716 1480 2748 dicendi
1503 2719 1579 2746 arte
1617 2715 1731 2744 aliena
1759 2713 1809 2748 B.
1854 2723 1896 2744 ecc
1929 2718 2006 2744 arte

257 2772 371 2802 aliena
394 2770 484 2801 hanc
509 2767 644 2799 dicendi
669 2767 718 2804 R,
748 2766 833 2796 hanc
859 2764 996 2795 dicendi
1020 2765 1056 2795 in
1080 2767 1153 2794 arte
1178 2764 1294 2794 aliena
1321 2763 1358 2794 E.
1382 2781 1418 2786 —
1448 2763 1504 2793 11.
1531 2763 1569 2791 in
1594 2760 1736 2791 dicendo
1762 2759 1952 2791 ubertatem
1978 2761 2004 2791 B

257 2818 386 2857 aliique
407 2840 415 2855 ,
445 2817 495 2847 R:
524 2815 713 2846 ubertatem
737 2814 774 2844 in
799 2811 943 2843 dicendo
969 2808 1076 2842 E.'—
1104 2811 1160 2841 12.
1189 2810 1325 2841 dicendi
1350 2819 1417 2841 om.
1447 2808 1568 2848 Steph.
1597 2807 1718 2839 Lamb.
1748 2806 1844 2845 prob.
1864 2806 2002 2838 Beiero.

259 2881 298 2887 —
334 2863 389 2894 14.
418 2864 560 2905 afferent
585 2862 765 2893 Schiitzius
794 2863 827 2890 et
852 2858 904 2889 T:
948 2857 1097 2898 afferunt
1123 2857 1199 2888 libri
1229 2858 1386 2896 plerique
1404 2880 1411 2892 ,
1439 2860 1521 2889 (om.
1551 2855 1622 2891 R.)‚
1662 2854 1810 2896 afferant
1836 2853 1918 2894 Lag.
1945 2853 2002 2886 81.

257 2911 368 2942 Havn.
397 2910 430 2940 1.
458 2910 491 2940 2.
522 2909 715 2940 Ernestius.
747 2924 783 2929 —
809 2905 993 2945 propriam
1018 2904 1091 2935 BR.
1110 2920 1154 2925 —
1180 2905 1235 2935 15.
1263 2904 1478 2944 expositione
1503 2902 1543 2932 B.
1566 2918 1609 2922 -—
1636 2901 1834 2932 discinctam
1858 2900 2003 2932 habent:

258 2958 338 2988 haec
362 2957 404 2987 R.
435 2974 471 2979 —-
500 2956 556 2987 20.
585 2959 705 2986 orator
729 2953 766 2983 id
792 2954 821 2983 si
846 2952 896 2988 B,
925 2956 1047 2983 orator
1072 2951 1101 2981 si
1125 2951 1161 2982 id
1185 2951 1227 2982 R.
1258 2966 1296 2972 —
1324 2952 1380 2982 21.
1407 2950 1478 2989 ipse
1503 2949 1560 2978 ille
1585 2956 1662 2978 cum
1690 2948 1863 2986 plerisque
1891 2946 2000 2981 Codd.

258 3003 342 3034 BR:
377 3003 432 3034 ille
457 3004 528 3041 ipse
556 3003 580 3033 E
609 3009 642 3034 et
669 2999 830 3032 Ellendtii
858 3007 998 3036 operae.
1035 3014 1074 3020 —
1114 2998 1170 3029 23.
1200 3001 1231 3027 et
1255 2998 1357 3037 quasi
1381 3000 1557 3027 certarum
1582 2995 1624 3026 R.
1654 3011 1690 3017 —
1731 2994 1788 3026 25.
1822 2994 1866 3025 iis
1893 2994 1933 3024 R.
1961 3010 2003 3016 —

258 3050 367 3081 multa
391 3049 432 3080 R.
463 3066 499 3072 —-
526 3050 592 3089 ipsi
618 3049 689 3080 BR.
721 3065 757 3070 —
787 3046 842 3078 27.
869 3047 1019 3077 maxime
1044 3044 1084 3075 B.
1114 3060 1155 3067 -
1181 3044 1238 3075 ⁶28.
1267 3044 1320 3073 vel
1345 3044 1390 3074 acl
1416 3044 1533 3074 odium
1557 3042 1599 3073 R.
1622 3058 1661 3063 -
1688 3045 1750 3073 aut
1779 3041 1826 3072 ad
1851 3040 2004 3072 dolorem

261 3096 371 3128 Codd.
400 3096 469 3126 aL:
498 3101 561 3126 aut
587 3096 738 3127 dolorem
755 3093 862 3124 BRE.
881 3109 925 3113 —
950 3092 1006 3122 29.
1034 3099 1121 3130 quae
1146 3099 1222 3121 cum
1251 3090 1345 3121 libris
1365 3091 1413 3120 R:
1456 3098 1562 3130 quare
1580 3089 1772 3120 Passeratio
1798 3092 1939 3118 auctore
1962 3087 2001 3126 E,

261 3143 350 3184 quod
376 3142 509 3173 Rhode.
540 3159 574 3164 -
606 3143 661 3173 32.
688 3142 798 3181 Atque
825 3139 934 3170 Codd.
962 3139 1004 3169 al.
1034 3138 1090 3169 R:
1117 3136 1224 3178 Atqui
1250 3136 1288 3167 Ε.
1318 3153 1358 3158 -
1394 3135 1450 3166 33.
1477 3133 1627 3174 videtur}
1652 3139 1800 3174 putatur
1830 3134 1939 3165 Havn.
1968 3135 2001 3164 1.

260 3190 295 3220 2.
322 3189 466 3227 aliique.
515 3188 711 3228 Utrumque
739 3188 882 3219 fortasse
910 3195 949 3218 ex
974 3185 1061 3216 salso
1090 3188 1142 3216 est
1167 3183 1432 3221 supplemento;
1461 3191 1538 3214 cum
1564 3183 1755 3220 scripsisset
1781 3181 1901 3212 Cicero
1925 3189 2005 3219 pro-

256 3235 393 3276 priust,
434 3235 558 3266 excidit
584 3239 643 3267 est.
693 3235 784 3266 Hinc
809 3234 952 3266 verbum
980 3232 1167 3271 dupliciter
1193 3235 1242 3261 est
1267 3230 1478 3269 suppletum.
1508 3230 1574 3261 On.
1612 3245 1656 3249 —
1697 3227 1753 3259 34.
1781 3225 1872 3266 cum]
1900 3235 2004 3267 quam

263 3282 312 3322 (id
339 3285 409 3320 est,
443 3280 556 3322 quom)
582 3281 621 3314 B.
661 3298 700 3304 —
746 3281 802 3313 35.
844 3280 1015 3311 orationis
1039 3280 1114 3311 sine
1137 3276 1209 3309 ulla
1233 3278 1376 3309 scientia
1400 3277 1532 3308 nullam
1563 3275 1629 3308 sibi
1659 3274 1700 3305 B.
1740 3289 1778 3296 -
1821 3273 1877 3305 36.
1916 3274 2004 3304 enim

263 3338 330 3361 orn.
357 3327 398 3358 Β.
