2117 3762
800 259 897 298 LlB.
931 258 962 297 Ι.
1025 259 1069 300 C.
1104 259 1169 299 20.
1202 260 1266 299 21.
1823 262 1900 301 189

155 379 220 408 res
251 370 290 406 et
321 364 528 419 principes
559 362 685 404 fuisse
717 368 944 411 constaret;
997 364 1358 418 eloquentissimos
1399 369 1535 405 autem
1573 363 1783 410 homines,
1833 367 1900 418 qui

154 428 230 470 ista
262 442 336 468 nec
369 426 606 467 didicissent
637 438 711 465 nec
740 425 908 465 omnino
948 427 1052 467 scire
1090 432 1323 474 curassent,
1355 424 1674 468 innumerabiles
1704 425 1902 480 quosdam

155 488 416 536 nominabat;
468 490 509 529 in
551 488 701 543 quibus
741 486 887 534 ctiam,
935 489 1019 529 sive
1062 488 1130 529 ille
1172 488 1347 530 irridens
1385 489 1472 530 sive
1510 491 1620 545 quod
1651 490 1706 529 ita
1739 495 1904 542 putaret

154 559 276 608 atque
307 552 361 592 ita
392 550 594 598 audisset,
629 563 692 590 me
724 549 764 590 in
796 549 865 589 illo
899 564 1095 597 numero,
1129 553 1198 605 qui
1221 553 1288 592 illa
1312 566 1394 592 non
1417 551 1651 593 didicissem
1684 557 1724 592 et
1754 556 1902 598 tamen,

154 622 198 656 ut
230 615 317 668 ipse
350 614 532 661 dicebat,
581 625 745 665 possem
783 612 934 668 aliquid
970 613 1008 653 in
1041 615 1242 661 dicendo,
1292 613 1543 667 proferebat.
1606 616 1792 664 Quorum
1825 627 1932 667 egos

154 679 329 718 alterum
361 676 419 717 illi
452 670 569 715 facile
600 673 876 722 assentiebar,
922 674 1022 716 nihil
1063 688 1128 715 me
1169 675 1386 725 didicissc;
1439 678 1478 718 in
1510 676 1639 718 altero
1670 682 1807 718 autem
1838 689 1903 716 me

155 738 271 780 illudi
303 737 354 779 ab
387 753 436 778 eo
467 743 536 778 aut
568 738 689 777 etiam
723 738 855 791 ipsum
889 751 1030 778 errare
1061 736 1304 779 arbitrabar.
1366 741 1432 780 92.
1478 742 1617 780 Artem
1649 752 1750 780 vero
1782 751 1906 791 nega-

156 804 226 843 bat
269 815 359 842 esse
402 799 550 846 ullam,
599 800 676 839 nisi
717 813 821 854 quae
862 801 1036 853 cognitis
1075 801 1321 855 penitusque
1362 803 1587 856 perspectis
1624 807 1665 842 et
1705 802 1747 842 in
1777 814 1905 842 unum

156 865 311 905 exitum
355 859 633 917 spectantibus
673 867 712 902 et
748 876 957 917 nunquam
997 861 1231 903 fallentibus
1270 864 1395 903 rebus
1434 866 1729 905 contineretur.
1791 864 1905 904 Haec

154 933 288 967 autem
321 925 476 971 omnia,
525 937 631 979 quae
672 930 947 966 tractarentur
978 923 1029 965 ab
1060 926 1320 973 oratoribus,
1374 923 1499 966 dubia
1531 940 1620 967 esse
1652 933 1691 967 et
1721 927 1956 974 incerta31o

153 987 348 1044 quoniam
381 992 421 1028 et
451 986 686 1028 dicerentur
717 989 767 1027 ab
800 989 870 1034 iis,
903 988 973 1041 qui
1004 1001 1052 1028 ea
1083 988 1222 1028 omnia
1248 1000 1331 1028 non
1362 988 1484 1040 plane
1518 993 1728 1036 tenerent,
1764 993 1806 1029 et
1834 1001 1904 1028 au-

153 1052 338 1091 direntur
367 1047 417 1090 ab
449 1048 521 1097 iis,
571 1048 720 1104 quibus
750 1064 832 1091 non
863 1051 1034 1090 scientia
1065 1055 1175 1090 esset
1204 1048 1403 1090 tradenda
1433 1049 1504 1091 sed
1537 1050 1675 1104 exigui
1706 1049 1906 1105 temporis

154 1118 225 1154 aut
254 1111 355 1153 salsa
385 1117 454 1152 aut
484 1117 594 1152 certe
626 1113 799 1153 obscura
833 1113 987 1167 opinio.
1047 1113 1115 1152 93.
1150 1111 1259 1161 Quid
1290 1111 1444 1153 multa?
1476 1115 1533 1154 sic
1565 1112 1665 1154 mihi
1697 1118 1782 1154 tum
1814 1125 1907 1168 per-

152 1174 327 1217 suadere
358 1172 575 1215 w'debatur
606 1188 741 1228 neque
772 1173 988 1215 artificium
1018 1173 1146 1215 ullum
1179 1188 1268 1215 esse
1299 1175 1461 1216 dicendi
1491 1189 1626 1230 neque
1658 1188 1906 1230 quemquam

151 1251 302 1293 posse,
335 1236 414 1278 nisi
452 1238 522 1291 qui
555 1236 645 1285 illa,
688 1251 793 1291 quae
824 1250 846 1278 a
877 1235 1125 1277 doctissimis
1155 1237 1394 1278 hominibus
1425 1238 1466 1277 in
1498 1236 1763 1292 philosophia
1794 1235 1955 1280 dice-1⁵

151 1306 316 1347 rentur,
349 1305 591 1353 cognosset,
626 1305 697 1340 aut
729 1298 874 1339 callide
904 1305 974 1339 aut
1003 1300 1172 1351 copiose
1203 1298 1355 1342 dicere.
1416 1301 1462 1340 In
1484 1298 1632 1354 quibus
1655 1300 1905 1340 Charmadas

152 1363 312 1403 solebat
332 1362 541 1415 ingenium
563 1367 702 1409 tuum,
738 1361 910 1409 Crasse,
943 1360 1213 1402 vehementer
1233 1361 1429 1402 admirari
1459 1376 1525 1403 me
1557 1360 1635 1403 sibi
1665 1360 1906 1416 perfacilem

151 1427 194 1466 in
238 1426 468 1472 audiendo,
518 1430 556 1464 tc
594 1437 900 1479 perpugnacem
946 1423 989 1464 in
1034 1422 1279 1478 disputando
1328 1438 1418 1466 esse
1462 1425 1610 1465 visum.
1680 1425 1792 1466 XXI.
1835 1425 1903 1464 94.

151 1489 296 1542 Itaque
327 1499 405 1540 ego
435 1489 510 1527 hac
543 1488 686 1527 eadem
719 1486 916 1539 opinione
948 1487 1148 1527 adductus
1186 1486 1330 1541 scripsi
1370 1487 1491 1527 etiam
1523 1484 1624 1527 illud
1655 1487 1834 1541 quodam
1865 1486 1907 1526 in

151 1549 317 1599 libello,
372 1549 442 1603 qui
482 1562 547 1589 me
579 1549 840 1604 imprudente
873 1554 914 1589 et
943 1547 1073 1589 invito
1106 1548 1257 1589 excidit
1288 1554 1329 1590 et
1360 1549 1551 1604 pervenit
1580 1550 1621 1590 in
1652 1562 1800 1590 manus
1833 1547 1907 1589 ho-
1920 1565 1958 1592 20

151 1614 330 1661 minum,
378 1612 554 1652 disertos
585 1624 650 1651 me
683 1623 883 1664 cognosse
916 1609 1160 1659 nonnullos,
1211 1612 1476 1666 eloquentem
1508 1613 1642 1652 adhuc
1674 1612 1903 1661 neminem3

152 1674 264 1730 quod
310 1688 404 1716 eum
451 1674 681 1714 statuebam
722 1673 943 1728 disertum,
996 1674 1064 1728 qui
1101 1678 1245 1727 posset
1286 1673 1382 1714 satis
1422 1679 1541 1715 acute
1573 1679 1697 1729 atque
1728 1672 1905 1714 dilucide

142 1732 523 1793 χῑιῖιῐεῖ’ῐιῐθδῑοςῑρε
554 1730 745 1777 homines
778 1751 828 1777 ex
859 1737 1066 1777 communi
1099 1738 1274 1790 quadam
1298 1736 1494 1791 opinione
1514 1735 1731 1777 hominum
1753 1735 1906 1784 dicere,

153 1800 415 1855 eloquentem
457 1812 582 1846 vero,
634 1797 702 1854 qui
742 1799 972 1839 mirabilius
1003 1805 1043 1839 et
1071 1797 1398 1853 magnificentius
1429 1812 1582 1853 augere
1613 1803 1753 1854 posset
1784 1804 1906 1854 atque

153 1875 331 1910 ornare,
365 1874 470 1917 quae
492 1862 641 1908 vellet,
677 1875 905 1914 omnesque
927 1862 1110 1902 omnium
1142 1874 1306 1910 rerum,
1342 1875 1446 1915 quae
1478 1863 1529 1902 ad
1560 1860 1781 1902 dicendum
1811 1874 1906 1914 per-
1920 1877 1956 1904 25

150 1924 354 1972 tinerent,
387 1924 524 1964 fontes
557 1922 695 1963 animo
729 1936 775 1963 ac
806 1924 1008 1964 memoria
1040 1924 1286 1964 contineret.
1348 1924 1394 1964 Id
1421 1924 1455 1964 si
1485 1929 1547 1964 est
1578 1922 1743 1964 difficile
1765 1924 1903 1970 nobis,

151 1988 264 2042 quod
294 1990 408 2034 ante,
441 1999 563 2041 quam
594 1987 646 2026 ad
677 1986 918 2026 discendum
948 1985 1124 2039 ingressi
1156 1999 1320 2034 sumus,
1364 1987 1582 2027 obruimur
1611 1984 1838 2026 ambitione
1869 1990 1909 2026 et

150 2047 269 2098 foro,
317 2049 369 2090 sit
398 2053 536 2089 tamen
567 2048 609 2089 in
639 2060 686 2088 re
716 2048 897 2103 positum
929 2053 1052 2101 atque
1083 2052 1244 2088 natura.
1306 2049 1374 2089 95.
1413 2051 1500 2102 Ego
1533 2049 1664 2095 enim,
1711 2053 1908 2102 quantum

152 2125 337 2166 auguror
367 2110 605 2152 coniectura
648 2116 884 2166 quantaque
915 2109 1081 2163 ingenia
1111 2109 1154 2151 in
1182 2112 1334 2152 nostris
1363 2110 1605 2153 hominibus
1637 2124 1727 2152 esse
1758 2109 1906 2158 video,

151 2187 237 2216 non
267 2175 442 2228 despero
472 2172 564 2214 sore
594 2171 771 2228 aliquem
803 2172 1046 2228 aliquando,
1094 2174 1165 2228 qui
1196 2178 1237 2214 ct
1266 2172 1400 2214 studio
1433 2173 1622 2223 acriore,
1672 2187 1794 2229 quam
1833 2186 1909 2213 nos
1923 2189 1958 2215 ³0

153 2249 294 2278 sumus
324 2241 447 2290 atque
477 2236 652 2282 fuimus,
706 2240 747 2276 et
777 2234 861 2276 otio
893 2248 940 2275 ac
971 2235 1166 2276 facultate
1197 2234 1383 2277 discendi
1413 2237 1571 2277 maiore
1602 2250 1649 2277 ac
1678 2234 1904 2277 maturiore

154 2303 196 2339 et
224 2297 367 2339 labore
397 2302 520 2352 atque
550 2296 750 2338 industria
780 2298 1020 2352 superiore,
1074 2311 1168 2339 cum
1199 2312 1244 2339 se
1275 2300 1327 2339 ad
1357 2297 1608 2340 audiendum
1627 2330 1639 2348 ,
1688 2298 1910 2353 legendum

154 2362 501 2415 scribendumque
524 2358 706 2408 dederit,
743 2360 914 2400 exsistat
935 2361 1026 2400 talis
1047 2366 1212 2409 orator,
1245 2362 1411 2415 qualem
1433 2360 1669 2416 quaerimus
1683 2392 1694 2410 ,
1729 2362 1799 2416 qui
1820 2361 1909 2400 iure

153 2436 238 2465 non
268 2422 401 2464 solum
433 2421 609 2463 disertus
641 2421 713 2463 sed
746 2423 869 2463 etiam
902 2421 1101 2477 eloquens
1132 2421 1212 2464 dici
1241 2423 1393 2478 possit;
1427 2425 1497 2479 qui
1527 2429 1665 2464 tamen
1696 2436 1789 2464 mea
1819 2435 1911 2463 sen-

153 2483 281 2526 tentia
310 2490 378 2526 aut
408 2486 475 2526 hic
505 2490 567 2526 est
596 2485 678 2525 iam
711 2486 878 2526 Crassus
909 2490 1001 2533 aut,
1047 2485 1080 2525 si
1111 2486 1203 2540 quis
1233 2487 1323 2540 pari
1356 2485 1480 2527 suerit
1509 2485 1677 2541 ingenio
1709 2485 1907 2540 pluraque
1922 2500 1958 2528 ³⁵

155 2562 279 2603 quam
317 2548 385 2588 hic
424 2553 464 2589 et
502 2545 681 2588 audierit
716 2552 757 2587 et
793 2548 987 2589 lectitarit
1025 2552 1067 2588 et
1103 2547 1341 2602 scripserit,
1395 2548 1580 2602 paullum
1621 2549 1719 2590 huic
1755 2545 1909 2602 aliquid

153 2612 307 2665 poterit
335 2609 503 2652 addere.

247 2720 281 2750 1.
308 2716 437 2759 autem]
465 2723 580 2750 tamen
604 2719 646 2751 R.
679 2734 713 2740 —
743 2718 777 2749 2.
805 2719 905 2751 scisse
930 2718 970 2750 B.
997 2717 1080 2759 (non
1107 2717 1166 2758 R.)
1193 2718 1357 2752 Probavit
1383 2720 1604 2760 Heusinger,
1641 2720 1773 2757 recepit
1799 2717 1909 2749 Schu-

156 2766 256 2797 tzius.
284 2781 325 2788 -
352 2765 520 2806 quosdam
544 2766 667 2797 habere
691 2766 895 2797 nominabat
921 2765 962 2797 Β.
995 2782 1029 2787 -
1071 2765 1105 2796 4.
1134 2764 1208 2806 illo]
1238 2776 1274 2798 eo
1302 2766 1346 2798 R.
1374 2783 1416 2788 —
1457 2768 1492 2799 5.
1521 2775 1580 2808 eqo
1605 2766 1755 2797 alterum
1780 2764 1833 2795 illi
1857 2764 1909 2801 fa—

155 2812 217 2843 cile
241 2812 268 2843 Β
293 2812 445 2853 aliique:
491 2821 552 2853 eqo
578 2813 628 2843 illi
654 2812 805 2842 alterum
831 2811 934 2852 facile
962 2812 1012 2850 R,
1047 2812 1100 2843 illi
1126 2813 1276 2844 alterum
1300 2812 1409 2853 facile
1444 2811 1526 2851 (om.
1555 2811 1630 2852 eqo)
1665 2811 1690 2842 E
1717 2819 1792 2843 cum
1819 2810 1910 2842 Gru-

157 2860 243 2895 teri‚
271 2863 309 2890 ut
332 2859 487 2895 videtur,
515 2862 643 2898 operis.
671 2874 710 2880 —
737 2858 770 2890 9.
799 2860 998 2890 continetur
1023 2858 1062 2889 Β.
1092 2876 1133 2881 -
1160 2861 1216 2891 11.
1244 2861 1410 2900 quoniam
1436 2860 1462 2890 B
1487 2859 1636 2898 aliique:
1665 2866 1740 2888 cum
1765 2857 1837 2888 ΒΕ.
1868 2873 1906 2879 -

156 2905 275 2937 omnia
300 2913 340 2936 ea
362 2904 401 2935 Β.
430 2921 470 2928 -
498 2906 554 2937 1-2.
580 2915 651 2938 non
675 2904 831 2945 scientia]
859 2906 1067 2937 conscientia
1095 2905 1133 2936 B.
1165 2920 1204 2926 —
1232 2906 1287 2939 13.
1316 2907 1436 2946 opinio
1465 2904 1679 2935 immittenda
1705 2904 1747 2935 R.
1770 2919 1809 2926 —
1831 2911 1909 2943 per-

156 2951 298 2984 suadere·
323 2951 362 2982 Β.
393 2968 431 2974 -
474 2951 530 2983 14.
556 2949 679 2992 ullum]
707 2952 795 2983 illud
821 2952 919 2984 Voss.
950 2952 1048 2990 prob.
1077 2951 1197 2984 Bakio.
1226 2969 1266 2975 —
1308 2953 1364 2984 15.
1392 2954 1429 2983 ηί
1455 2952 1493 2982 Β.
1526 2968 1561 2974 -
1606 2950 1662 2981 16.
1690 2951 1732 2981 1η
1767 2959 1836 2982 om.
1868 2950 1906 2981 Β.

157 2997 240 3039 (non
268 2997 324 3038 Β.)
349 3013 393 3020 ·—
422 2998 635 3030 Charmadas
662 2999 772 3030 Codd.
800 2999 870 3031 al.:
916 2997 1116 3030 Carneades
1142 2996 1231 3038 (sine
1259 3009 1291 3032 v.
1319 2998 1445 3038 dicere)
1472 2998 1520 3034 R,
1556 2997 1664 3028 dicere
1691 2995 1910 3028 Charmadas

157 3044 227 3077 ΒΕ.
256 3062 293 3067 -
341 3044 397 3075 17.
424 3044 598 3076 admirari
622 3045 648 3077 B
673 3046 802 3085 aliique
820 3069 828 3083 ‚
869 3045 925 3076 R:
966 3044 1148 3076 admirans
1175 3045 1216 3076 E.
1246 3063 1284 3069 —
1328 3045 1383 3076 18.
1411 3042 1595 3084 audiendo]
1623 3043 1768 3074 dicendo
1794 3043 1838 3076 R.
1865 3041 1910 3081 (te

156 3092 221 3123 sibi
247 3090 383 3131 facilem
408 3091 444 3121 in
467 3091 610 3122 dicendo
635 3096 667 3123 et
689 3100 948 3133 perpuyuacem
974 3090 1131 3130 Bakius.)
1161 3108 1199 3114 —
1241 3094 1525 3131 propuynantem
1552 3090 1588 3119 B.
1618 3106 1657 3112 —
1702 3091 1757 3123 19.
1785 3091 1910 3130 Itaque

156 3136 185 3170 Β
211 3139 358 3180 aliique:
389 3137 473 3168 Tum
498 3137 550 3175 R,
583 3137 732 3179 Tumque
757 3146 836 3170 cum
863 3138 951 3170 Aldo
981 3138 1017 3170 E.
1040 3155 1078 3161 —
1106 3137 1164 3169 20.
1191 3136 1333 3177 excidit]
1355 3136 1519 3168 excitabit
1538 3136 1576 3166 Β.
1600 3152 1636 3159 -
1664 3135 1722 3167 21.
1749 3144 1910 3179 cognosse

156 3193 210 3216 me
235 3185 273 3217 B.
306 3201 340 3206 —
385 3183 442 3216 23.
481 3184 645 3224 opinione
680 3185 856 3216 hominum
884 3185 910 3215 B
951 3185 1103 3224 aliique,
1143 3184 1197 3216 R:
1235 3185 1410 3216 hominum
1450 3184 1611 3222 opinions
1652 3182 1784 3221 Aldus,
1822 3182 1910 3214 Grn-

157 3236 252 3264 terus
277 3231 378 3264 1618.
398 3255 407 3270 ,
435 3232 597 3270 opinione
624 3230 703 3262 Ern.
732 3239 871 3270 operae.
899 3248 944 3252 —
968 3231 1146 3262 hominum
1170 3231 1379 3262 mirabiliter
1404 3229 1517 3261 dicere
1542 3229 1584 3261 Β.
1614 3245 1651 3252 —-
1680 3229 1737 3261 27.
1766 3230 1856 3270 quod
1881 3228 1908 3258 B

158 3278 308 3318 aliique,
345 3279 395 3316 R,
432 3278 470 3309 C.
507 3276 726 3316 Stephanus:
769 3277 828 3317 qui
870 3285 948 3309 cum
986 3277 1075 3308 Aldo
1115 3277 1154 3309 E.
1183 3292 1226 3298 -
1265 3275 1449 3307 dicendum
1472 3275 1577 3308 R.—
1619 3274 1678 3307 29.
1704 3277 1743 3308 in
1768 3285 1835 3308 om.
1863 3275 1906 3306 R.

160 3341 200 3348 -
228 3325 283 3357 30.
313 3323 501 3365 aliquando
527 3323 680 3363 aliquem
704 3323 747 3355 R.
783 3340 823 3345 —
863 3323 920 3356 33.
955 3324 1084 3355 dederit
1111 3323 1136 3353 Β
1163 3322 1321 3363 aliique:
1361 3322 1531 3354 dediderit
1556 3323 1605 3359 E,
1643 3323 1777 3356 maiore
1802 3329 1909 3362 opera

158 3372 288 3406 dederit
312 3369 390 3414 (sic)
416 3371 459 3404 Β.
488 3388 525 3395 -
554 3370 610 3403 35.
637 3369 743 3410 suerit
767 3370 906 3411 inyem'o
925 3371 1014 3410 pari
1036 3372 1079 3403 Β.
1113 3384 1146 3391 -
1175 3368 1233 3402 36.
1261 3365 1352 3409 huic]
1380 3369 1443 3402 huc
1467 3369 1508 3401 B.
