2117 3762
332 269 386 310 68
1002 268 1071 308 AD
1102 269 1416 311 HERENNIUM

329 381 420 416 tuas
451 375 610 416 omitto.
668 374 781 414 Haec
810 373 921 413 utilis
953 378 1014 413 est
1044 375 1258 415 exornatio
1277 407 1287 423 ,
1319 376 1351 415 si
1382 380 1451 416 aut
1481 389 1593 420 rem,
1625 388 1748 429 quam
1770 388 1854 415 non
1875 376 2081 430 pertineat

328 437 418 478 aliis
450 438 697 484 ostendere,
733 435 891 476 occulte
922 436 1185 476 admonuisse
1215 440 1385 491 prodest
1414 443 1483 478 aut
1513 439 1546 478 si
1576 437 1745 490 longum
1777 443 1837 478 est
1866 442 1936 478 aut
1964 439 2081 492 igno-

326 501 411 540 bile
442 505 510 540 aut
539 498 706 553 planum
736 511 819 538 non
849 502 985 551 potest
1014 496 1105 538 fieri
1136 504 1205 538 aut
1235 498 1352 540 facile
1384 507 1519 555 potest
1548 501 1826 555 reprehendi,
1866 506 1911 540 ut
1939 501 2079 541 utilius

327 563 379 602 sit
409 561 566 602 occulte
597 561 742 601 fecisse
774 561 1051 614 suspicionem
1083 574 1206 615 quam
1229 562 1431 603 eiusmodi
1461 563 1688 604 intendisse
1711 564 1939 611 actionem,
1973 577 2078 617 quae

296 636 312 661 ⁵
326 627 611 678 redarguatur.

435 686 662 728 Disiunetio
694 689 773 733 est,
807 698 901 726 cum
932 699 1104 732 eorum,
1144 686 1194 726 de
1225 686 1375 741 quibus
1406 688 1580 728 dicimus
1601 720 1611 737 ‚
1660 693 1730 728 aut
1761 692 1980 742 utrumque
2011 692 2080 728 aut

322 764 448 791 unum
479 750 672 804 quodque
705 752 818 788 certo
850 748 1110 789 concluditur
1139 750 1293 796 verbe,
1325 751 1412 790 sic:
1447 751 1626 805 Populus
1657 755 1866 792 Romanus
1897 753 2079 791 Numan-

321 815 418 854 tiam
450 811 622 858 delevit,
656 812 952 863 Karthaginem
975 811 1158 859 sustulit,
1194 811 1436 853 Corinthum
1460 813 1645 859 disiecit,
1677 812 1886 866 Fregellas
1909 812 2073 854 evertit.

319 876 430 915 Nihil
460 874 720 914 Numantinis
752 875 858 914 vires
890 875 1076 928 corporis
1109 874 1329 914 auxiliatae
1373 880 1488 923 sunt3
1538 875 1638 915 nihil
1668 877 2077 930 Karthaginiensibus

270 948 304 973 10
319 937 489 977 scientia
519 936 580 976 rei
612 935 800 976 militaris
831 937 1072 976 adiumento
1104 936 1205 986 suit3
1254 937 1357 976 nihil
1400 937 1622 978 Corinthiis
1669 940 1831 979 erudita
1875 939 2077 979 calliditas

316 998 512 1052 praesidii
543 998 663 1048 tulit;
710 999 812 1039 nihil
856 999 1110 1052 Fregellanis
1155 1013 1319 1039 morum
1361 1004 1401 1039 et
1438 1001 1643 1040 sermonis
1673 1000 1848 1042 societas
1879 1000 2078 1054 opitulata

317 1068 390 1103 est.
449 1064 580 1102 Item:
628 1063 803 1102 Formae
835 1062 1014 1115 dignitas
1045 1067 1115 1101 aut
1144 1063 1290 1102 morbo
1323 1059 1560 1102 deflorescit
1589 1067 1660 1102 aut
1689 1068 1890 1103 vetustate
1923 1062 2077 1104 exstin-

315 1125 466 1178 guitur.
528 1124 606 1165 Hic
650 1129 873 1178 utrumque
922 1130 962 1165 et
1007 1125 1049 1165 in
1095 1124 1311 1177 superiore
1357 1123 1548 1179 exemplo
1579 1138 1702 1166 unam
1742 1139 1947 1181 quamque
1986 1139 2076 1166 rem

314 1193 428 1228 certo
460 1189 590 1228 verbo
627 1186 818 1227 concludi
858 1186 1063 1228 videmus.
1126 1188 1193 1227 38.
1244 1186 1488 1229 Coniunctio
1520 1192 1603 1234 est,
1638 1201 1729 1228 cum
1761 1188 2076 1244 interpositione

263 1263 298 1289 1⁵
314 1249 432 1291 verbi
463 1256 504 1290 et
533 1249 772 1305 superiores
803 1254 943 1302 partes
974 1249 1173 1290 orationis
1205 1250 1616 1304 comprehenduntur
1646 1256 1687 1290 et
1716 1250 1955 1299 inferiores,
1997 1253 2075 1293 hoe

313 1314 463 1354 modo:
512 1314 688 1353 Formae
731 1311 906 1366 dignitas
937 1318 1007 1352 aut
1037 1314 1185 1353 morbo
1217 1311 1454 1353 deflorescit
1484 1319 1552 1353 aut
1581 1318 1797 1354 vetustate.
1857 1313 2074 1355 Adiunctio

313 1384 401 1424 est,
435 1389 526 1417 cum
560 1379 760 1424 verbum,
794 1390 877 1430 quo
908 1389 973 1416 res
1005 1374 1398 1430 comprehenditur,
1434 1389 1515 1416 non
1547 1376 1875 1430 interponimus,
1909 1375 1981 1417 sed
2005 1382 2076 1417 aut

311 1438 493 1491 primum
534 1444 605 1480 aut
633 1445 890 1492 postremum
933 1439 1200 1479 collocamus.
1262 1438 1477 1486 Primum,
1527 1438 1608 1479 hoc
1639 1445 1780 1492 pacto:
1831 1438 2076 1480 Dessorescit

309 1500 472 1542 formae
504 1501 679 1555 dignitas
710 1508 780 1542 aut
810 1503 958 1542 morbo
990 1507 1058 1541 aut
1087 1506 1304 1541 vetustate.
1364 1502 1624 1541 Postremum
1645 1533 1654 1549 ‚
1686 1501 1772 1542 sic:
1815 1504 1895 1542 Aut
1924 1503 2073 1543 morbo

261 1577 297 1602 20
312 1570 381 1604 aut
411 1569 611 1606 vetustate
643 1565 800 1605 formae
832 1563 1007 1618 dignitas
1039 1563 1290 1604 deflorescit.
1353 1562 1413 1603 Ad
1452 1562 1714 1604 festivitatem
1755 1563 1972 1605 disiunctio
2012 1569 2075 1605 est

311 1626 521 1682 apposita;
555 1641 683 1683 quare
713 1627 846 1668 rarius
877 1632 1043 1667 utemur
1073 1641 1144 1676 ea,
1192 1642 1244 1668 ne
1276 1626 1504 1667 satietatem
1536 1626 1697 1681 pariat:
1748 1625 1798 1666 ad
1828 1626 2072 1668 brevitatem

309 1689 568 1740 coniuncti03
621 1704 749 1746 quare
791 1690 955 1745 saepius
1000 1689 1234 1731 adhibenda
1280 1695 1354 1730 est.
1418 1691 1503 1730 Hae
1551 1696 1632 1729 tres
1680 1691 1975 1731 exornationes
2022 1691 2073 1730 de

309 1752 482 1807 simplici
516 1767 666 1807 genere
697 1759 878 1794 manant.

421 1817 613 1858 XXVIII.
649 1815 959 1871 Conduplicatio
994 1822 1055 1858 est
1083 1831 1175 1858 cum
1207 1815 1368 1857 ratione
1398 1813 1728 1868 amplificationis
1750 1819 1819 1855 aut
1839 1814 2072 1856 miseratio-

258 1890 293 1915 25
308 1877 372 1919 nis
403 1877 590 1919 eiusdem
622 1881 741 1920 unius
772 1884 842 1920 aut
871 1878 1052 1934 plurium
1083 1880 1309 1920 verborum
1340 1877 1503 1918 iteratio
1524 1908 1535 1925 ,
1568 1879 1646 1917 hoe
1667 1878 1817 1918 modo:
1853 1879 2071 1918 Tumultus

311 1941 355 1981 C.
392 1941 623 1990 Gracchus,
658 1943 856 1982 tumultus
887 1941 1136 1982 domesticos
1167 1946 1207 1980 et
1236 1940 1452 1981 intestinos
1483 1945 1707 1992 comparat.
1769 1941 1902 1980 Item:
1952 1942 2072 1981 Com-

309 2010 445 2045 motus
477 2018 559 2044 non
591 2018 659 2052 es,
693 2018 785 2045 cum
817 2002 889 2044 tibi
923 2009 1054 2044 mater
1084 2003 1210 2059 pedes
1240 2005 1571 2058 amplexaretur,
1619 2016 1701 2043 non
1733 2017 1776 2044 es
1809 2005 2069 2044 commotus?

309 2069 436 2108 Item:
471 2068 588 2107 Nunc
619 2066 742 2108 etiam
773 2066 899 2108 audes
930 2066 973 2107 in
1005 2066 1153 2107 horum
1185 2072 1450 2120 conspectum
1482 2064 1645 2112 venire,
1678 2065 1865 2119 proditor
1894 2065 2067 2120 patriae,

308 2128 521 2183 proditor,
556 2130 740 2185 inquam,
788 2130 965 2184 patriae,
1008 2132 1149 2171 venire
1180 2131 1304 2170 audes
1335 2128 1377 2169 in
1409 2128 1555 2168 horum
1588 2131 1888 2182 conspectum?
1934 2131 2072 2171 Vehe-

258 2205 293 2230 so
312 2199 471 2233 menter
492 2191 721 2233 auditorem
745 2197 982 2233 commovet
1011 2191 1195 2233 eiusdem
1227 2189 1523 2245 redintegratio
1545 2188 1662 2230 verbi
1693 2196 1733 2231 et
1762 2191 1908 2232 vulnus
1938 2193 2069 2231 maius

309 2254 434 2296 elficit
454 2254 492 2295 in
514 2255 722 2296 contrario
746 2269 907 2304 causae,
940 2255 1053 2310 quasi
1075 2253 1241 2310 aliquod
1264 2255 1388 2294 telum
1411 2252 1575 2307 saepius
1597 2252 1812 2305 perveniat
1831 2253 1870 2294 in
1895 2251 2067 2293 eandem

307 2324 466 2372 partem
498 2318 702 2372 corporis.
781 2317 1070 2371 Interpretatio
1103 2325 1187 2366 est,
1241 2331 1345 2372 quae
1376 2330 1459 2356 non
1490 2316 1642 2356 iterans
1673 2315 1782 2356 idem
1814 2315 2068 2370 redintegrat

306 2380 508 2428 verbum,
550 2383 622 2421 sed
653 2383 692 2422 id
724 2386 973 2429 commutat,
1021 2380 1131 2434 quod
1162 2380 1340 2435 positum
1372 2384 1451 2425 est,
1498 2379 1578 2419 alio
1610 2377 1764 2427 verbo,
1813 2380 1927 2434 quod
1956 2378 2067 2420 idem

305 2444 464 2491 valeat,
496 2445 575 2485 hoc
606 2443 762 2484 modo:
811 2447 910 2485 Rem
942 2444 1149 2497 publicam
1180 2442 1373 2483 radicitus
1405 2441 1612 2490 evertisti,
1645 2441 1852 2483 civitatem
1882 2440 2066 2483 funditus

258 2517 292 2544 ³5
309 2505 510 2547 deiecisti.
590 2507 715 2547 Item:
761 2507 925 2547 Patrem
969 2505 1126 2546 nefarie
1175 2504 1428 2554 verberasti,
1480 2505 1638 2559 parenti
1681 2517 1823 2545 manus
1867 2504 2066 2544 scelerate

307 2569 494 2611 intulisti.
556 2571 731 2609 Necesse
762 2575 823 2609 est
853 2569 940 2609 eius
959 2600 968 2616 ,
999 2567 1068 2623 qui
1099 2570 1230 2616 audit,
1263 2569 1442 2609 animum
1465 2569 1741 2616 commoveri,
1773 2580 1864 2608 cum
1886 2567 2065 2620 gravitas

307 2631 461 2686 prioris
493 2633 589 2673 dicti
620 2638 844 2672 renovatur
874 2631 1211 2684 interpretatione
1242 2634 1479 2675 verborum.

421 2696 487 2735 39.
519 2693 791 2736 Commutatio
823 2699 906 2742 est,
956 2707 1046 2734 cum
1086 2692 1190 2734 duae
1230 2696 1454 2737 sententiae
1494 2696 1602 2738 inter
1629 2710 1672 2738 se
1703 2695 1981 2751 discrepantes
2011 2708 2064 2736 ex

308 2756 599 2798 transiectione
630 2756 684 2797 ita
717 2755 967 2804 efferuntur,
1014 2762 1059 2797 ut
1097 2771 1121 2797 a
1163 2756 1302 2811 priore
1332 2759 1542 2812 posterior
1571 2762 1775 2801 contraria
1807 2758 1938 2814 priori
1968 2771 2064 2813 pro-

261 2819 539 2868 aoficiseatur,
586 2821 667 2861 hoc
696 2822 844 2860 modo:
891 2822 992 2860 Esse
1025 2824 1217 2874 oportet,
1262 2826 1307 2861 ut
1337 2821 1475 2870 vivas,
1521 2837 1604 2863 non
1647 2822 1812 2870 vivere,
1859 2825 1906 2862 ut
1946 2821 2058 2861 edas.

310 2883 437 2923 Item:
485 2885 546 2923 Ea
576 2895 622 2923 re
652 2888 842 2937 poemata
871 2896 953 2923 non
983 2881 1112 2931 facio,
1155 2884 1270 2938 quia,
1313 2885 1545 2926 cuiusmodi
1575 2885 1695 2934 volo,
1743 2899 1826 2926 non
1863 2897 2058 2937 possum;

310 2944 539 2986 cuiusmodi
570 2958 757 3000 possum,
790 2944 901 2986 nolo.
963 2946 1087 2985 Item:
1142 2947 1256 2995 Quae
1288 2949 1338 2989 de
1368 2947 1437 2989 illo
1469 2947 1680 2996 dicuntur,
1727 2947 1807 2989 dici
1847 2961 1930 2988 non
1966 2959 2064 2999 pos-

402 3127 435 3157 1.
463 3126 491 3157 si
516 3130 578 3157 aut
603 3127 648 3158 ad
672 3135 743 3159 rem
779 3126 860 3160 (hoc
887 3137 926 3160 ex
953 3125 1042 3163 Erf.)
1081 3128 1172 3167 qaod
1204 3139 1273 3161 non
1297 3131 1471 3169 pertineat
1497 3130 1577 3162 Sch.
1607 3130 1705 3169 prob.
1733 3129 1985 3162 Lindemanno.
2017 3145 2054 3152 «-

309 3171 343 3203 2.
373 3173 403 3203 si
428 3181 496 3204 om.
516 3172 629 3204 PABF
655 3179 688 3205 et
715 3183 765 3213 pr.
786 3175 827 3206 R.
859 3190 892 3196 ——
937 3174 971 3206 [ι.
998 3176 1112 3206 iecisse
1139 3176 1258 3207 Lamb.
1285 3181 1412 3215 suspic.
1440 3194 1480 3199 —-
1507 3179 1675 3209 eiusmodi
1701 3178 1835 3209 PBFR:
1860 3175 2057 3207 huiusmodi

309 3218 415 3250 ATE.
443 3236 486 3241 —
512 3222 683 3251 actionem
708 3220 784 3252 FT:
827 3222 1018 3253 orationem
1046 3222 1208 3253 PABRE.
1240 3238 1276 3245 —-
1315 3225 1347 3254 6.
1375 3225 1595 3256 Disiunctam
1620 3225 1750 3256 PFRT.
1779 3240 1819 3246 -
1857 3224 1913 3254 15.
1939 3227 2056 3262 partes

310 3264 485 3296 orationis
510 3266 676 3297 PABFT:
705 3269 874 3299 orationis
896 3273 1015 3309 partes
1043 3267 1117 3300 RE.
1148 3268 1194 3292 -’
1223 3269 1278 3300 19.
1306 3271 1482 3302 Postremo
1504 3271 1634 3302 ABFT.
1665 3289 1702 3294 —
1738 3271 1794 3302 24.
1820 3271 2057 3301 miserationis

307 3311 424 3343 PFnT
450 3312 599 3352 altique:
627 3316 939 3346 commiserationis
964 3317 1067 3348 ABE.
1092 3333 1126 3338 —
1156 3316 1212 3347 26.
1242 3317 1277 3347 C.
1300 3316 1471 3349 Gracchus
1496 3320 1577 3350 AT:
1606 3319 1640 3351 C.
1663 3318 1806 3351 Gracchi
1831 3316 1992 3348 PBFRE.
2015 3331 2055 3338 —-

310 3359 478 3392 tumultus
502 3363 533 3393 et
557 3360 759 3392 domesticos
782 3361 883 3396 AFT.
914 3379 951 3386 -
980 3363 1036 3396 36.
1064 3363 1216 3395 attulisti
1239 3363 1305 3394 PF.
