2117 3762
283 252 333 291 16
946 244 1015 283 AD
1048 241 1362 283 IIERENNIUM

282 359 529 410 exspectata.
611 354 712 407 Spes
752 348 991 406 perficiendi
1025 361 1128 403 quae
1159 346 1313 396 fuerit,
1363 346 1616 402 spectabitur
1659 347 1741 387 hoc
1780 348 1933 388 modo:
1982 347 2032 394 si,

281 432 384 473 quae
417 430 537 471 supra
570 416 675 455 dicta
707 418 800 453 sunt
830 412 974 464 signa,
1010 410 1325 459 concurrerint;
1359 410 1393 450 si
1424 415 1641 465 praeterea
1674 424 1727 449 ex
1758 411 1886 450 altera
1917 416 2034 465 parte

280 482 412 527 vires,
463 479 662 532 pecunia,
716 475 957 520 consilium,
1006 472 1205 519 scientia,
1259 473 1470 526 apparatio
1513 471 1722 512 videbitur
1770 471 1928 522 fuisse3
1984 486 2035 512 ex

280 544 406 583 altera
438 547 551 596 parte
582 538 841 579 imbecillitas
861 567 870 583 ,
905 534 1068 589 inopia,
1103 533 1296 582 stultitia,
1330 535 1631 589 imprudentia,
1675 535 1931 589 inapparatio
1964 537 2036 575 de-

251 604 574 645 ⁵monstrabitur
606 601 761 647 suisse3
808 611 936 653 quare
968 598 1072 636 scire
1105 598 1308 650 potuerit,
1361 603 1499 637 utrum
1531 596 1802 638 diffidendum
1843 611 1895 637 an
1936 611 2036 637 con-

281 666 487 707 fidendum
520 664 656 705 suerit.
719 664 820 713 Spes
854 660 1015 699 celandi
1048 672 1152 713 quae
1184 657 1341 707 suerit,
1389 660 1601 714 quaeritur
1634 675 1685 700 ex
1716 660 1917 708 consciis,
1971 672 2036 700 ar-

280 729 395 769 bitris
416 761 425 776 ,
459 724 739 771 adiutoribus,
774 723 916 763 liberis
948 726 1018 761 aut
1049 722 1177 761 servis
1209 726 1278 760 aut
1307 723 1507 777 utrisque.
1567 724 1617 763 V.
1654 725 1693 763 8.
1738 726 2034 777 Argumentum

280 796 364 838 cst,
418 804 492 842 pcr
532 789 641 843 quod
689 800 782 826 reus
824 785 1062 837 coarguitur
1100 782 1348 824 certioribus
1394 787 1648 838 argumentis
1682 791 1722 825 ct
1754 786 1885 839 magis
1916 783 2035 825 firma

280 854 529 906 suspicione.
592 851 636 889 ld
669 848 865 888 dividitur
896 848 935 886 in
970 852 1157 898 tempora
1188 846 1294 885 tr'ia:
1339 847 1607 898 praeteritum
1627 878 1637 894 ‚
1672 848 1853 896 instans,
1889 861 2035 888 conse-

229 927 421 970 10qucns.
483 915 527 952 ln
560 912 782 965 praeterito
818 915 1003 961 tempore
1037 913 1202 960 oportet
1234 909 1524 957 considerare,
1557 911 1630 949 ubi
1651 911 1796 959 suerit;
1832 912 1901 951 uhi
1923 911 2034 951 visus

278 979 356 1024 sit,
391 976 555 1031 quicum
586 975 697 1015 visus
731 974 808 1021 sit;
842 985 939 1011 num
973 971 1070 1025 quid
1103 970 1338 1022 appararit,
1372 985 1469 1011 num
1492 985 1613 1026 quem
1638 973 1902 1020 convenerit,
1935 985 2035 1012 num

277 1041 373 1093 quid
407 1036 579 1084 dixerit,
613 1050 709 1076 num
743 1049 864 1090 quem
898 1034 1092 1073 habuerit
1123 1035 1174 1073 (le
1207 1033 1412 1080 consciis,
1458 1034 1508 1072 de
1540 1034 1801 1075 adiutoribus
1824 1065 1834 1082 ,
1879 1036 1930 1074 de
1962 1035 2034 1074 ad-

276 1101 497 1149 iumentis;
550 1112 647 1139 num
687 1097 783 1151 quid
826 1098 867 1136 in
910 1098 1003 1136 1000
1045 1101 1212 1148 praeter
1243 1094 1587 1136 consuetudinem
1620 1096 1766 1136 fecerit
1797 1101 1867 1136 aut
1896 1095 2032 1137 alieno

278 1169 478 1216 tempore.
542 1163 587 1201 In
619 1160 782 1200 instanti
815 1165 1003 1211 tempore
1036 1164 1284 1213 quaeretur,
1319 1172 1417 1198 num
1448 1158 1560 1197 visus
1594 1158 1670 1205 sit,
1705 1171 1796 1198 cum
1828 1157 2031 1208 faciebat3

226 1236 260 1260 1⁵
276 1240 372 1266 num
406 1225 476 1280 qui
509 1223 701 1277 strepitus
721 1255 730 1271 ,
777 1223 933 1262 clamor
954 1252 963 1269 ‚
1013 1219 1192 1273 crepitus
1224 1221 1440 1260 exauditus
1473 1220 1549 1267 sit,
1600 1225 1670 1259 aut
1711 1221 1889 1276 denique
1935 1235 2034 1262 num

276 1290 374 1344 quid
420 1288 557 1343 aliquo
603 1301 725 1326 sensu
766 1289 1010 1337 perceptum
1057 1284 1136 1331 sit,
1186 1288 1385 1336 aspectu,
1435 1282 1606 1330 auditu,
1657 1288 1794 1330 tactu,
1841 1285 2031 1332 odoratu,

276 1356 464 1404 gustatu;
499 1363 592 1389 nam
624 1349 755 1404 quivis
788 1349 935 1387 horum
969 1360 1114 1386 sensus
1146 1351 1283 1398 potest
1306 1347 1487 1385 conflare
1509 1345 1806 1397 suspicionem.
1868 1346 1914 1385 In
1937 1360 2035 1387 con-

275 1413 462 1469 sequenti
494 1417 680 1464 tempore
713 1410 992 1463 spectabitur,
1027 1422 1125 1448 num
1157 1408 1255 1463 quid
1287 1423 1331 1448 re
1364 1413 1569 1448 transacta
1591 1407 1783 1448 relictum
1807 1407 1885 1457 sit,
1920 1410 2032 1464 quod

275 1475 429 1515 indicet
460 1478 529 1514 aut
558 1474 710 1512 factum
744 1486 833 1512 esse
867 1469 1114 1511 maleficium
1146 1476 1215 1510 aut
1246 1485 1270 1510 a
1302 1484 1383 1525 quo
1417 1471 1469 1510 sit
1499 1471 1667 1510 factum.
1721 1471 1889 1511 Factum
1923 1485 2031 1519 esse,

225 1547 261 1572 2⁰
274 1539 354 1578 hoc
386 1538 538 1577 modo:
594 1536 627 1575 si
658 1540 820 1575 tumore
854 1539 894 1573 et
924 1534 1056 1574 livore
1089 1535 1375 1573 decoloratum
1408 1538 1470 1573 est
1502 1547 1654 1585 corpus
1685 1532 1860 1581 mortui,
1906 1534 2034 1587 signi-

273 1599 367 1640 ficat
397 1611 490 1639 eum
520 1611 680 1639 veneno
714 1602 919 1637 necatum.
995 1597 1029 1636 A
1071 1610 1152 1650 quo
1186 1597 1338 1636 sactum
1372 1596 1452 1643 sit,
1502 1596 1582 1634 hoc
1614 1596 1766 1635 modo:
1820 1596 1854 1635 si
1886 1596 2030 1644 telum,

274 1663 306 1702 si
338 1661 625 1701 vestimentum
645 1690 654 1707 ,
705 1659 737 1699 si
776 1659 873 1713 quid
918 1658 1122 1698 eiusmodi
1154 1658 1343 1698 relictum
1375 1662 1446 1697 aut
1477 1658 1695 1710 vestigium
1729 1662 1790 1697 1·οϊ
1820 1663 2032 1710 repertum

272 1724 419 1770 fuerit,
473 1721 505 1761 si
539 1735 661 1761 cruor
691 1720 731 1761 in
762 1721 1019 1761 vestimentis
1039 1752 1049 1768 ,
1103 1721 1136 1760 si
1177 1721 1220 1760 in
1252 1734 1301 1761 eo
1335 1721 1428 1760 loco
1462 1721 1789 1772 comprehensus
1821 1725 1891 1760 aut
1920 1721 2032 1761 visus

272 1789 476 1824 transacto
509 1784 705 1836 negotio,
741 1796 821 1837 quo
855 1784 896 1822 iu
930 1783 1022 1823 1000
1056 1797 1122 1823 res
1156 1788 1269 1836 gesta
1300 1782 1463 1823 dicitur.
1527 1781 1775 1823 Consecutio
1809 1788 1894 1831 est,
1938 1797 2032 1824 cum

223 1858 258 1884 25
274 1849 507 1901 quaeritur,
543 1859 648 1900 quae
681 1846 795 1899 signa
827 1846 1017 1885 nocentis
1049 1852 1089 1886 et
1119 1845 1353 1885 innocentis
1385 1845 1585 1900 consequi
1617 1846 1792 1885 soleant.
1854 1847 2032 1886 Accusa-

272 1916 338 1949 tor
369 1908 505 1956 dicet,
539 1907 572 1948 si
603 1907 782 1960 poterit,
817 1908 1097 1948 adversarium
1117 1939 1128 1956 ,
1163 1922 1256 1948 cum
1289 1909 1340 1948 ad
1373 1921 1466 1948 eum
1488 1913 1655 1948 ventum
1684 1907 1760 1955 sit,
1795 1909 2027 1956 erubuisse,

273 1972 519 2024 expalluisse
539 2002 549 2018 ‚
583 1970 805 2018 titubasse,
841 1972 1124 2010 inconstanter
1146 1971 1329 2010 locutum
1353 1985 1441 2010 esse
1461 2001 1471 2018 ,
1507 1970 1763 2017 concidisse,
1797 1971 2030 2022 pollicitum

274 2048 363 2074 esse
396 2034 580 2088 aliquid3
616 2048 720 2088 quae
753 2034 868 2087 signa
900 2034 1177 2073 conscientiae
1209 2037 1316 2072 sunt.
1381 2034 1422 2072 Si
1453 2047 1548 2073 reus
1570 2034 1719 2073 horum
1741 2032 1844 2072 nihil
1865 2034 2026 2083 fecerit,

273 2102 485 2136 accusator
525 2095 633 2135 dicet
682 2110 774 2137 eum
808 2110 937 2150 usque
970 2097 1074 2136 adeo
1107 2094 1450 2148 praemeditatum
1482 2096 1629 2142 fuisse,
1680 2096 1778 2151 quid
1810 2096 1888 2137 sihi
1920 2102 2030 2138 esset

224 2170 351 2199 sousu
382 2164 630 2207 venturum,
682 2165 727 2199 ut
773 2157 1124 2199 confidentissime
1169 2158 1367 2198 resistens
1410 2160 1712 2211 responderet3
1766 2173 1871 2214 quae
1912 2161 2029 2214 signa

273 2220 544 2262 confidentiae
564 2252 575 2269 ,
609 2236 693 2262 non
724 2221 987 2262 innocentiae
1020 2226 1129 2261 sunt.
1190 2222 1416 2269 Defensor,
1467 2220 1501 2261 si
1531 2221 1822 2274 pertimuerit,
1870 2224 2028 2276 magni-

272 2283 414 2324 tudine
455 2284 652 2337 periculi,
706 2299 791 2325 non
839 2284 1093 2325 conscientia
1129 2283 1297 2337 peccati
1348 2288 1601 2324 commotum
1653 2298 1742 2324 esse
1789 2285 1911 2325 dicet.
1983 2287 2027 2327 Si

271 2360 357 2387 non
399 2347 683 2400 pertimuerit,
735 2348 886 2388 fretum
927 2347 1166 2388 innocentia
1196 2345 1365 2400 negabit
1396 2361 1486 2387 esse
1518 2353 1788 2388 commotum.
1863 2349 1934 2389 VI.
1982 2350 2022 2390 9.

271 2411 529 2463 Approbatio
562 2415 651 2457 est,
699 2423 778 2465 qua
808 2411 962 2451 utimur
992 2412 1043 2451 ad
1076 2414 1332 2457 extremum,
1379 2407 1620 2449 confirmata
1651 2409 1904 2463 suspicione.
1964 2412 2026 2452 Ea

222 2481 258 2508 3⁵
272 2473 399 2512 habet
428 2474 543 2512 locos
574 2474 767 2525 proprios
798 2478 919 2527 atque
951 2486 1207 2513 communes.
1267 2471 1430 2524 Proprii
1461 2477 1578 2520 sunt,
1614 2473 1764 2527 quibus
1795 2472 1874 2514 nisi
1904 2486 2025 2513 aecu-

272 2540 384 2575 sator
415 2540 455 2575 et
485 2534 633 2590 quibus
663 2535 741 2575 nisi
772 2536 966 2575 defensor
1007 2549 1132 2577 nemo
1177 2539 1315 2589 potest
1356 2535 1431 2575 uti.
1494 2535 1743 2576 Communes
1784 2540 1904 2584 sunt,
1952 2536 2023 2589 qui

272 2598 352 2637 alia
390 2597 432 2637 in
478 2611 599 2637 causa
645 2596 695 2638 ab
732 2612 834 2646 reo,
884 2599 964 2639 alia
1009 2600 1059 2639 ab
1104 2603 1344 2639 accusatore
1390 2602 1631 2638 tractantur.
1692 2599 1739 2638 In
1770 2611 1893 2638 causa
1924 2612 2023 2639 con-

270 2660 460 2701 iecturali
504 2662 696 2714 proprius
739 2663 855 2702 locus
901 2662 1150 2702 accusatoris
1183 2666 1273 2709 est,
1327 2674 1420 2701 cum
1461 2660 1558 2702 dicit
1598 2661 1801 2701 malorum
1833 2660 2022 2702 misereri

271 2735 356 2763 non
401 2728 618 2776 oportere,
668 2729 709 2764 et
739 2738 831 2765 cum
862 2730 986 2778 auget
1015 2724 1172 2778 peccati
1203 2724 1476 2764 atrocitatem.
1551 2724 1794 2764 Desensoris
1824 2724 2020 2776 proprius

365 2868 397 2899 1.
424 2869 506 2901 haec
523 2877 594 2909 qua
611 2869 714 2908 PAF,
743 2871 824 2902 haec
849 2880 936 2911 quae
954 2871 994 2907 T,
1022 2871 1105 2902 haec
1129 2869 1232 2910 suerit
1250 2878 1338 2910 quae
1356 2870 1400 2907 R,
1427 2878 1532 2909 ecqua
1551 2868 1710 2909 Spengel,
1738 2871 1927 2909 ingeniose,
1957 2867 2018 2902 sed

274 2911 333 2944 cfr.
349 2923 381 2946 v.
398 2915 431 2947 6.
452 2932 490 2937 -
510 2917 542 2948 2.
565 2923 769 2948 concurrent
787 2918 887 2949 PBR.
910 2934 946 2941 --·
975 2919 1008 2950 5.
1029 2916 1088 2958 an]
1117 2927 1158 2948 ac
1179 2918 1328 2948 Ernestii
1349 2925 1488 2957 operae.
1511 2932 1550 2939 ·—
1578 2916 1611 2947 8.
1630 2925 1706 2946 reus
1732 2917 1911 2949 Erneslius
1929 2926 1938 2948 ε
1965 2925 2019 2948 res

272 2959 433 2993 PFRTE.
460 2963 524 3001 (De
548 2964 606 2994 AB
635 2973 702 2996 non
729 2964 865 3005 liquet.)
896 2982 930 2986 —
960 2966 1016 2997 11.
1044 2966 1183 3004 quicum
1208 2964 1287 3003 RT,
1314 2964 1369 2994 L:
1397 2972 1542 3004 quocum
1566 2962 1725 2994 PABFE.
1749 2979 1786 2986 —-
1816 2962 1872 2995 13.
1898 2963 2017 3003 fecerit

272 3006 356 3038 PFT
384 3013 417 3038 et
447 3017 495 3047 pr.
517 3010 570 3040 R:
606 3010 712 3049 fuerit
737 3012 857 3043 corr.R
885 3016 917 3043 et
946 3013 985 3042 E.
1014 3012 1122 3048 (Idem
1150 3012 1277 3043 habere
1303 3010 1466 3043 videntur
1489 3009 1579 3050 AB.)
1605 3026 1648 3030 —
1675 3011 1730 3041 14.
1757 3014 1944 3051 quaeretur
1968 3010 2013 3040 1¹:

274 3055 456 3092 quaeritur
480 3056 671 3088 ABFR'lE.
701 3075 740 3080 —
785 3059 840 3089 17.
867 3057 995 3099 sensus]
1022 3058 1073 3089 Ita
1094 3060 1133 3089 R.
1152 3082 1160 3096 ,
1202 3058 1261 3090 sed
1289 3057 1408 3088 eadem
1436 3064 1540 3087 manu
1567 3065 1739 3088 sensuum.
1774 3058 1823 3093 (ut
1845 3057 2014 3089 Lambino

274 3105 412 3132 auctore
440 3101 534 3132 dedit
559 3103 657 3141 Sch.)
685 3120 724 3127 -—
753 3105 807 3137 19.
833 3106 963 3145 sactum
988 3106 1032 3136 sit
1057 3105 1141 3136 PBF
1160 3127 1169 3139 ,
1197 3105 1237 3136 L.
1267 3121 1304 3126 —
1343 3104 1400 3134 22.
1428 3103 1587 3133 relictum
1611 3104 1655 3134 sit
1682 3104 1814 3135 AFRT.
1880 3104 1924 3135 Et
1949 3104 2015 3134 hoc

273 3149 506 3178 necessarium
526 3171 534 3185 ,
561 3153 587 3181 si
615 3155 879 3189 expunxerimus
905 3162 934 3184 v.
962 3153 1080 3193 fuerit.
1110 3167 1149 3174 —
1191 3153 1242 3183 ret
1265 3154 1440 3189 repertum
1465 3149 1580 3180 BRT:
1606 3154 1779 3189 repertum
1803 3149 1911 3188 AFE,
1937 3158 2012 3190 rep.

272 3192 312 3222 P.
339 3192 391 3223 Ab
419 3197 494 3225 ead.
523 3204 567 3226 m.
595 3205 765 3235 superscr.
803 3200 962 3237 peritur,
1002 3202 1039 3229 ut
1076 3200 1119 3229 sit
1150 3197 1361 3237 repperitur.
1412 3196 1486 3227 Hoc
1519 3195 1718 3237 (reperitur)
1743 3197 1882 3230 exhibet
1908 3199 2012 3228 etiam

272 3238 317 3270 R.
339 3255 378 3261 —-
405 3239 460 3270 23.
481 3240 583 3280 fuerit
607 3251 674 3274 om.
702 3245 859 3276 PAFRT.
913 3245 1024 3276 Credo
1044 3245 1174 3276 fuisse:
1201 3244 1357 3275 relictum
1374 3244 1416 3273 sit
1436 3247 1527 3274 aut-
1543 3259 1557 3265 —
1573 3247 1756 3283 repertum.
1779 3261 1815 3267 —
1845 3244 1900 3275 30.
1926 3243 2012 3274 resi-

273 3289 375 3318 steret
398 3285 447 3324 P,
472 3289 640 3320 resisteret
664 3293 695 3320 et
719 3291 819 3323 ΑΕΒ.
869 3292 955 3323 Vide
983 3300 1024 3323 ne
1050 3291 1268 3331 responderet
1293 3292 1336 3322 sit
1361 3289 1527 3329 glossema
1555 3290 1596 3321 ad
1621 3292 1802 3325 resisteret.
1830 3289 1951 3322 BAIT.
1971 3303 2007 3313 -

272 3331 329 3364 32.
357 3338 562 3366 commotum
589 3335 645 3367 FR
671 3340 704 3369 et
729 3345 805 3370 cum
833 3339 907 3372 aliis
935 3338 1019 3372 Cod.
1048 3338 1154 3371 Sch.:
1181 3345 1215 3372 se
1239 3341 1443 3370 commotum
1466 3336 1630 3370 PABTE·
