2117 3762
295 267 349 310 26
962 267 1030 307 AD
1062 265 1369 308 IIERENNIUM

295 390 386 417 cum
419 374 558 416 omnia
588 375 804 428 collegisse
834 373 1071 420 videamur,
1114 373 1292 427 aliquam
1323 374 1517 413 idoneam
1546 376 1707 427 partem
1738 372 2043 427 reliquerimus.

295 439 363 481 34.
396 440 499 479 Item
531 438 680 478 vitiosa
711 436 914 489 expositio
947 439 1029 481 est,
1078 447 1183 488 quae
1215 441 1373 475 constat
1403 450 1454 476 ex
1484 437 1585 476 salsa
1616 436 1952 486 enumeratione3
2002 441 2048 476 ut

295 503 355 550 si,
390 516 482 542 cum
511 501 630 554 plura
661 504 775 546 sunt,
807 497 1003 550 pauciora
1034 497 1241 544 dicamus,
1287 498 1368 538 hoc
1398 500 1546 539 modo:
1598 500 1713 538 Duae
1743 512 1809 538 res
1841 503 1954 545 sunt,
1985 499 2049 538 iu-

296 565 428 611 dices,
485 577 590 616 quae
633 562 824 601 homines
867 560 918 599 ad
966 557 1217 598 maleficium
1264 560 1506 614 impellunt,
1556 561 1742 601 luxuries
1780 564 1820 599 et
1859 560 2044 600 avaritia.

264 627 404 676 sQuid
435 628 579 666 amor?
625 624 783 678 inquiet
812 621 1038 676 quispiam;
1069 621 1168 675 quid
1198 622 1396 662 ambitio?
1438 624 1537 677 quid
1566 623 1743 676 religio?
1786 622 1884 677 quid
1916 626 2049 661 metus

294 689 468 730 mortis?
500 688 597 742 quid
627 686 789 740 imperii
821 685 1049 738 cupiditas?
1088 683 1186 737 quid
1217 684 1395 738 denique
1425 686 1504 725 alia
1534 686 1766 739 permulta?
1814 686 1917 724 Item
1947 684 2051 724 falsa

295 750 551 792 enumeratio
586 754 668 797 est,
712 763 804 789 cum
835 748 1033 802 pauciora
1063 752 1157 787 sunt
1193 751 1234 786 et
1261 747 1380 800 plura
1410 747 1603 795 dicimus,
1643 749 1724 788 hoc
1753 747 1904 786 modo:
1948 747 2050 786 Tres

293 827 360 854 res
391 818 503 860 sunt,
547 825 651 866 quae
681 812 873 851 homines
904 810 1150 856 sollicitant,
1192 814 1350 855 metus,
1393 810 1615 863 cupiditas,
1648 810 1881 862 aegritudo,
1943 808 2050 847 Satis

296 877 405 917 enim
438 876 572 915 suerat
602 874 754 914 dixisse
785 877 941 913 metum
972 876 1012 911 et
1043 871 1334 925 cupiditatem3
1388 872 1583 923 quoniam
1624 872 1925 925 aegritudinem
1957 884 2049 910 cum

246 945 467 994 neutraque
507 952 551 978 re
593 937 853 975 coniunctam
896 948 986 974 esse
1021 947 1192 974 necesse
1224 937 1299 972 est.
1359 932 1493 972 XXII.
1528 934 1630 973 Item
1662 934 1811 974 vitiosa
1844 932 2048 987 expositio

296 1008 378 1049 est,
421 1014 525 1055 quae
555 1000 729 1040 nimium
759 1000 884 1050 longe
916 997 1139 1055 repetitur,
1179 996 1260 1035 hoc
1292 995 1439 1034 modo:
1490 995 1683 1036 Omnium
1714 997 1919 1036 malorum
1951 996 2052 1036 stul-

294 1064 380 1104 titia
411 1067 473 1102 est
503 1066 654 1109 mater,
689 1074 793 1116 quae
824 1073 923 1114 prae
955 1059 1103 1099 ceteris
1125 1058 1232 1112 parit
1252 1057 1475 1097 immensas
1497 1059 1756 1112 cupiditates,
1817 1060 2050 1099 Immensae

293 1139 418 1180 porro
464 1124 707 1178 cupiditates
744 1121 927 1162 infinitae
968 1119 1036 1174 [et]
1078 1121 1377 1160 immoderatae
1421 1124 1529 1159 sunt.
1592 1121 1681 1161 Hae
1720 1121 1885 1174 pariunt
1921 1120 2052 1161 avari-

293 1188 406 1227 tiam.
467 1186 649 1227 Avaritia
685 1197 810 1238 porro
850 1184 1066 1223 hominem
1106 1184 1156 1222 ad
1196 1183 1371 1236 quodvis
1412 1180 1660 1222 maleficium
1690 1183 1879 1237 impellit.
1938 1184 2049 1235 Ergo

244 1260 278 1286 ‘15
293 1248 462 1289 avaritia
492 1248 649 1287 inducti
679 1246 903 1286 adversarii
933 1245 1065 1285 nostri
1095 1246 1176 1284 hoc
1212 1245 1255 1284 in
1285 1259 1328 1285 se
1359 1245 1517 1284 facinus
1547 1245 1817 1285 admiserunt.
1878 1246 1957 1285 Hic
1985 1245 2049 1292 id,

293 1313 405 1366 qnod
436 1315 665 1351 extremum
697 1309 851 1349 dictum
883 1313 966 1356 est,
1014 1309 1111 1348 satis
1140 1306 1219 1347 suit
1248 1320 1479 1361 exponere,
1525 1322 1577 1348 ne
1606 1308 1788 1348 Ennium
1820 1312 1861 1349 et
1890 1313 2052 1349 ceteros

293 1379 436 1429 po'etas
467 1373 700 1420 imitemur,
734 1372 884 1426 quibus
914 1372 996 1411 hoc
1027 1371 1153 1411 modo
1184 1370 1299 1425 loqui
1331 1384 1575 1411 concessum
1607 1376 1691 1411 est:

520 1455 677 1495 Utinam
705 1467 752 1493 ne
782 1454 825 1492 in
853 1465 1009 1492 nemore
1037 1452 1146 1492 Pelio
1175 1452 1375 1491 securibus

516 1519 636 1558 Caesa
665 1517 862 1556 cecidisset
891 1516 1056 1567 abieqna
1085 1516 1135 1555 acl
1164 1520 1314 1555 terram
1343 1515 1491 1561 trabes;

243 1597 278 1621 20
515 1582 614 1622 Nece
643 1580 731 1620 inde
760 1581 875 1619 navis
905 1579 1147 1618 inchoandae
1176 1578 1386 1617 exordium

517 1645 730 1696 Coepisset,
764 1655 861 1695 quae
890 1655 993 1681 nunc
1021 1642 1254 1681 nominatur
1281 1641 1437 1680 nomine

515 1707 645 1759 Arqo,
676 1719 754 1758 qua
782 1705 880 1744 recti
909 1704 1051 1757 Arqici
1080 1704 1213 1743 delecti
1242 1703 1322 1742 riri

516 1769 697 1809 Petebant
726 1769 837 1808 illam
860 1768 1000 1820 pellem
1030 1767 1261 1806 inauratam
1291 1765 1430 1805 arietis

519 1832 690 1878 Colchis,
721 1831 890 1883 imperio
920 1830 1027 1882 reqis
1054 1830 1204 1876 Peliae,
1232 1841 1306 1881 per
1334 1829 1486 1874 dolam,-

244 1910 278 1935 25
518 1896 621 1936 Nam
649 1907 851 1947 nunquam
881 1894 976 1933 hera
1006 1905 1146 1933 errans
1175 1905 1261 1932 mea
1290 1891 1403 1930 domo
1434 1891 1587 1943 efferret
1607 1891 1767 1944 pedem,

516 1958 671 2005 Medea,
703 1959 837 1998 animo
867 1969 1006 2010 aeym,
1038 1969 1173 1996 amore
1202 1968 1315 1995 saeco
1346 1954 1498 1993 saucia.

293 2053 395 2092 Nam
424 2051 493 2092 hic
524 2052 618 2092 satis
650 2056 738 2092 erat
768 2051 930 2098 dicere,
965 2051 999 2090 si
1028 2050 1070 2090 id
1092 2050 1244 2097 modo,
1278 2049 1391 2104 quod
1412 2052 1521 2089 esset
1541 2049 1663 2097 satis,
1697 2052 1881 2089 curasset
1900 2051 2046 2103 poeta:

522 2134 678 2173 Utinam
707 2146 753 2173 ne
781 2133 878 2173 hera
908 2144 1050 2172 errans
1078 2144 1164 2171 mea
1192 2131 1305 2170 domo
1336 2130 1486 2183 efferret
1509 2130 1667 2183 pedem,

516 2196 649 2236 Medea
677 2218 746 2235 —.

247 2292 404 2344 30Erg0
444 2290 523 2330 hac
567 2303 731 2344 quoque
775 2289 827 2329 ab
865 2288 1011 2328 ultimo
1051 2287 1299 2341 repetitione
1340 2286 1383 2325 in
1432 2284 1761 2342 expositionibus
1799 2299 2054 2341 magnopere

295 2352 646 2406 supersedendum
679 2356 753 2391 est.
814 2353 908 2391 Non
949 2350 1059 2390 enim
1098 2349 1452 2404 reprehensione,
1504 2350 1609 2389 sicut
1647 2350 1752 2390 aliae
1791 2350 2051 2404 complures,

295 2417 368 2456 sed
398 2429 470 2456 sua
501 2420 645 2469 sponte
676 2415 824 2454 vitiosa
856 2418 931 2453 est.
992 2413 1147 2453 XXIII.
1183 2414 1251 2452 35.
1283 2412 1443 2452 Vitiosa
1472 2413 1577 2452 ratio
1609 2418 1695 2460 est,
1728 2426 1834 2467 quae
1855 2413 1906 2452 ad
1926 2425 2055 2466 expo-

295 2479 486 2518 sitionem
518 2492 601 2518 non
634 2482 693 2517 est
723 2477 1034 2517 accommodata
1063 2476 1130 2516 vel
1158 2480 1328 2529 propter
1357 2473 1636 2516 infirmitatem
1664 2476 1731 2516 vel
1750 2479 1920 2529 propter
1940 2475 2055 2516 vani-

294 2546 436 2581 tatem.
497 2538 662 2580 Infirma
692 2540 795 2580 ratio
828 2545 911 2586 est,
945 2552 1049 2593 quae
1078 2551 1163 2578 non
1193 2537 1428 2578 necessario
1461 2539 1641 2578 ostendit
1670 2539 1726 2578 ita
1755 2551 1870 2585 esse,
1911 2550 2056 2591 quem-

249 2615 282 2642 35
302 2603 525 2643 admodum
560 2604 794 2657 expositum
826 2607 906 2651 est;
937 2602 1049 2642 velut
1079 2602 1187 2655 apud
1217 2601 1428 2640 Plautum:

388 2747 421 2778 3.
449 2748 519 2778 sint
544 2746 626 2785 AT,
655 2747 693 2777 L.
724 2764 762 2768 —
790 2747 823 2778 4.
852 2748 1004 2778 homines
1030 2747 1076 2783 B,
1102 2746 1152 2781 L,
1184 2744 1286 2776 Sch.:
1327 2754 1442 2777 omnes
1467 2745 1637 2782 PAFRT,
1665 2745 1707 2776 E.
1735 2761 1774 2766 —
1801 2744 1982 2785 impellant
2007 2746 2053 2785 P,

299 2794 505 2833 compellunt
530 2794 599 2824 FT.
621 2809 659 2815 -—
688 2794 721 2824 5.
748 2795 861 2833 inquit
885 2794 950 2824 PF.
979 2810 1019 2816 —
1045 2794 1170 2832 reliyio
1189 2792 1280 2822 ABR
1306 2797 1339 2824 et
1364 2801 1415 2832 pr.
1437 2793 1510 2824 PF:
1539 2792 1702 2833 inreliyio
1728 2792 1755 2822 T
1772 2816 1780 2829 ‚
1808 2800 1856 2823 rc.
1878 2800 1966 2823 corr.
1987 2792 2053 2826 PF,

300 2840 339 2870 E.
365 2856 398 2861 —
427 2840 459 2871 7.
490 2841 638 2872 dicemus
665 2840 706 2871 T.
733 2856 769 2863 —
795 2841 828 2871 8.
858 2841 1008 2871 homines
1035 2839 1174 2872 ABFT:
1203 2847 1317 2870 omnes
1342 2838 1494 2870 homines
1520 2839 1598 2875 PR,
1625 2839 1665 2869 E.
1695 2855 1732 2860 —
1771 2838 1827 2870 12.
1856 2847 1943 2878 quae
1966 2848 2055 2879 prae

300 2887 419 2917 ceteris
441 2888 540 2925 parit
565 2888 646 2924 AT,
674 2887 721 2917 L:
763 2896 847 2927 qaae
869 2888 969 2926 parit
997 2887 1037 2918 E.
1084 2887 1137 2926 (In
1173 2887 1296 2917 ceteris
1330 2887 1479 2922 nostris,
1521 2886 1583 2917 etsi
1619 2883 1779 2920 turbant,
1820 2887 1939 2917 insunt
1965 2888 2054 2918 clara

301 2938 436 2964 nostrae
465 2933 621 2965 lectionis
648 2935 816 2973 vestigia,
844 2934 947 2965 veluti
976 2941 1028 2972 pr.
1048 2934 1097 2964 T:
1136 2936 1247 2962 mater
1274 2937 1376 2971 atque
1400 2934 1609 2971 praeterisse
1632 2933 1751 2971 parit,
1779 2931 1827 2963 B:
1868 2937 1982 2964 mater
2007 2937 2055 2963 est

301 2983 404 3018 atque
428 2981 608 3018 materies,
637 2989 677 3011 ea
700 2982 819 3020 parit,
849 2978 930 3019 cet.)
954 2997 988 3001 —
1019 2979 1076 3011 13.
1107 2982 1137 3008 et
1162 2987 1229 3009 om.
1256 2977 1447 3009 PABFRT.
1474 2979 1543 3010 Nos
1562 2979 1778 3010 seclusimus.
1809 2995 1844 3001 —
1876 2979 1933 3010 14.
1960 2980 2053 3021 Erqo

300 3025 499 3057 PABFRT:
536 3028 647 3065 iqitur
673 3027 713 3058 E.
756 3044 792 3049 —
831 3027 886 3057 15.
915 3028 953 3058 in
977 3024 1023 3066 se]
1058 3028 1094 3056 in
1126 3033 1177 3054 me
1211 3025 1361 3056 malebat
1394 3026 1570 3057 Ruhnken
1602 3026 1643 3056 ad
1678 3025 1786 3056 Rutu.
1815 3034 1848 3065 p.
1868 3025 1926 3057 83.
1976 3026 2052 3058 Non

305 3073 427 3111 probo.
465 3088 505 3092 —
547 3073 601 3103 19.
631 3082 752 3104 caesae
792 3073 989 3104 cecidissent
1023 3073 1187 3112 abieynae
1210 3070 1400 3103 PABFRT.
1443 3071 1564 3108 (Caesa
1596 3073 1772 3103 accidisset
1801 3072 2052 3112 Oudendorpio

301 3123 441 3150 auctore
470 3116 564 3157 sch.)
600 3135 633 3140 —
682 3120 739 3151 26.
772 3121 871 3151 {lunc
895 3128 1032 3155 versum
1062 3124 1170 3149 totum
1197 3119 1360 3149 omittunt
1385 3118 1524 3156 PABT,
1568 3127 1684 3150 amore
1709 3127 1810 3150 saevo
1835 3120 1956 3150 saucia
1982 3129 2049 3152 om.

300 3165 343 3196 R.
371 3182 408 3188 -
439 3165 495 3195 27.
522 3167 606 3195 sacis
631 3170 712 3196 esset
737 3166 867 3197 PABT.
890 3182 929 3188 —
955 3167 1118 3197 curarent
1140 3167 1260 3203 poetae
1282 3164 1328 3202 P,
1360 3169 1497 3196 curaret
1512 3168 1616 3204 poeta
1634 3166 1708 3204 AF,
1736 3170 1916 3197 curassent
1930 3168 2054 3204 poetae

302 3212 342 3243 B.
385 3229 411 3234 -
440 3211 496 3242 29.
524 3212 639 3242 medea
664 3212 808 3244 homodo
833 3221 916 3244 reno
944 3212 1018 3254 (sic)
1044 3213 1166 3243 saucia
1192 3218 1244 3249 pr.
1270 3211 1314 3250 P,
1340 3212 1456 3243 medea
1483 3221 1588 3253 aeqro
1615 3221 1734 3244 amore
1757 3211 1883 3243 saucia
1906 3212 1994 3243 AFT
2020 3218 2054 3244 et

303 3267 391 3289 corr.
414 3257 458 3291 Ρ,
487 3257 606 3288 medea
633 3260 749 3289 animo
775 3268 855 3300 cyra
881 3269 999 3291 amore
1023 3258 1146 3290 saucia
1171 3257 1244 3288 BR.
1280 3274 1310 3279 —
1355 3258 1411 3289 30.
1438 3259 1501 3290 Vv.
1529 3259 1622 3299 Eryo
1641 3277 1654 3282 -
1670 3275 1684 3280 -
1708 3264 1828 3300 sponte
1853 3259 1980 3290 vitiosa
2005 3262 2054 3290 est

302 3305 370 3383 gel.
397 3304 477 3382 Sgh.
505 3320 548 3325 —
566 3303 652 3382 ΡὸἐΤ
676 3306 936 3344 reprehensione
967 3306 1027 3338 sed
1060 3306 1148 3337 sicut
1174 3304 1249 3344 PB,
1287 3305 1546 3345 reprehensione
1577 3306 1721 3348 indiyec.
1748 3305 1806 3336 sed
1830 3306 1916 3337 sicut
1940 3305 1982 3337 T.
2008 3322 2054 3327 —

327 3360 359 3382 ι...
384 3359 418 3383 se
469 3359 536 3384 om.
657 3372 666 3381 .
