2117 3762
219 249 300 291 296
925 244 993 285 DE
1023 243 1268 286 ORATORE

220 369 306 397 non
346 352 563 409 vagabitur
603 349 735 393 oratio
779 361 873 390 mea
911 348 1077 402 longius
1108 356 1230 407 atque
1262 352 1320 393 eis
1350 349 1436 392 fere
1467 349 1566 405 ipsis
1597 348 1817 392 definietur
1845 351 1968 399 viris,

221 419 292 474 qui
322 418 402 458 hoc
437 429 648 462 sermone,
700 425 824 466 quem
862 409 1020 452 referre
1059 413 1339 468 suscepimus,
1392 413 1664 456 continentur.
1725 414 1826 462 Quis
1858 415 1967 455 enim

220 493 306 522 non
345 480 435 520 iure
473 481 636 519 beatam
666 477 711 516 L.
737 474 873 515 Crassi
905 478 1084 515 mortem
1112 474 1244 524 illam,
1295 490 1399 532 quae
1432 481 1493 517 est
1524 489 1546 516 a
1576 475 1715 517 multis
1747 489 1869 531 saepe
1898 476 1971 518 dc-

220 541 341 590 fleta,
389 539 558 587 dixerit,
609 551 701 578 cum
731 539 881 583 horum
909 538 1096 592 ipsorum
1127 538 1203 586 sit,
1249 542 1319 593 qui
1356 545 1442 581 tum
1483 552 1575 579 011111
1611 537 1682 579 1110
1712 544 1971 593 postremum

194 604 309 645 ssere
339 602 530 644 collocuti
560 605 675 648 sunt,
710 604 904 640 eventum
936 601 1203 640 recordatus?
1234 602 1437 643 Tenemus
1462 601 1571 642 enim
1591 602 1794 642 memoria
1825 602 1874 650 Q.
1896 603 1971 643 Ca-

221 669 378 714 tulum,
411 664 546 705 virum
577 661 690 704 omni
718 661 839 703 laude
870 667 1173 715 praestantem,
1215 676 1308 703 cum
1339 664 1416 705 sibi
1445 678 1530 705 non
1561 664 1812 705 incolumem
1842 663 1972 705 sortu—

222 742 318 769 nam
352 727 424 767 sed
455 724 647 766 exsilium
679 729 719 766 et
748 723 888 779 fugam
918 724 1233 780 deprecaretur,
1266 738 1355 766 esse
1385 732 1594 775 coactum,
1624 732 1670 767 ut
1699 726 1781 767 vita
1811 741 1854 767 se
1884 727 1972 779 ipse

220 793 416 846 privaret.
481 789 546 828 10.
596 789 683 828 Iam
712 789 766 828 M.
787 788 954 828 Antonii
984 787 1027 828 in
1058 787 1117 828 eis
1147 788 1248 839 ipsis
1278 789 1458 837 Rostris,
1508 789 1550 831 in
1589 792 1741 845 quibus
1779 788 1847 830 ille
1884 802 1973 830 rem

220 853 427 907 publicam
473 850 801 893 constantissime
844 849 986 891 consul
1027 848 1270 891 defenderat
1299 863 1488 906 quaeque
1519 866 1665 893 censor
1694 850 1971 906 imperatoriis

172 928 208 952 10
222 912 426 955 manubiis
449 917 639 961 ornarat,
672 912 853 968 positum
885 918 1007 966 caput
1036 911 1137 953 illud
1158 912 1256 960 fuit,
1289 926 1313 953 a
1333 925 1416 966 quo
1438 919 1554 954 erant
1574 914 1798 955 multorum
1821 912 1974 954 civium

219 975 353 1031 capita
381 980 558 1016 servata.
618 977 762 1029 Neque
801 989 902 1017 vero
941 976 1063 1028 longe
1094 977 1144 1015 ab
1176 989 1225 1015 eo
1259 976 1303 1016 C.
1328 974 1420 1015 Iulii
1452 981 1573 1027 caput
1602 976 1772 1030 hospitis
1803 975 1967 1016 Etrusci

218 1039 374 1078 scelere
402 1037 616 1092 proditum
645 1050 738 1078 cum
769 1039 817 1078 L.
842 1037 934 1078 Iulii
962 1035 1102 1077 fratris
1133 1039 1266 1092 capite
1296 1037 1440 1082 iacuit,
1471 1043 1517 1077 ut
1546 1036 1637 1086 ille,
1670 1040 1741 1093 qui
1762 1037 1862 1078 baec
1891 1050 1975 1078 non

218 1100 342 1149 vidit,
375 1106 415 1142 et
443 1100 599 1143 vixisse
630 1112 723 1140 cum
753 1114 798 1140 re
829 1098 994 1153 publica
1026 1100 1178 1154 pariter
1208 1105 1249 1140 et
1277 1113 1370 1139 cum
1402 1098 1472 1139 illa
1493 1099 1613 1140 simul
1636 1102 1861 1142 exstinctus
1884 1114 1974 1141 esse

218 1163 423 1206 videatur.
484 1165 628 1218 Neque
659 1163 770 1204 enim
790 1163 1070 1217 propinquum
1092 1175 1231 1209 suum,
1264 1163 1432 1202 maximi
1453 1161 1578 1202 animi
1599 1164 1756 1211 virum,
1789 1165 1834 1204 P.
1860 1165 1977 1205 Cras-

169 1235 205 1262 15
220 1241 335 1275 511111,
385 1231 530 1279 suapte
568 1224 834 1267 intersectum
871 1238 996 1265 manu
1025 1238 1162 1279 neque
1193 1224 1379 1278 collegae
1411 1225 1500 1273 sui,
1548 1223 1753 1279 pontificis
1784 1223 1974 1270 maximi,

218 1288 416 1344 sanguine
447 1288 713 1330 simulacrum
740 1289 891 1329 Vestae
922 1300 1162 1342 respersum
1206 1286 1326 1342 [csse]
1366 1286 1493 1336 vidit3
1543 1288 1609 1328 cui
1640 1286 1845 1335 maerori,
1895 1300 1974 1342 qua

217 1356 355 1393 mente
397 1350 468 1392 ille
509 1350 553 1392 in
590 1351 765 1406 patriam
804 1348 904 1397 fuit,
951 1350 1075 1390 etiam
1115 1350 1158 1391 C.
1193 1350 1419 1398 Carbonis,
1471 1349 1744 1391 inimicissimi
1774 1350 1974 1397 hominis,

218 1416 367 1455 eodem
394 1414 467 1455 illo
497 1414 564 1454 die
594 1426 706 1453 mors
735 1410 893 1453 nefaria
921 1410 1081 1453 fuisset.
1145 1414 1211 1453 11.
1245 1415 1337 1453 Non
1367 1412 1469 1454 vidit
1499 1426 1646 1454 eorum
1668 1412 1871 1466 ipsorum,
1905 1411 1976 1466 qui

217 1482 303 1517 tum
344 1476 628 1519 adolescentes
671 1477 816 1517 Crasso
849 1488 892 1516 se
924 1476 1134 1524 dicarant,
1180 1475 1402 1516 horribiles
1434 1476 1692 1530 miserosque
1723 1488 1854 1519 casus,
1914 1477 1977 1515 Ex

169 1554 204 1580 20
219 1538 367 1595 quibus
398 1541 439 1582 C.
463 1540 603 1586 Cotta,
636 1551 760 1594 quem
789 1537 858 1579 ille
889 1539 1105 1578 florentem
1135 1537 1382 1592 reliquerat,
1414 1538 1555 1592 paucis
1589 1536 1735 1579 diebus
1755 1543 1849 1592 post
1868 1550 1979 1577 mor-

217 1608 300 1644 tem
331 1603 465 1644 Crassi
495 1600 689 1656 depulsus
719 1614 797 1654 per
825 1599 1024 1641 invidiam
1055 1599 1290 1649 tribunatu,
1340 1613 1424 1641 11011
1455 1599 1594 1641 multis
1625 1602 1676 1641 ab
1708 1614 1757 1641 eo
1789 1606 1976 1654 tempore

215 1664 425 1707 mensibus
456 1664 611 1706 eiectus
641 1668 703 1704 est
734 1678 756 1704 e
787 1663 968 1705 civitate.
1031 1663 1237 1718 Sulpicius
1258 1669 1421 1709 autem,
1454 1663 1525 1718 qui
1550 1664 1592 1703 in
1623 1662 1767 1704 eadem
1796 1662 1977 1704 invidiae

216 1730 382 1769 flamma
408 1727 574 1775 fuisset,
607 1728 855 1782 quibuscum
884 1727 1069 1781 privatus
1100 1725 1433 1767 coniunctissime
1458 1727 1640 1774 vixerat,
1670 1728 1747 1766 hos
1777 1725 1818 1766 in
1848 1724 1980 1766 tribu-

216 1796 314 1832 natu
345 1790 522 1844 spoliare
553 1790 728 1831 instituit
758 1789 872 1830 omni
903 1789 1127 1843 dignitate;
1177 1789 1243 1829 cui
1284 1788 1449 1843 quidem
1491 1788 1542 1829 ad
1573 1802 1774 1829 summam
1806 1787 1976 1842 gloriam

167 1868 203 1895 25
218 1853 479 1909 eloquentiae
520 1851 797 1894 efflorescenti
837 1851 951 1893 ferro
994 1858 1133 1908 erepta
1174 1851 1258 1892 vita
1297 1858 1358 1892 est
1388 1857 1426 1892 et
1456 1865 1590 1906 poena
1621 1852 1863 1892 temeritatis
1894 1863 1978 1891 non

217 1916 305 1958 sine
346 1929 497 1970 magno
539 1914 603 1956 rei
643 1913 833 1970 publicae
879 1915 988 1955 malo
1030 1914 1264 1956 constituta.
1329 1916 1394 1954 12.
1442 1916 1530 1968 Ego
1562 1927 1663 1955 vero
1695 1919 1754 1959 te,
1805 1915 1974 1960 Crasse,

218 1993 311 2020 cum
350 1978 459 2020 vitae
498 1976 617 2025 ssore,
668 1982 756 2017 tum
792 1977 938 2019 mortis
977 1978 1287 2032 opportunitate
1318 1977 1458 2016 divino
1491 1975 1664 2016 consilio
1698 1981 1738 2016 et
1769 1980 1904 2016 ortum
1936 1979 1977 2014 et

218 2040 464 2082 exstinctum
495 2054 584 2081 0550
615 2038 810 2081 arbitror.
871 2043 972 2081 Nam
1002 2041 1078 2081 tibi
1109 2045 1178 2080 aut
1209 2053 1285 2092 pro
1317 2041 1468 2079 virtute
1499 2038 1623 2079 animi
1665 2039 1977 2093 constantiaque

216 2110 288 2145 tua
317 2103 447 2145 civilis
476 2102 578 2145 ferri
609 2102 824 2145 subeunda
853 2101 931 2144 fuit
961 2104 1184 2144 crudelitas
1215 2107 1307 2150 aut,
1342 2103 1375 2142 si
1406 2116 1487 2157 qua
1517 2107 1556 2142 te
1587 2102 1754 2142 fortuna
1785 2104 1835 2142 ab
1868 2106 1979 2141 atro-

169 2181 204 2207 ³0
219 2165 340 2207 citate
381 2165 527 2207 mortis
563 2166 836 2214 vindicasset,
890 2167 1038 2206 eadem
1082 2179 1173 2206 esse
1214 2170 1253 2205 te
1292 2164 1483 2205 funerum
1513 2164 1671 2220 patriae
1703 2168 1978 2219 spectatorem

217 2230 442 2282 coegissem
493 2241 628 2283 neque
672 2229 806 2269 solum
843 2227 919 2268 tibi
959 2226 1247 2282 improborum
1288 2227 1520 2268 dominatus
1551 2226 1623 2268 sed
1654 2228 1776 2267 etiam
1806 2232 1977 2281 propter

216 2291 442 2332 admixtam
488 2291 640 2333 civium
685 2289 854 2330 caedem
901 2292 1109 2330 bonorum
1150 2289 1322 2330 victoria
1362 2290 1543 2332 maerori
1585 2291 1745 2331 fuisset.
1806 2291 1879 2333 Iv.
1913 2292 1977 2331 13.

216 2354 318 2395 Mihi
348 2351 537 2408 quidem,
587 2352 737 2402 Quinte
767 2354 920 2401 frater,
970 2358 1010 2394 et
1040 2366 1186 2393 eorum
1218 2367 1355 2397 casus,
1402 2355 1451 2393 de
1483 2354 1633 2408 quibus
1665 2358 1758 2393 ante
1791 2352 1898 2400 dixi,
1940 2357 1980 2393 et

219 2430 288 2463 ea,
339 2429 443 2471 quae
475 2420 638 2456 nosmet
667 2415 745 2471 ipsi
775 2418 828 2456 ob
860 2429 1045 2457 amorem
1076 2415 1118 2456 in
1148 2429 1237 2455 rem
1270 2413 1476 2470 publicam
1507 2414 1797 2456 incredibilem
1828 2420 1868 2455 et
1898 2414 1980 2455 sin-

169 2493 204 2520 35
219 2479 405 2533 gularem
433 2477 677 2533 pertulimus
707 2492 754 2518 ac
785 2477 1009 2526 sensimus,
1057 2477 1275 2532 cogitanti,
1322 2482 1524 2519 sententia
1554 2492 1677 2533 saepe
1707 2483 1774 2518 tua
1804 2491 1902 2518 vcra
1933 2490 1980 2517 ac

217 2541 381 2597 sapiens
418 2542 552 2583 videri
590 2541 719 2589 solet,
774 2542 843 2596 qui
882 2545 1052 2596 propter
1082 2546 1164 2588 tot,
1216 2547 1350 2582 tantos
1382 2547 1465 2583 tam
1496 2540 1827 2596 praecipitesque
1859 2554 1977 2580 casus

218 2604 540 2646 clarissimorum
578 2604 793 2645 hominum
831 2609 953 2658 atque
985 2604 1239 2657 optimorum
1269 2604 1455 2645 virorum
1486 2618 1552 2644 me
1584 2616 1749 2658 semper
1779 2604 1829 2642 ab
1863 2603 1977 2642 omni

219 2667 484 2709 contentione
516 2679 564 2708 ac
592 2665 854 2708 dimicatione
885 2668 1102 2708 revocasti.
1165 2669 1229 2707 14.
1266 2668 1345 2707 Sed
1377 2668 1572 2722 quoniam
1602 2667 1706 2706 haec
1735 2664 1816 2706 iam
1844 2678 1979 2720 neque

219 2730 262 2772 in
291 2731 453 2785 integro
481 2727 603 2771 nobis
634 2743 724 2770 esse
753 2735 926 2784 possunt
956 2734 997 2770 et
1027 2730 1176 2770 summi
1207 2729 1371 2770 labores
1399 2728 1531 2770 nostri
1552 2742 1700 2782 magna
1724 2728 1978 2783 compensati

315 2840 349 2869 1.
375 2839 445 2880 fere
469 2841 549 2869 ante
574 2837 663 2868 viris
688 2838 830 2875 ponitur
856 2839 890 2868 in
917 2838 958 2869 R.
995 2854 1031 2860 —
1073 2838 1107 2868 2.
1135 2838 1344 2875 suscepimus
1369 2837 1428 2868 AB
1454 2836 1609 2874 aliique:
1638 2836 1811 2875 coepimus
1836 2835 1909 2866 RE.
1937 2851 1978 2857 -

223 2884 256 2916 3.
288 2893 358 2924 qua
382 2885 423 2916 B.
450 2900 491 2906 -
517 2883 551 2915 4.
581 2893 656 2915 cum
680 2888 758 2915 ante
783 2883 844 2914 illo
865 2883 1024 2915 om.AB.
1046 2901 1078 2906 —
1107 2888 1280 2923 postremo
1308 2884 1348 2915 R.
1379 2900 1416 2905 -
1444 2883 1477 2913 5.
1508 2882 1548 2920 Q.
1571 2882 1731 2913 Catulum
1757 2892 1824 2914 om.
1844 2882 1916 2913 AB.
1939 2899 1975 2905 -

222 2932 257 2962 7.
285 2933 418 2963 exitum
443 2931 515 2962 ΑΒ.
546 2946 586 2953 -
626 2930 659 2961 8.
687 2930 737 2961 eis
763 2930 790 2961 B
816 2930 946 2971 aliique
964 2954 972 2967 ‚
1000 2931 1049 2962 R:
1089 2931 1141 2961 his
1166 2929 1206 2969 (A
1222 2930 1251 2964 ’2)
1279 2931 1321 2961 Ε.
1348 2945 1392 2950 -
1434 2930 1490 2960 10.
1519 2930 1644 2960 civium
1671 2938 1740 2960 om.
1768 2929 1852 2965 BT3
1882 2931 1978 2968 quasi

224 2986 304 3010 vero
331 2982 420 3010 esset
445 2977 544 3017 gloss.
572 2986 604 3009 v.
631 2977 834 3008 multorum.
868 2978 978 3008 Immo
1005 2982 1056 3008 est
1082 2987 1121 3009 ex
1148 2977 1266 3008 multis
1293 2982 1327 3008 et
1352 2977 1482 3006 vitiosis
1509 2976 1574 3006 illis
1602 2975 1846 3007 omissionibus
1867 2975 1976 3007 Codd.

224 3023 298 3060 AB,
328 3024 394 3055 Gu-
424 3024 480 3062 3.‚
510 3024 629 3063 quales
656 3024 708 3056 vel
734 3025 834 3054 initio
862 3024 938 3055 Lib.
966 3027 1058 3056 tertii
1083 3025 1259 3056 vidimus:
1288 3023 1444 3057 dicendi,
1470 3031 1564 3056 non,
1602 3023 1693 3061 ipse,
1720 3023 1854 3063 yloria,
1889 3031 1977 3057 cum,

229 3069 269 3107 Q.
299 3070 477 3109 Catulum,
512 3079 551 3103 ac
577 3079 654 3103 mox
678 3070 792 3107 videt,
818 3071 956 3102 vioecrat
982 3076 1048 3103 cet.
1080 3086 1116 3092 —
1157 3072 1213 3101 11.
1241 3078 1311 3100 non
1337 3069 1437 3109 lonye
1463 3069 1503 3100 R.
1535 3086 1572 3092 -
1617 3070 1672 3100 16.
1703 3077 1774 3099 esse
1800 3077 1868 3099 om.
1896 3070 1975 3105 Lag.

226 3117 308 3150 20..
336 3116 547 3153 Lambinus,
575 3117 617 3149 T.
667 3118 737 3150 Nos
764 3118 982 3150 seclusimus.
1010 3134 1053 3139 ——
1093 3117 1182 3148 vidit
1207 3124 1275 3146 om.
1305 3116 1343 3146 B.
1372 3132 1412 3138 —·
1451 3125 1519 3156 quo
1543 3124 1701 3147 maerore
1724 3115 1825 3146 ABR.
1854 3130 1896 3136 —-
1921 3115 1976 3145 18.

227 3162 345 3202 fuisset
369 3162 505 3201 nefaria
530 3165 571 3194 Α.
600 3180 634 3186 -
663 3166 721 3195 20.
751 3163 785 3194 C.
814 3173 883 3196 om.
910 3165 950 3196 B.
981 3181 1018 3187 —
1047 3164 1104 3195 23.
1130 3164 1278 3203 privatis
1303 3163 1344 3193 R.
1374 3179 1411 3185 -
1441 3165 1580 3193 vioeerat
1606 3171 1673 3193 om.
1704 3162 1743 3192 B.
1771 3178 1811 3184 —
1848 3158 1905 3192 25.
1933 3163 1980 3202 es-

227 3209 419 3251 florescerent·
444 3209 643 3242 Ernestius:
672 3211 866 3254 florescenti
891 3219 969 3243 cum
996 3211 1090 3242 libris
1117 3210 1235 3248 (etiam
1262 3207 1335 3247 AB)
1363 3210 1434 3240 RE.
1465 3225 1503 3231 —
1531 3209 1590 3240 27.
1617 3213 1781 3239 ornatum
1805 3207 1907 3238 ABR.
1941 3224 1975 3231 -

228 3255 286 3286 29.
313 3254 379 3294 suit
402 3255 579 3287 subeunda
603 3258 645 3289 R.
676 3276 713 3281 —
742 3258 798 3290 32.
825 3258 1010 3290 adm-istam
1036 3258 1075 3289 E.
1102 3272 1143 3278 -
1170 3256 1225 3287 35.
1255 3265 1296 3286 ac
1321 3257 1488 3286 sensimus
1513 3256 1655 3287 seclusit
1680 3255 1720 3286 Τ.
1750 3269 1789 3276 -
1815 3254 1871 3285 36.
1901 3258 1979 3284 tan-

229 3306 347 3383 {30qu6
366 3300 539 3379 Codd·Bal.
569 3320 606 3326 -
637 3308 709 3337 tam
730 3305 1000 3346 praecipitisque
1027 3303 1135 3337 Codd.
1165 3303 1234 3334 ab:
1262 3306 1398 3343 tamque
1419 3303 1626 3343 praecipites
1644 3301 1732 3333 ABE
1747 3322 1756 3339 ,
1782 3309 1850 3332 om.
1870 3300 1913 3332 R.
1935 3318 1977 3322 —

280 3371 288 3380 .
314 3357 352 3380 m
377 3356 445 3380 om.
506 3371 514 3382 .
