2117 3762
731 253 830 293 Lm.
864 253 894 294 Ι.
954 253 997 295 C.
1035 255 1098 294 12.
1136 256 1200 296 13.
1239 256 1302 297 15».
1830 260 1907 301 183

162 361 269 408 dixi,
318 360 451 401 oratio
492 358 626 412 gravis
666 364 705 400 et
736 364 876 399 ornata
907 365 946 399 ct
978 361 1187 402 bominum
1219 361 1407 404 sensibus
1437 375 1483 403 ac
1514 361 1719 403 mentibus
1749 376 1910 405 accom-

162 425 339 465 modata.
401 424 513 464 xltt.
552 423 619 462 55.
664 420 825 471 Quibus
856 422 906 461 de
938 420 1061 463 rebus
1093 424 1350 465 Aristotelem
1383 431 1423 466 et
1453 426 1778 479 Theophrastum
1811 427 1910 465 scri-

160 485 289 541 psisse
322 484 466 526 fateor.
526 485 605 524 Sed
636 484 753 529 vide,
787 496 837 523 ne
868 485 962 530 hoc,
996 485 1211 532 Scaevola,
1246 493 1374 528 totum
1405 487 1457 528 sit
1487 500 1509 528 a
1541 500 1621 528 me.
1683 489 1781 527 Nam
1813 500 1906 541 ego,

161 562 264 602 quae
295 554 388 588 sunt
418 545 569 588 oratori
590 559 682 586 cum
713 544 792 586 illis
814 546 1070 594 communia,
1103 561 1185 587 non
1209 556 1376 591 mutuor
1397 552 1448 590 ab
1471 548 1571 590 illis:
1605 548 1694 596 isti,
1719 562 1825 603 quae
1856 548 1907 590 de

160 609 223 652 his
244 613 369 652 rebus
394 611 621 662 disputant,
653 613 863 648 oratorum
886 623 974 649 esse
1004 609 1248 650 concedunt.
1312 613 1453 666 ltaque
1483 617 1642 652 ceteros
1664 611 1792 652 libros
1813 611 1939 652 artiss

159 687 257 715 suae
279 673 461 719 nomine,
487 674 559 712 lios
580 669 812 711 rhetoricos
833 677 870 710 et
894 670 1120 713 inscribunt
1141 679 1180 712 et
1201 673 1417 727 appellant.
1464 676 1530 715 56.
1558 672 1717 714 Etenim
1738 686 1830 714 cum
1853 673 1911 714 illi

158 735 201 777 in
232 735 405 776 dicendo
437 731 655 774 inciderint
685 731 763 772 loci
796 732 917 787 (quod
941 747 1139 788 persaepe
1162 736 1327 788 evenit),
1362 742 1405 777 ut
1426 735 1475 776 de
1498 735 1575 777 diis
1597 735 1910 782 immortalibus,

159 800 209 839 de
240 798 409 851 pietate,
441 794 491 836 de
513 793 757 842 concordia,
791 797 841 835 tle
862 796 1058 842 amicitia,
1091 798 1141 837 de
1163 798 1370 838 communi
1392 799 1541 839 civium
1561 831 1570 847 ,
1605 801 1654 839 de
1676 798 1907 847 hominum,

159 860 209 902 de
239 859 420 914 gentium
452 858 563 906 iure,
595 857 645 899 de
677 859 880 914 aequitate
900 892 910 907 ,
958 863 1008 901 de
1040 860 1330 915 temperantia,
1371 862 1421 901 de
1453 860 1733 914 magnitudine
1764 861 1905 909 animi,

159 922 209 964 de
240 921 351 962 omni
384 921 545 962 virtutis
577 935 726 975 genere
758 922 807 962 sit
839 921 1079 969 dicendum,
1113 923 1365 967 clamabunt,
1399 925 1550 971 credo,
1584 924 1721 965 omnia
1742 935 1958 977 gymna-ao

157 985 216 1027 sia
257 990 380 1038 atque
420 996 564 1024 omncs
596 983 943 1038 philosophorum
986 983 1149 1025 scholae
1192 998 1264 1025 sua
1304 998 1392 1025 esse
1424 984 1521 1026 hacc
1553 987 1688 1026 omnia
1720 985 1905 1040 propria,

156 1046 256 1088 nihil
287 1045 454 1086 omnino
487 1045 537 1087 ad
568 1054 775 1088 oratorem
807 1046 1032 1102 pertinere.
1094 1049 1159 1087 57.
1208 1045 1367 1095 Quibus
1399 1060 1502 1101 ego,
1534 1053 1578 1088 ut
1608 1050 1658 1089 de
1690 1048 1751 1089 his
1784 1050 1908 1089 rebus

156 1112 196 1151 in
227 1108 386 1162 angulis
416 1109 685 1150 consumendi
716 1111 787 1149 otii
819 1123 938 1150 causa
961 1108 1185 1155 disserant,
1218 1122 1309 1149 cum
1343 1122 1615 1158 concessero,
1649 1110 1750 1151 illud
1774 1117 1909 1151 tamen

156 1170 310 1212 oratori
333 1169 508 1212 tribuam
542 1178 580 1213 et
611 1170 738 1217 dabo,
771 1178 815 1212 ut
845 1173 1017 1219 eadem,
1052 1173 1103 1212 de
1134 1172 1284 1225 quibus
1315 1172 1373 1211 illi
1407 1172 1519 1213 tenui
1551 1175 1731 1227 quodam
1763 1186 1909 1213 exsan-

155 1234 306 1288 guique
337 1246 529 1274 sermone
563 1233 791 1288 disputant,
826 1234 890 1274 hic
911 1247 1002 1274 cum
1024 1234 1134 1274 omni
1158 1234 1356 1286 gravitate
1378 1240 1417 1275 et
1439 1236 1690 1276 iucunditate
1712 1235 1904 1289 explicet.
1921 1245 1957 1272 1⁵

154 1297 266 1338 llaec
296 1309 374 1349 ego
406 1310 498 1337 cum
529 1296 627 1351 ipsis
658 1296 914 1351 philosophis
945 1302 1030 1336 tum
1061 1295 1230 1336 Athenis
1263 1295 1532 1337 disserebam.
1597 1299 1776 1351 Cogebat
1799 1297 1909 1339 enim

154 1371 219 1399 me
249 1360 303 1399 M.
333 1358 548 1400 Marcellus
590 1358 655 1399 hic
693 1365 858 1406 noster,
913 1358 983 1413 qui
1023 1372 1130 1399 nunc
1167 1359 1311 1399 aedilis
1351 1358 1502 1399 curulis
1542 1365 1602 1401 est
1635 1366 1674 1400 et
1705 1360 1906 1414 profecto,

154 1420 232 1461 nisi
262 1419 383 1461 ludos
415 1435 521 1462 nunc
553 1420 733 1469 faceret,
780 1422 876 1461 huie
916 1427 1061 1462 nostro
1092 1421 1277 1462 sermoni
1314 1420 1557 1471 interesset;
1609 1435 1655 1463 ac
1694 1424 1775 1463 iam
1822 1429 1909 1464 tum

155 1488 243 1524 erat
272 1482 602 1524 adolescentulus
634 1484 695 1524 bis
725 1482 871 1524 studiis
903 1481 1073 1523 mirifice
1105 1484 1279 1524 deditus.
1340 1484 1406 1524 58.
1438 1485 1523 1524 Iam
1554 1498 1656 1526 vero
1677 1483 1727 1525 de
1749 1484 1909 1538 legibus

153 1542 435 1592 instituendis,
483 1544 532 1586 de
572 1544 705 1592 bello,
753 1547 803 1586 de
844 1559 968 1599 pace,
1017 1547 1067 1586 de
1110 1545 1254 1591 sociis,
1301 1544 1352 1586 de
1392 1545 1688 1600 vectigalibus,
1737 1550 1786 1588 de
1819 1548 1959 1588 iure2o

154 1607 303 1648 civium
336 1610 562 1663 generatim
596 1609 636 1648 in
667 1607 833 1649 ordines
864 1615 1102 1662 aetatesque
1135 1608 1370 1662 descripto,
1414 1607 1549 1650 dicant
1580 1611 1645 1651 vel
1678 1611 1842 1656 Graeci,
1875 1609 1910 1651 si

153 1671 317 1717 volunt,
366 1672 596 1724 Lycurgum
638 1676 706 1711 aut
751 1671 946 1711 Solonem
989 1669 1251 1726 (quamquam
1294 1671 1387 1712 illos
1425 1671 1589 1726 quidem
1623 1686 1836 1714 censemus
1868 1672 1910 1715 in

153 1746 327 1773 numero
371 1732 652 1786 eloquentium
694 1732 967 1787 reponendos)
1018 1733 1142 1774 scisse
1197 1733 1342 1774 melius
1391 1748 1513 1789 quam
1555 1735 1808 1791 Hyperidem
1841 1741 1911 1777 aut

151 1796 492 1840 Demosthenem,
527 1795 734 1850 perfectos
766 1799 844 1836 iam
878 1795 1063 1836 homines
1095 1795 1134 1835 in
1167 1796 1342 1837 dicendo
1375 1803 1415 1838 et
1446 1798 1697 1852 perpolitos;
1741 1798 1805 1839 vel
1837 1812 1910 1840 no-

152 1856 225 1898 stri
256 1856 539 1904 decemviros,
574 1857 643 1911 qui
675 1859 768 1898 xit.
804 1857 963 1898 tabulas
996 1859 1344 1913 perscripserunt,
1379 1874 1481 1914 quos
1504 1873 1671 1901 necesse
1694 1867 1754 1902 est
1784 1860 1908 1902 fuisse
1922 1870 1958 1897 2⁵

152 1918 400 1973 prudentes,
455 1925 705 1973 anteponant
743 1920 783 1960 in
822 1922 901 1961 hoe
940 1934 1093 1973 genere
1132 1928 1172 1962 et
1211 1923 1300 1962 Ser.
1335 1923 1486 1963 Galbae
1518 1930 1557 1963 et
1587 1937 1731 1964 socero
1764 1930 1833 1965 tuo
1866 1926 1908 1967 C.

151 1981 315 2028 Laelio,
363 1995 466 2036 quos
497 1988 655 2023 constat
687 1981 848 2023 dicendi
881 1982 1013 2036 gloria
1044 1984 1310 2037 praestitisse.
1372 1987 1454 2025 Nec
1485 1985 1594 2026 enim
1626 1984 1784 2040 negabo
1817 1999 1907 2028 esse

152 2045 347 2098 quasdam
378 2050 487 2085 artes
518 2045 706 2099 proprias
738 2058 907 2093 eorum,
941 2045 1011 2101 qui
1043 2045 1083 2086 in
1115 2046 1177 2087 his
1209 2049 1508 2100 cognoscendis
1538 2054 1661 2102 atque
1689 2047 1909 2089 tractandis

152 2105 329 2147 studium
360 2119 479 2147 suum
511 2120 633 2148 omne
664 2114 914 2162 posuerunt;
965 2110 1037 2149 sed
1078 2116 1286 2150 oratorem
1326 2110 1489 2164 plenum
1523 2116 1645 2166 atque
1677 2111 1908 2164 perfectum

152 2183 242 2210 esse
274 2182 390 2217 eum,
433 2170 502 2226 qui
533 2172 584 2211 de
617 2169 808 2211 omnibus
840 2169 964 2212 rebus
995 2172 1124 2226 possit
1155 2173 1324 2225 copiose
1355 2174 1553 2226 varieque
1585 2172 1735 2216 dicere.
1797 2175 1904 2214 XIV.
1921 2191 1956 2218 ao

151 2230 310 2273 Etenim
353 2246 476 2285 saepe
516 2233 555 2272 in
598 2231 647 2272 iis
686 2234 838 2278 causis,
890 2247 990 2288 quas
1021 2246 1163 2274 omnes
1195 2236 1385 2289 proprias
1418 2250 1506 2277 esse
1538 2243 1750 2277 oratorum
1783 2235 1909 2277 confi-

152 2299 313 2342 tentur,
363 2301 424 2335 est
453 2294 632 2348 aliquid,
685 2294 795 2348 quod
827 2308 908 2335 non
941 2309 992 2337 ex
1023 2310 1101 2337 usu
1132 2295 1303 2346 forensi,
1353 2312 1475 2352 quem
1506 2300 1638 2340 solum
1672 2298 1906 2340 oratoribus

152 2355 397 2404 conceditis,
432 2358 506 2397 sed
537 2371 587 2397 ex
620 2355 862 2398 obscuriore
889 2357 1025 2412 aliqua
1046 2358 1214 2400 scientia
1235 2361 1286 2401 sit
1307 2360 1579 2415 promendum
1603 2368 1724 2416 atque
1746 2375 1909 2402 sumen-

152 2421 263 2460 dum.
326 2420 393 2459 60.
439 2419 603 2468 Quaero
646 2421 777 2468 enim,
830 2433 925 2460 num
965 2420 1093 2474 possit
1127 2428 1197 2462 aut
1229 2429 1371 2463 contra
1402 2422 1698 2476 imperatorem
1731 2430 1800 2464 aut
1832 2437 1907 2478 pro

150 2479 403 2536 imperatore
449 2481 527 2522 dici
570 2483 658 2522 sine
697 2483 758 2522 rei
801 2482 989 2522 militaris
1028 2497 1103 2524 usu
1141 2491 1210 2525 aut
1246 2499 1367 2540 saepe
1407 2488 1527 2527 etiam
1568 2486 1655 2527 sine
1686 2488 1903 2539 regionum
1920 2501 1954 2529 ³5

151 2544 407 2584 terrestrium
450 2550 520 2585 aut
560 2545 855 2585 maritimarum
893 2543 1086 2594 scientia3
1140 2560 1234 2587 num
1278 2550 1386 2602 apud
1427 2549 1625 2603 populum
1665 2548 1714 2589 de
1746 2547 1904 2601 legibus

150 2604 339 2647 iubendis
370 2613 439 2648 aut
467 2607 679 2656 vetandis3
725 2621 820 2647 num
853 2608 893 2647 in
927 2614 1069 2648 senatu
1100 2610 1150 2649 de
1181 2611 1292 2650 omni
1324 2610 1383 2650 rei
1418 2611 1606 2663 publicae
1640 2624 1790 2665 genere
1823 2609 1902 2650 dici

151 2668 240 2710 sine
284 2683 443 2711 summa
489 2685 627 2711 rerum
671 2669 854 2712 civilium
897 2670 1135 2724 cognitione
1177 2678 1217 2711 et
1261 2673 1503 2727 prudentia3
1556 2688 1651 2714 num
1692 2670 1904 2712 admoveri

243 2776 276 2807 1.
305 2775 463 2807 dixeram
491 2777 560 2809 BR.
590 2794 632 2798 —
660 2777 786 2808 scilieet
811 2779 924 2809 oratio
953 2778 992 2809 R.
1024 2794 1062 2800 —
1089 2778 1121 2810 4.
1154 2780 1212 2808 isti
1239 2780 1296 2817 qui
1325 2779 1392 2811 BR.
1421 2797 1464 2801 —
1491 2781 1523 2811 5.
1553 2776 1750 2817 oratorum]
1779 2779 1903 2808 horum

151 2822 192 2853 Β.
212 2839 251 2844 -
278 2823 311 2853 6.
329 2824 416 2853 artis
433 2833 514 2854 suae
534 2825 643 2855 codd.
665 2826 707 2855 al.
724 2848 731 2859 ,
754 2825 803 2855 K:
834 2827 920 2854 artis
934 2826 992 2855 isti
1009 2833 1093 2855 suae
1115 2825 1152 2856 E.
1175 2842 1213 2847 —
1242 2826 1275 2856 6.
1297 2826 1366 2856 illis
1387 2826 1424 2856 B.
1448 2843 1489 2847 —-
1508 2827 1540 2857 8.
1559 2826 1900 2861 cive'urn,}10minum.

150 2870 304 2911 gentium
330 2869 414 2899 (Iud.
446 2870 573 2901 Victor.
606 2889 643 2894 —
687 2872 742 2902 10.
770 2872 910 2902 credunt
938 2871 974 2902 Β.
1019 2888 1054 2894 --
1096 2873 1151 2902 11.
1189 2867 1257 2904 εεεέ
1281 2872 1359 2904 haec
1387 2874 1495 2903 (Lodd.
1533 2873 1563 2904 al
1615 2873 1733 2911 (etiarn
1761 2872 1899 2909 v··ss.):

151 2917 233 2947 haec
259 2923 327 2946 esse
352 2915 421 2947 RE·
454 2933 491 2938 —
532 2917 585 2948 12.
615 2918 716 2949 rebus
743 2918 777 2949 in
803 2918 828 2948 B
856 2920 1010 2957 aliique,
1050 2918 1102 2948 R:
1140 2919 1239 2950 rebus
1265 2920 1421 2950 omnibus
1447 2921 1482 2949 in
1510 2919 1548 2950 E.
1580 2935 1614 2939 ——
1649 2918 1701 2948 14.
1730 2923 1766 2949 ut
1793 2928 1833 2949 ea
1860 2918 1900 2949 Β.

155 2978 189 2984 -
219 2964 414 3003 exiqunque
441 2963 487 2998 B,
515 2969 546 2995 et
573 2967 699 3005 exiguo
731 2967 767 2994 n.
805 2981 834 2987 —
867 2966 921 2996 15.
950 2965 1166 2995 iucunditate
1191 2970 1221 2997 et
1247 2969 1424 3006 yraca'tate
1450 2966 1489 2995 B.
1520 2980 1557 2987 —
1587 2965 1642 2995 16.
1671 2969 1744 2994 tum
1771 2974 1838 2995 oin.
1861 2965 1899 2996 Β.

151 3009 206 3040 18.
237 3018 277 3039 ac
303 3011 406 3039 etiam
434 3009 472 3040 R.
507 3024 539 3031 -
570 3011 625 3041 21).
654 3012 789 3043 tuendis
816 3020 893 3042 cum
924 3012 947 3042 Β
975 3017 1007 3043 et
1033 3011 1106 3042 altis·
1135 3011 1244 3043 Codd.
1275 3012 1314 3042 Τ.
1341 3013 1396 3048 (Ut
1425 3020 1504 3047 nos,
1534 3011 1620 3048 RE.)
1650 3028 1688 3032 —
1734 3010 1774 3042 de
1799 3019 1898 3050 pace,

150 3056 251 3087 sociis
268 3079 277 3093 ‚
303 3056 529 3096 2·eceiyatibus
549 3056 585 3086 B.
610 3074 645 3080 —
676 3058 733 3088 21.
761 3060 888 3088 ‹tt-ium
914 3067 988 3088 cum
1018 3057 1127 3088 (Iodd.
1157 3059 1330 3097 plerisque
1356 3059 1480 3089 Aldus:
1511 3059 1602 3088 civili
1622 3058 1690 3089 RE.
1715 3074 1753 3079 —
1781 3058 1900 3089 dt‘cunt

150 3103 204 3133 vel
229 3106 265 3132 ut
294 3099 419 3132 Graeci
443 3102 562 3133 volunt
590 3103 627 3134 B.
669 3120 706 3126 —-
750 3105 805 3135 22.
835 3103 910 3139 aut]
939 3109 969 3135 et
996 3104 1033 3134 Β.
1078 3119 1113 3124 —-
1159 3104 1214 3135 2¹0.
1246 3108 1357 3135 nostri
1393 3105 1597 3135 Manutius:
1644 3110 1786 3136 nostros
1825 3106 1900 3136 libri

152 3157 270 3179 omnes
291 3156 318 3180 et
345 3149 413 3178 RE.
438 3165 478 3169 —
512 3148 568 3179 26.
590 3151 626 3179 in
645 3159 720 3180 curn
741 3151 851 3182 tlndd.
872 3153 954 3189 aliu.
977 3160 1029 3181 om
1065 3151 1105 3181 T.
1134 3150 1193 3188 (Ut
1212 3161 1285 3188 nos,
1308 3151 1427 3185 RBE.)
1450 3168 1486 3173 —
1515 3151 1569 3181 27.
1587 3150 1761 3182 A'ectlmttt
1793 3152 1898 3189 aliq:

151 3195 337 3233 Nunquam
366 3195 463 3226 nRE.
493 3211 534 3216 —
559 3196 613 3226 28.
641 3201 759 3234 partes
788 3197 824 3227 Β.
856 3215 892 3220 -
923 3199 980 3236 qui
1006 3198 1058 3227 his
1087 3198 1121 3228 Β.
1156 3214 1193 3221 --
1222 3198 1276 3228 29.
1305 3199 1535 3235 deminuerunt
1566 3198 1614 3233 Β,
1651 3198 1898 3236 disposuerunt

151 3240 195 3272 R.
224 3257 266 3262 —
308 3242 363 3273 ³0.
403 3251 475 3273 eum
503 3240 588 3272 Cod.
618 3242 702 3273 Leid
745 3243 824 3275 BR:
868 3253 941 3274 eum
968 3244 1081 3274 dicum
1109 3243 1144 3274 E.
1175 3260 1212 3266 —
1257 3246 1389 3280 copiose
1414 3246 1576 3283 varieque
1604 3244 1627 3275 Β
1653 3247 1808 3283 aliique.
1845 3244 1896 3275 R:

151 3289 249 3318 varie
274 3288 476 3328 copioseque
502 3288 542 3318 E.
583 3303 621 3309 —
667 3287 722 3318 32.
749 3299 819 3320 non
844 3295 892 3320 est
919 3300 960 3321 ez:
985 3291 1025 3321 R.
1067 3306 1101 3312 —
1144 3292 1386 3320 assumendum
1421 3298 1496 3321 cum
1527 3291 1635 3322 llavn.
1678 3295 1708 3322 1.
1751 3292 1897 3329 aliisque

153 3333 272 3365 Lamb.
291 3357 300 3373 ,
328 3335 526 3367 Schutztus.
551 3351 584 3358 -
617 3333 674 3366 35.
700 3345 763 3366 usu
781 3346 848 3367 oin.
869 3336 907 3367 B.
926 3353 964 3359 -
993 3336 1049 3368 36.
1069 3338 1238 3366 sententia
1254 3336 1292 3368 B.
1317 3352 1355 3358 —
1383 3336 1439 3369 37.
1460 3338 1528 3369 dici
1547 3339 1687 3370 seclusit
1707 3337 1894 3370 ErnestiuS·
