2117 3762
764 249 861 289 LIB.
895 248 923 289 1.
984 250 1025 291 C.
1057 252 1122 291 55.
1154 251 1219 291 56.
1793 254 1870 293 127

118 361 182 402 ut,
232 356 264 396 si
310 353 359 396 ad
397 369 574 408 equum,
626 355 818 399 domum,
869 361 1023 395 vestem
1069 369 1305 397 sermonem
1345 353 1518 396 alicuius
1558 357 1869 404 accommodes,

117 419 267 472 quibus
297 419 457 458 animus
489 428 657 462 eorum,
706 416 775 470 qui
817 415 986 457 audiunt
1017 423 1056 458 et
1085 419 1263 472 aliquem
1295 417 1554 463 dilexerunt,
1604 418 1871 457 vehementer

117 485 418 520 commovetur.
477 477 693 523 Decimus,
743 490 816 531 per
846 492 966 532 quem
1001 479 1164 535 inopia,
1211 479 1447 526 intirmitas,
1488 478 1668 519 solitudo
1701 480 1872 519 demon-

118 548 285 584 stratur.
348 541 614 586 [undecimus.
646 553 720 592 per
750 554 870 594 quem
903 547 970 580 aut
1003 541 1228 583 liberorum
1261 548 1329 583 aut
1361 548 1576 595 parentum
1608 547 1676 580 aut
1696 540 1758 582 sui
1782 554 1872 581 cor-

117 605 230 660 poris
261 603 487 660 sepeliendi
518 608 586 642 aut
615 601 788 642 alicuius
820 602 1022 643 eiusmodi
1055 603 1114 644 rei
1135 603 1441 644 commendatio
1462 603 1519 644 lit.
1579 603 1901 650 Duodecimus‚⁵

117 680 192 721 per
222 681 345 722 quem
376 664 594 706 disiunctio
627 665 868 718 deploratur
899 668 949 705 al)
980 664 1144 720 aliquo,
1178 680 1270 706 cum
1302 665 1507 706 diducaris
1528 666 1579 706 ab
1602 678 1673 712 eo,
1706 663 1871 718 quicum

117 729 387 770 libentissime
417 725 598 773 vixeris,
632 731 675 765 ut
707 741 729 766 a
761 734 951 781 parente,
985 726 1094 774 tilio,
1128 727 1280 775 sratre,
1314 727 1520 768 familiari.
1582 725 1743 768 'l'ertius
1766 725 1875 767 deci-

117 805 226 837 mus,
272 804 348 844 per
377 803 499 844 quem
532 802 622 829 cum
655 788 937 841 indignatione
968 790 1286 844 conquerimur,
1329 792 1439 843 quod
1472 792 1522 830 ab
1555 790 1625 837 iis,
1669 802 1692 829 a
1723 789 1874 844 quibus

117 853 286 893 minime
316 852 552 898 conveniat,
586 850 691 891 male
726 858 968 898 tractemur,
1000 852 1266 908 propinquis,
1306 851 1472 900 amicis,
1516 851 1663 907 quibus
1695 852 1873 905 benigne

116 914 357 963 fecerimus,
410 928 513 970 quos
552 914 764 955 adiutores
794 914 884 955 fore
925 914 1177 967 putarimus,
1222 920 1291 955 aut
1321 928 1342 955 a
1374 913 1523 969 quibus
1554 914 1767 967 indignum
1798 914 1923 961 sit,1o

115 983 160 1018 ut
189 977 340 1025 servis,
374 977 558 1025 libertis,
592 977 832 1025 clientibus,
864 976 1130 1032 supplicibus.
1188 978 1293 1018 LVI.
1356 978 1535 1025 Quartus
1566 976 1771 1022 decimuS.
1803 977 1874 1030 qui

115 1052 194 1092 per
233 1040 564 1081 obsecrationem
610 1040 807 1089 sumitur;
861 1041 902 1081 in
943 1054 1025 1095 quo
1063 1044 1235 1080 orantur
1274 1040 1399 1080 modo
1441 1038 1524 1086 illi,
1576 1038 1646 1093 qui
1676 1037 1871 1087 audiunt,

116 1101 263 1143 humili
293 1108 334 1143 et
354 1102 528 1157 supplici
549 1103 736 1143 oratione
751 1134 761 1150 ‚
794 1107 838 1142 ut
861 1101 1149 1143 misereantur.
1212 1102 1389 1151 Quintus
1411 1102 1592 1142 decimus
1608 1132 1619 1149 ‚
1652 1114 1728 1154 per
1750 1114 1872 1154 quem

114 1178 198 1207 non
227 1171 411 1213 nostras,
445 1167 516 1206 sed
548 1178 718 1213 eorum,
752 1163 821 1220 qui
853 1165 936 1205 cari
968 1162 1088 1205 nobis
1121 1165 1273 1205 debent
1302 1176 1412 1210 esse,
1456 1162 1641 1204 fortunas
1673 1162 1873 1218 conqueri

114 1241 191 1269 nos
222 1230 568 1270 demonstramus.
628 1229 779 1268 Sextus
810 1226 1018 1274 decimus,
1050 1241 1127 1280 per
1154 1240 1277 1282 quem
1299 1225 1479 1267 animum
1501 1232 1686 1266 nostrum
1708 1225 1750 1264 in
1770 1223 1922 1265 alios1⁵

114 1289 426 1332 misericordem
467 1303 556 1331 esse
595 1288 851 1331 ostendimus
887 1294 928 1330 et
957 1294 1093 1330 tamen
1124 1287 1306 1343 amplum
1337 1293 1377 1328 et
1407 1288 1616 1328 excelsum
1648 1292 1688 1327 et
1717 1286 1874 1341 patien-

115 1361 198 1396 tem
228 1351 590 1394 incommodorum
623 1366 714 1393 esse
747 1357 787 1392 et
815 1350 1002 1392 futurum
1033 1365 1145 1400 esse,
1179 1351 1213 1393 si
1243 1351 1342 1406 quid
1364 1349 1584 1398 acciderit,
1618 1348 1874 1390 demonstra-

114 1429 222 1455 mus.
282 1417 383 1456 Nam
415 1429 540 1468 saepe
571 1416 701 1456 virtus
732 1419 773 1454 et
802 1412 1127 1468 magnificentia,
1175 1414 1216 1454 in
1255 1426 1339 1468 quo
1371 1412 1548 1467 gravitas
1581 1417 1621 1452 et
1651 1410 1873 1453 auctoritas

116 1484 200 1527 est,
252 1480 345 1532 plus
386 1476 551 1530 proficit
594 1478 646 1518 ad
683 1475 1014 1517 misericordiam
1051 1475 1394 1518 commovendam
1435 1489 1555 1530 quam
1594 1473 1803 1515 humilitas
1834 1477 1875 1514 et

115 1541 364 1582 obsecratio.
425 1541 654 1582 Commotis
696 1545 832 1581 autem
873 1539 1044 1588 animis,
1097 1539 1251 1580 diutius
1291 1540 1333 1580 in
1378 1538 1676 1592 conquestione
1719 1534 1924 1578 morari20

115 1615 199 1644 non
230 1604 456 1656 oportebit.
520 1603 880 1652 Quemadmodum
912 1602 1020 1642 enim
1059 1599 1168 1643 dixit
1205 1603 1349 1643 rhetor
1387 1601 1654 1657 Apollonius,
1705 1599 1873 1641 lacrima

115 1664 216 1706 nihil
246 1665 365 1707 citius
396 1666 560 1707 arescit.
623 1664 704 1706 Sed
735 1665 929 1719 quoniam
960 1668 1001 1704 et
1029 1663 1128 1704 satis
1161 1663 1350 1705 videmur
1381 1667 1431 1705 de
1464 1665 1657 1705 omnibus
1687 1661 1870 1718 partibus

116 1727 317 1769 orationis
347 1728 499 1770 dixisse
531 1734 572 1769 et
601 1727 722 1769 huius
753 1725 978 1768 voluminis
1009 1725 1249 1779 magnitudo
1289 1726 1453 1781 longius
1490 1726 1718 1782 processit,
1767 1735 1873 1778 quae

115 1797 346 1845 sequuntur
375 1790 595 1846 deinceps,
634 1791 676 1832 in
706 1792 888 1832 secundo
920 1788 1027 1830 libro
1061 1789 1259 1830 dicemus.

207 1916 242 1949 9.
269 1917 416 1957 benigne
439 1917 497 1948 PT
525 1921 558 1949 et
583 1925 671 1948 corr.
701 1917 755 1948 A:
797 1916 876 1948 bene
904 1915 928 1946 E
955 1923 1033 1946 cum
1059 1915 1090 1946 R
1116 1919 1149 1947 et
1175 1923 1225 1954 pr.
1255 1916 1296 1946 Α.
1336 1931 1374 1938 —
1419 1916 1461 1946 10
1498 1915 1700 1955 putarimus
1724 1913 1776 1944 P:
1811 1921 1874 1952 pu-

115 1968 268 1997 iuremus
293 1964 378 2002 AT,
418 1965 658 2005 putaverimus
691 1963 765 1994 RE.
807 1978 847 1984 —
890 1959 949 2002 sie]
990 1967 1038 1993 est
1062 1961 1196 1993 PART.
1240 1979 1276 1984 —
1320 1963 1377 1993 15.
1405 1962 1527 1993 Sanus
1552 1961 1702 1993 decimus
1726 1958 1871 1991 PART:

115 2017 231 2043 sextus
256 2011 406 2043 decimus
432 2015 480 2043 est
505 2011 543 2043 E.
584 2027 623 2033 ——
667 2011 725 2041 22.
752 2009 861 2048 sacis,
888 2012 927 2039 uc
952 2008 1134 2049 videmur,
1160 2024 1173 2030 -
1196 2025 1210 2032 ·
1234 2009 1388 2040 diximus
1424 2008 1525 2040 ΡΑΤ.
1554 2008 1677 2042 Graev.
1729 2007 1772 2038 Ut
1797 2013 1873 2045 nos,

115 2057 147 2090 R
173 2061 207 2092 et
230 2058 330 2091 Leld.
358 2059 386 2091 1.
