2117 3762
264 254 345 297 194
957 250 1026 290 DE
1057 249 1302 291 ORATORE

261 360 389 414 igitur
404 359 561 403 oratori
582 357 798 412 diligenter
813 354 1132 409 providendum,
1157 369 1239 397 non
1259 357 1319 396 uti
1342 354 1401 397 eis
1423 352 1655 403 satisfaciat,
1679 353 1828 408 quibus
1845 368 2014 397 necesse

262 429 348 474 est3
399 425 470 465 sed
499 427 544 463 ut
572 421 622 462 iis
652 415 906 460 admirabilis
941 429 1030 456 esse
1065 418 1282 466 videatur,
1317 418 1468 472 quibus
1500 417 1630 458 libere
1661 417 1785 457 liceat
1812 417 2009 458 iudicare.

260 486 340 533 Ac,
372 485 407 526 si
435 482 652 540 quaeritis,
684 483 831 534 plane,
865 477 963 534 quid
993 479 1185 527 sentiam,
1225 481 1447 522 enuntiabo
1478 479 1587 535 apud
1617 478 1808 520 homines
1839 478 2012 521 familia-

259 547 476 596 rissimos,
524 544 634 601 quod
673 542 805 583 adhuc
844 553 1008 594 semper
1037 541 1143 581 tacui
1178 546 1218 582 et
1245 546 1461 585 tacendum
1491 543 1646 598 putavi.
1722 541 1839 588 Mihi,
1890 541 2013 582 etiam

231 611 331 663 ⁵qui
364 609 517 664 optime
549 609 689 647 dicunt
718 604 875 658 quique
907 602 947 643 id
978 601 1173 644 facillime
1204 610 1324 659 atque
1354 607 1613 647 ornatissime
1644 605 1782 645 facere
1823 609 2010 658 possunt,

261 677 422 719 tamen,
470 670 549 711 nisi
589 668 731 708 timide
776 668 827 707 ad
871 664 1089 707 dicendum
1130 665 1328 708 accedunt
1366 674 1406 708 et
1442 668 1484 709 in
1527 665 1783 709 exordienda
1823 666 2014 707 oratione

258 736 576 787 perturbantur,
609 743 742 786 paene
770 730 1031 784 impudentes
1053 729 1267 779 videntur3
1301 730 1461 771 tametsi
1490 730 1530 772 id
1551 729 1738 771 accidere
1760 741 1842 769 non
1863 732 2014 781 potest,

261 799 353 837 120.
387 797 435 836 Ut
475 794 583 835 enim
626 793 801 848 quisque
844 793 1000 844 optime
1046 790 1168 838 dicit,
1220 790 1277 831 ita
1312 793 1489 833 maxime
1529 792 1693 833 dicendi
1734 789 2016 833 difficultatem

257 859 479 910 variosque
528 862 697 897 eventus
751 853 949 896 orationis
1003 852 1440 907 exspectationemque
1484 854 1698 897 hominum
1745 853 2011 909 pertimescit.

207 936 243 961 πο
259 921 336 969 Qui
368 933 468 960 vero
500 918 603 960 nihil
631 922 772 973 potest
801 916 971 971 dignum
1000 929 1071 964 re,
1105 914 1275 969 dignum
1306 916 1474 957 nomine
1505 918 1704 966 oratoris,
1739 918 1909 971 dignum
1939 918 2016 957 ho-

256 983 412 1023 minum
445 980 614 1022 auribus
645 979 810 1021 efficere
845 984 967 1033 atque
1008 976 1152 1026 edere,
1199 977 1232 1019 is
1263 978 1388 1027 mihi,
1439 980 1600 1020 etiamsi
1645 985 1931 1022 commovetur
1972 978 2015 1020 in

255 1043 453 1093 dicendo,
486 1049 624 1085 tamen
653 1041 873 1096 impudens
904 1040 1081 1082 videtur.
1143 1043 1235 1082 Non
1266 1042 1375 1082 enim
1405 1043 1601 1096 pudendo
1623 1045 1693 1084 sed
1716 1057 1800 1085 non
1821 1040 2013 1084 faciendo

254 1107 319 1156 id,
351 1109 463 1162 quod
493 1120 578 1148 non
609 1107 750 1154 decet,
789 1104 1069 1159 impudentiae
1090 1116 1243 1144 nomen
1265 1103 1448 1158 effugere
1471 1105 1687 1146 debemus.
1751 1108 1844 1146 121.
1881 1106 2015 1154 Quem

254 1184 354 1212 vero
386 1185 469 1211 non
499 1171 629 1224 pudet
660 1167 719 1218 (id
751 1166 863 1221 quod
893 1168 935 1207 in
967 1166 1177 1220 plerisque
1209 1168 1376 1218 video),
1424 1168 1533 1208 hunc
1564 1179 1642 1221 ego
1672 1180 1756 1208 non
1786 1169 2016 1222 reprehen—

205 1248 241 1274 15
256 1234 374 1275 sione
405 1234 539 1275 solum
572 1233 645 1273 sed
675 1231 800 1272 etiam
830 1243 967 1285 poena
998 1229 1169 1282 dignum
1199 1234 1314 1285 puto.
1375 1230 1580 1285 Equidem
1613 1235 1654 1271 et
1686 1229 1730 1271 in
1772 1230 1891 1272 vobis
1929 1231 2017 1271 ani-

255 1298 515 1337 madvertere
547 1293 661 1336 soleo
693 1298 735 1334 et
762 1293 805 1333 in
836 1306 903 1332 me
934 1292 1025 1346 ipso
1058 1292 1299 1344 saepissime
1331 1293 1550 1347 experior,
1601 1297 1646 1333 ut
1677 1292 1940 1334 exalbescam
1969 1292 2011 1334 in

254 1358 468 1414 principiis
510 1355 672 1399 dicendi
711 1360 751 1396 et
788 1359 875 1396 tota
913 1358 1050 1394 mente
1088 1359 1212 1410 atque
1253 1357 1424 1397 artubus
1457 1354 1649 1396 omnibus
1681 1356 2009 1396 contremiscam.

253 1421 599 1463 Adolescentulus
630 1431 730 1460 vero
763 1418 820 1458 sic
850 1416 970 1458 initio
1000 1417 1273 1459 accusationis
1304 1417 1562 1459 exanimatus
1593 1431 1709 1467 sum,
1743 1421 1787 1458 ut
1806 1419 1885 1459 hoc
1907 1430 2016 1459 sum-

253 1498 367 1525 mum
397 1481 646 1525 heneficium
678 1482 728 1530 Q.
749 1479 933 1522 Maximo
964 1480 1202 1529 debuerim,
1253 1480 1365 1536 quod
1401 1482 1596 1522 continuo
1636 1479 1853 1522 consilium
1893 1479 2014 1521 dimi-

206 1563 241 1588 20
256 1545 379 1596 serit,
413 1545 583 1587 simulac
613 1556 680 1585 me
709 1542 884 1584 fractum
916 1555 962 1583 ac
993 1541 1253 1585 debilitatum
1284 1548 1397 1586 metu
1427 1542 1592 1585 viderit.

369 1610 462 1652 122.
507 1606 585 1649 Hic
625 1619 768 1648 omnes
808 1603 965 1645 assensi
996 1603 1229 1659 significare
1260 1608 1368 1647 inter
1397 1619 1442 1647 se
1473 1610 1513 1647 et
1542 1605 1725 1660 colloqui
1757 1611 2006 1660 coeperunt.

255 1671 348 1714 Fuit
377 1672 487 1713 enim
518 1668 712 1711 mirificus
743 1666 910 1723 quidam
940 1668 983 1707 in
1015 1667 1163 1709 Crasso
1192 1672 1349 1724 pudor,
1385 1670 1455 1724 qui
1487 1674 1624 1709 tamen
1654 1682 1739 1710 non
1769 1667 1893 1710 modo
1931 1682 2014 1709 non

256 1736 422 1775 obesset
468 1733 555 1774 eius
597 1730 798 1779 orationi,
850 1731 923 1772 sed
964 1730 1089 1770 etiam
1130 1731 1349 1786 probitatis
1390 1731 1750 1773 commendatione
1780 1733 2014 1787 prodesset.

253 1798 427 1840 XXVII.
462 1798 567 1837 Tum
598 1795 825 1843 Antonius,
873 1795 1027 1848 Saepe,
1067 1798 1114 1834 ut
1144 1793 1272 1844 dicis,
1313 1794 1467 1849 inquit,
1508 1794 1802 1844 animadverti,
1848 1797 2014 1842 Crasse,

205 1876 240 1901 25
256 1864 297 1901 et
324 1864 365 1901 te
396 1864 436 1900 et
477 1864 639 1900 ceteros
680 1870 862 1898 summos
901 1861 1112 1905 oratores,
1167 1871 1417 1912 quamquam
1458 1856 1531 1899 tibi
1573 1871 1648 1910 par
1686 1871 1780 1898 mea
1819 1853 2018 1898 sententia

254 1935 379 1963 nemo
410 1934 592 1975 unquam
622 1920 724 1968 fuit,
771 1920 814 1960 in
843 1917 1008 1960 dicendi
1039 1917 1212 1960 exordio
1244 1920 1493 1975 permoveri.
1557 1922 1650 1960 123.
1693 1920 1815 1962 Cuius
1847 1921 2014 1974 quidem

254 1985 319 2027 rei
357 1998 449 2026 cum
490 1996 656 2024 causam
695 1994 965 2036 quaererem,
1014 1980 1211 2035 quidnam
1247 1988 1374 2030 esset,
1420 1996 1515 2031 cur,
1562 1981 1605 2023 in
1649 1995 1819 2037 quoquo
1850 1986 2016 2023 oratore

255 2048 482 2103 plurimum
521 2049 650 2092 esset,
701 2043 758 2084 ita
797 2044 977 2084 maxime
1015 2042 1050 2084 is
1088 2043 1421 2098 pertimesceret,
1471 2046 1544 2085 has
1576 2057 1720 2085 causas
1749 2042 2015 2086 inveniebam

256 2109 379 2151 duas:
424 2121 568 2156 unam,
601 2108 714 2162 quod
744 2105 1023 2159 intelligerent
1052 2105 1101 2153 ii,
1134 2119 1238 2159 quos
1267 2120 1366 2148 usus
1396 2120 1443 2148 ac
1473 2112 1621 2148 natura
1652 2106 1879 2154 docuisset,
1915 2119 2018 2148 non-

208 2183 468 2226 nonunquam
507 2168 676 2212 summis
719 2169 956 2210 oratoribus
1001 2180 1085 2209 non
1127 2167 1225 2209 satis
1270 2182 1321 2210 ex
1367 2169 1571 2211 sententia
1610 2175 1804 2211 eventum
1854 2167 2018 2210 dicendi

255 2233 508 2289 procedere;
554 2233 611 2274 ita
639 2246 724 2275 non
752 2231 923 2279 iniuria,
963 2230 1289 2286 quotiescunque
1320 2231 1525 2281 dicerent,
1572 2233 1614 2273 id
1645 2230 1758 2288 quod
1788 2230 2011 2286 aliquando

256 2301 400 2351 posset
437 2295 648 2343 accidere,
693 2308 746 2336 ne
785 2300 872 2336 tum
911 2293 1141 2342 accideret,
1188 2296 1348 2336 timere.
1410 2297 1503 2336 124.
1533 2294 1671 2336 Altera
1702 2298 1764 2336 est
1792 2293 1918 2343 haec,
1965 2291 2017 2334 de

256 2373 338 2415 qua
368 2359 485 2414 queri
516 2371 638 2411 saepe
669 2357 803 2398 soleo:
843 2358 954 2412 quod
984 2362 1216 2397 ceterarum
1246 2358 1434 2399 homines
1465 2357 1616 2399 artium
1650 2357 1822 2414 spectati
1852 2362 1893 2398 et
1920 2369 2017 2411 pro-

256 2420 361 2469 bati,
393 2420 428 2461 si
459 2419 623 2475 quando
653 2419 808 2474 aliquid
839 2419 973 2460 minus
1003 2420 1109 2460 bene
1139 2418 1350 2469 fecerunt,
1384 2434 1508 2476 quam
1540 2420 1697 2469 solent,
1730 2424 1802 2461 aut
1831 2419 2017 2460 noluisse

209 2502 243 2529 ³5
258 2489 327 2525 aut
356 2482 590 2525 valetudine
618 2481 806 2538 impediti
834 2495 918 2523 non
947 2481 1132 2534 potuisse
1168 2483 1371 2538 consequi
1400 2483 1442 2525 id
1474 2485 1586 2539 quod
1618 2482 1770 2524 scirent
1799 2486 2010 2538 putantur.

258 2547 423 2595 Noluit,
467 2546 684 2600 inquiunt,
733 2544 856 2586 hodie
902 2558 1025 2598 agere
1070 2546 1268 2596 Roscius3
1319 2551 1409 2587 aut:
1459 2545 1626 2587 crudior
1670 2544 1761 2586 fuit.
1825 2545 2013 2586 Oratoris

257 2613 495 2666 peccatum,
527 2609 561 2649 si
593 2609 705 2663 quod
737 2613 798 2650 est
827 2606 1184 2657 animadversum,
1217 2607 1413 2650 stultitiae
1444 2613 1660 2663 peccatum
1689 2608 1885 2658 videtur3
1922 2608 2015 2648 125.

351 2738 384 2768 1.
416 2737 461 2768 eis
489 2735 598 2768 Codd.
627 2735 695 2767 al.:
732 2736 762 2766 ei
787 2736 817 2767 R
845 2744 911 2768 err.
941 2739 1072 2776 typogr.
1092 2760 1100 2775 ,
1138 2737 1208 2768 illis
1233 2736 1305 2767 BE.
1335 2753 1372 2759 —
1409 2737 1443 2767 2.
1471 2740 1511 2767 ut
1536 2736 1588 2767 his
1614 2735 1657 2767 R.
1688 2752 1727 2758 —
1771 2734 1805 2767 3.
1832 2734 1876 2766 At
1900 2735 1942 2766 R.
1971 2750 2014 2757 —

258 2783 293 2815 lt.
336 2783 429 2825 quod
459 2783 568 2814 adhuc
602 2783 697 2814 tacui
735 2785 767 2813 ec
792 2783 976 2814 tacendum
1008 2792 1138 2823 semper
1168 2784 1295 2822 putavi
1329 2783 1510 2815 Schritzius
1537 2784 1571 2813 in
1598 2783 1661 2814 Ed.
1688 2783 1770 2815 mai.
1814 2781 1884 2814 Csr.
1911 2781 2015 2813 Hand

260 2830 360 2862 Turs.
390 2831 418 2861 1.
447 2839 480 2869 p.
508 2829 585 2862 159.
615 2833 648 2862 et
671 2829 717 2860 11.
746 2837 780 2868 p.
808 2829 888 2861 531.
920 2846 958 2852 —-
986 2830 1018 2862 5.
1046 2831 1105 2871 qui
1131 2831 1258 2870 optime
1284 2829 1394 2862 Codd.
1421 2830 1488 2862 aL:
1517 2830 1642 2870 quique
1669 2831 1796 2870 optime
1820 2829 1902 2862 RE.
1931 2837 2016 2869 quo-

261 2886 323 2916 que
348 2878 475 2917 optime
498 2876 538 2907 B.
576 2892 618 2898 -
662 2877 721 2916 qui
746 2885 796 2907 me
819 2875 1024 2915 infacillime
1049 2878 1090 2907 Β.
1146 2893 1173 2899 -
1217 2877 1281 2909 vv.
1309 2881 1413 2918 atque
1437 2877 1658 2909 ornatissime
1694 2876 1834 2909 seclusit
1860 2874 2011 2907 Ellendt.

261 2924 379 2964 (atque
402 2924 655 2964 promptissime
680 2924 806 2957 mavolt
830 2921 987 2963 Bakius.)
1014 2940 1055 2945 —
1096 2923 1131 2955 6.
1171 2924 1343 2955 ordienda
1368 2924 1409 2954 B.
1437 2921 1520 2963 (non
1548 2921 1607 2964 R.)
1637 2941 1673 2946 —
1719 2923 1752 2954 8.
1794 2923 1870 2963 quis
1896 2922 1940 2953 R.
1972 2937 2012 2944 -

261 2971 317 3000 11.
344 2974 597 3002 commoveatur
622 2970 666 3001 R.
697 2986 736 2993 —-
772 2969 829 3001 16.
857 2973 896 3002 ut
920 2973 951 3001 ec
979 2970 1190 3002 exalbescam
1216 2971 1256 3001 Β.
1288 2986 1327 2992 -
1370 2970 1425 3001 17.
1454 2970 1598 3001 artubus
1625 2970 1781 3002 omnibus
1805 2969 1832 3000 B
1858 2969 2013 3009 aliique:

263 3016 416 3047 omnibus
443 3018 587 3048 artubus
613 3017 686 3048 RE.
715 3033 756 3039 —
783 3020 1052 3049 cofntremescam
1080 3017 1120 3048 B.
1150 3032 1190 3039 —
1230 3016 1286 3048 18.
1313 3017 1361 3047 sic
1387 3018 1424 3047 in
1447 3017 1549 3048 initio
1574 3017 1618 3048 R.
1649 3034 1686 3040 -
1731 3017 1788 3048 21.
1817 3015 2015 3057 siqnificare

263 3065 295 3091 et
320 3063 469 3102 colloqui
491 3065 582 3096 inter
607 3073 640 3096 se
658 3064 703 3095 R.
725 3081 761 3087 —
789 3064 847 3095 22.
874 3073 946 3095 non
971 3065 1097 3095 obesset
1123 3060 1203 3103 (om.
1222 3062 1323 3094 modo
1340 3062 1425 3103 non)
1451 3071 1528 3094 cum
1549 3063 1660 3096 Codd.
1679 3063 1761 3104 aliq.
1783 3064 1884 3095 etiam
1903 3061 1949 3101 B,
1970 3061 2011 3092 T.

263 3106 319 3148 (Ut
349 3117 430 3146 nos,
470 3110 547 3148 alii,
575 3109 664 3153 RE.)
692 3128 734 3133 —
771 3110 828 3142 23.
866 3111 924 3142 sed
945 3110 1135 3150 probitatis
1162 3118 1240 3141 cum
1267 3108 1376 3141 Codd.
1405 3109 1448 3141 al.
1476 3109 1517 3140 Τ.
1546 3110 1602 3146 (Ut
1627 3119 1711 3149 nos,
1750 3109 1833 3147 RE,
1861 3111 1895 3141 et
1920 3117 1959 3140 ex
1985 3108 2013 3138 B

261 3154 346 3186 nihil
372 3159 527 3188 notatum
552 3160 631 3192 est.)
654 3175 691 3181 —
718 3157 776 3189 25.
805 3160 961 3189 oratores
984 3165 1134 3188 summos
1158 3158 1202 3188 R.
1231 3172 1270 3178 —
1308 3156 1365 3187 27.
1393 3164 1458 3187 cur
1481 3158 1519 3188 in
1542 3165 1678 3198 quoquo
1706 3156 1816 3189 Codd.
1843 3155 1911 3187 ah:
1953 3163 2014 3186 cur

260 3203 299 3233 in
339 3210 470 3242 quoque
496 3203 542 3241 B,
586 3213 670 3243 cur,
707 3204 808 3236 utin
832 3212 965 3244 quoque
989 3203 1061 3236 RE.
1101 3220 1137 3226 —
1179 3204 1237 3235 31.
1273 3203 1463 3244 aliquando
1495 3204 1603 3235 alicui
1627 3204 1730 3236 nimis
1749 3206 1866 3243 posset
1889 3202 1932 3232 R.
1970 3218 2014 3224 —

261 3247 318 3278 32.
356 3257 397 3279 ne
422 3247 506 3288 tum]
535 3253 603 3280 tum
628 3260 669 3282 ne
694 3251 734 3290 B,
761 3260 803 3283 ne
825 3251 913 3282 illud
937 3251 1054 3290 ipsum
1078 3250 1128 3288 R,
1170 3259 1210 3283 ne
1246 3253 1318 3281 tum
1342 3250 1454 3288 ipsum
1479 3247 1534 3291 (eo
1559 3252 1633 3290 ipso
1660 3246 1828 3289 tempore)
1863 3247 2013 3281 malebat

260 3294 413 3334 Madvig.
445 3311 480 3318 -
512 3294 568 3326 33.
596 3297 687 3337 quod
713 3301 903 3330 ceterarum
927 3297 1026 3329 Leid.
1054 3298 1183 3337 alitque
1201 3320 1210 3337 ,
1236 3297 1288 3330 R:
1317 3301 1508 3330 ceterarum
1525 3297 1605 3338 BE,
1632 3297 1674 3330 de
1699 3300 1890 3330 ceterarum
1908 3295 2008 3330 Voss.

262 3357 303 3363 —
330 3340 385 3374 35.
412 3342 595 3380 impeditos
614 3343 685 3375 BR.
710 3359 744 3366 -
771 3342 909 3385 scirent]
937 3346 1083 3377 scienter
1109 3343 1149 3377 Β.
