2117 3762
278 249 361 291 354
1053 249 1254 290 BRUTUS

275 355 487 399 orationes
518 358 613 396 sunt
633 357 673 394 et
697 351 936 393 redolentes
963 351 1094 406 magis
1120 354 1408 410 antiquitatem
1438 367 1560 410 quam
1588 359 1661 396 aut
1680 354 1809 396 Laelii
1835 361 1906 398 aut
1938 357 2026 397 Sci-

273 419 410 476 pionis
439 424 508 460 aut
532 417 653 458 etiam
678 414 806 470 ipsius
833 414 1022 464 Catonis;
1053 413 1194 469 itaque
1218 423 1493 466 exaruerunt,
1526 417 1595 458 vix
1617 416 1697 458 iam
1715 423 1762 459 ut
1782 424 2023 473 appareant.

386 484 453 523 83.
486 483 546 521 De
575 478 705 531 ipsius
734 477 864 517 Laelii
894 481 936 517 et
968 476 1169 529 Scipionis
1199 478 1364 533 ingenio
1396 492 1644 535 quamquam
1676 494 1725 520 ea
1755 486 1819 520 est
1843 481 1950 528 iam,
1983 485 2029 522 ut

273 544 496 598 plurimum
526 542 732 582 tribuatur
761 540 986 588 ambobus,
1020 538 1184 580 dicendi
1214 546 1351 583 tamen
1380 543 1469 584 laus
1499 548 1560 583 est
1580 543 1622 582 in
1643 544 1786 583 Laelio
1810 542 2025 587 illustrior.

245 609 327 647 sAt
363 604 497 648 oratio
538 602 669 644 Laelii
712 600 763 643 de
805 600 989 655 collegiis
1027 616 1113 643 non
1153 603 1300 644 melior
1338 619 1457 659 quam
1499 604 1549 646 de
1588 604 1728 646 multis
1758 619 1880 660 quam
1912 607 2028 646 voles

275 668 499 723 Scipionis:
531 679 614 707 non
636 678 718 720 quo
743 663 813 706 illa
841 663 973 705 Laelii
1004 665 1228 718 quidquam
1258 666 1311 706 sit
1341 667 1499 708 dulcius
1530 674 1599 708 aut
1629 682 1710 723 quo
1743 669 1792 708 de
1822 668 2028 722 religione

273 731 354 772 dici
382 728 513 786 possit
541 727 778 782 augustius,
823 729 897 768 sed
926 726 1058 769 multo
1090 734 1228 768 tamen
1259 731 1464 771 vetustior
1494 736 1536 772 et
1564 730 1774 772 horridior
1803 730 1872 772 ille
1904 745 2029 785 quam

273 792 435 847 Scipio;
470 796 530 839 et,
562 804 655 832 cum
685 792 768 832 sint
797 792 839 831 in
870 792 1046 831 dicendo
1077 791 1215 832 variae
1245 791 1501 841 voluntates,
1534 793 1732 835 delectari
1762 793 1862 835 mihi
1894 793 2027 849 magis

271 854 514 910 antiquitate
558 854 722 896 videtur
763 858 806 895 et
844 855 1038 895 lubenter
1077 852 1214 895 verbis
1253 854 1377 895 etiam
1416 858 1476 896 uti
1519 857 1659 911 paullo
1704 856 1834 910 magis
1880 855 2028 910 priscis

221 927 257 953 10
270 917 448 959 Laelius.
510 917 578 958 84.
624 918 705 958 Sed
735 922 799 959 est
828 930 918 959 mos
947 917 1187 966 hominum,
1235 923 1281 957 ut
1310 918 1444 958 nolint
1473 921 1651 960 eundem
1682 918 1871 973 pluribus
1901 917 2027 960 rebus

269 980 488 1022 excellere.
547 982 652 1022 Nam
687 985 734 1022 ut
773 994 825 1022 ex
859 979 1008 1022 bellica
1036 978 1158 1020 laude
1188 980 1400 1034 adspirare
1430 981 1481 1020 ad
1511 979 1747 1022 Africanum
1778 996 1902 1023 nemo
1935 986 2031 1035 pot-

269 1048 352 1092 est,
389 1043 433 1084 in
467 1056 548 1098 qua
576 1044 666 1098 ipsa
697 1044 911 1098 egregium
941 1042 1117 1086 Viriathi
1148 1041 1258 1083 bello
1291 1040 1520 1096 reperimus
1551 1041 1678 1084 fuisse
1707 1046 1921 1085 Laelium:
1965 1044 2024 1084 sic

267 1105 441 1160 ingenii,
471 1107 728 1154 litterarum,
763 1105 1045 1161 eloquentiae,
1085 1104 1310 1157 sapientiae
1342 1103 1520 1160 denique
1551 1106 1628 1145 etsi
1658 1106 1824 1162 utrique
1854 1106 2025 1162 primas,

265 1169 428 1224 priores
471 1173 609 1210 tamen
648 1166 843 1210 lubenter
883 1169 1078 1209 deferunt
1115 1167 1272 1209 Laelio.
1334 1169 1418 1208 Noc
1458 1166 1562 1208 mihi
1600 1172 1835 1209 ceterorum
1874 1167 2030 1209 iudicio

216 1245 252 1271 1⁵
268 1234 404 1274 solum
431 1230 615 1280 videtur,
647 1234 719 1273 sed
750 1230 874 1273 etiam
894 1231 1082 1285 ipsorum
1102 1230 1211 1272 inter
1231 1230 1342 1285 ipsos
1365 1243 1565 1271 concessu
1586 1231 1641 1271 ita
1663 1232 1865 1272 tributum
1886 1230 2028 1272 fuisse.

266 1297 336 1338 85.
370 1298 469 1337 Erat
499 1295 667 1336 omnino
697 1299 786 1336 tum
815 1307 932 1343 mos,
964 1300 1010 1335 ut
1038 1295 1081 1334 in
1111 1293 1279 1349 reliquis
1308 1291 1433 1334 rebus
1463 1294 1632 1341 melior,
1664 1293 1722 1334 sic
1751 1292 1795 1333 in
1826 1292 1905 1334 hoc
1936 1293 2027 1347 ipso

264 1357 509 1408 humanior,
541 1362 588 1398 ut
616 1356 758 1399 faciles
787 1362 923 1399 essent
952 1358 995 1398 in
1025 1371 1145 1398 suum
1178 1355 1326 1411 cuique
1358 1354 1594 1397 tribuendo.
1655 1357 1790 1397 XXII.
1825 1355 2030 1398 Memoria

264 1427 388 1463 teneo
422 1423 620 1478 Smyrnae
651 1435 717 1461 me
749 1433 803 1461 ex
832 1422 877 1461 P.
905 1419 1062 1461 Rutilio
1091 1417 1197 1460 Rufo
1228 1417 1418 1467 audisse,
1468 1432 1562 1459 cum
1599 1417 1759 1460 diceret
1787 1418 2027 1460 adolescen-

263 1484 350 1526 tulo
393 1497 437 1526 se
475 1482 698 1532 accidisse,
746 1488 792 1523 ut
834 1496 888 1523 ex
927 1487 1094 1523 senatus
1133 1482 1323 1522 consulto
1361 1482 1404 1522 P.
1435 1481 1572 1534 Scipio
1604 1486 1646 1522 et
1674 1483 1725 1522 D.
1751 1485 1932 1531 Brutus,
1984 1486 2031 1522 ut

214 1560 251 1586 20
266 1548 439 1602 opinor,
471 1547 662 1587 consules
693 1547 744 1586 de
773 1559 821 1586 re
852 1547 982 1586 atroci
1012 1557 1241 1599 magnaque
1272 1550 1535 1597 quaererent.
1597 1546 1700 1585 Nam
1730 1558 1821 1586 cum
1852 1544 1895 1586 in
1925 1543 2027 1585 silva

265 1609 348 1651 Sila
377 1608 483 1651 facta
513 1607 659 1650 caedes
689 1613 799 1649 esset
826 1608 998 1662 notique
1028 1606 1220 1649 homines
1249 1606 1459 1650 interfecti
1481 1607 1874 1662 insimulareturque
1904 1606 2027 1648 fami-

262 1673 334 1722 lia,
371 1671 521 1728 partim
551 1672 676 1713 etiam
705 1670 853 1719 liberi,
897 1669 1106 1711 societatis
1139 1670 1251 1719 eius,
1303 1684 1408 1725 quae
1440 1669 1619 1723 picarias
1650 1669 1701 1711 (16
1730 1671 1776 1711 P.
1807 1668 2027 1718 Cornelio,

262 1738 309 1780 L.
339 1735 538 1777 Mummio
579 1735 823 1775 censoribus
860 1733 1136 1780 redemisset,
1183 1732 1419 1775 decrevisse
1459 1739 1672 1781 senatum,
1720 1737 1767 1774 ut
1806 1735 1856 1774 de
1897 1746 1947 1773 ea
1985 1746 2030 1773 re

265 1802 567 1853 cognoscerent
596 1803 638 1838 et
666 1802 896 1838 statuerent
928 1796 1144 1837 consules:
1175 1798 1243 1837 86.
1279 1810 1442 1837 causam
1475 1810 1551 1849 pro
1574 1795 1805 1849 publicanis
1826 1800 2030 1843 accurate,

214 1873 250 1900 25
264 1866 310 1902 ut
339 1873 503 1913 semper
533 1858 680 1901 solitus
712 1865 846 1909 esset,
895 1858 1193 1914 eleganterque
1230 1861 1382 1900 dixisse
1421 1858 1629 1909 Laelium;
1680 1872 1774 1900 cum
1813 1859 2026 1906 consules,

262 1937 311 1965 re
341 1922 499 1970 audita,
543 1934 735 1964 AMPLIVS
767 1921 818 1964 de
847 1921 1010 1963 consilii
1039 1923 1242 1963 sententia
1281 1920 1682 1976 pronuntiavissent‚
1731 1920 1871 1975 paucis
1901 1921 2031 1960 inter-

263 1985 412 2042 positis
452 1983 597 2027 diebus
635 1987 788 2026 iterum
826 1984 1014 2026 Laelium
1054 1985 1185 2026 multo
1225 1984 1462 2037 diligentius
1501 1985 1731 2038 meliusque
1767 1982 1920 2024 dixisse
1951 1982 2029 2023 ite-

264 2062 439 2105 rumque
477 2049 626 2090 eodem
664 2047 790 2089 modo
821 2062 845 2089 a
878 2047 1116 2089 consulibus
1158 2061 1245 2088 rem
1284 2060 1374 2088 esse
1412 2046 1636 2101 prolatam;
1692 2051 1779 2086 tum
1809 2044 2026 2093 Laelium,

265 2125 358 2153 cum
390 2124 485 2153 eum
515 2111 617 2152 socii
647 2113 817 2153 domum
848 2109 1115 2152 reduxissent
1145 2111 1409 2164 egissentque
1445 2108 1595 2163 gratias
1627 2113 1689 2157 et,
1735 2122 1788 2149 ne
1830 2105 2031 2160 defatiga-

215 2186 251 2212 30
266 2180 400 2224 retur,
431 2176 685 2223 oravissent,
724 2173 912 2215 locutum
941 2186 1031 2214 esse
1061 2172 1140 2213 ita:
1195 2186 1263 2221 se,
1307 2185 1412 2227 quae
1443 2172 1635 2220 fecisset,
1676 2169 1849 2211 honoris
1880 2183 2029 2211 eorum

266 2251 391 2279 causa
419 2238 604 2279 studiose
634 2241 909 2291 accurateque
939 2234 1110 2284 fecisse3
1144 2237 1217 2276 sed
1247 2248 1290 2276 se
1321 2233 1515 2275 arbitrari
1545 2247 1711 2276 causam
1741 2232 1855 2275 illam
1885 2247 1909 2274 a
1933 2233 2023 2276 Ser.

269 2299 418 2349 Galba,
465 2302 578 2354 quod
617 2299 652 2341 is
691 2299 736 2340 in
775 2299 950 2340 dicendo
989 2296 1180 2340 acerbior
1209 2301 1427 2353 acriorque
1458 2302 1586 2346 esset,
1632 2295 1800 2351 gravius
1832 2301 1871 2337 et
1901 2295 2028 2338 vehe-

265 2363 445 2405 mentius
482 2375 606 2418 posse
646 2360 835 2410 defendi;
880 2361 1020 2414 itaque
1059 2362 1300 2402 auctoritate
1339 2361 1382 2402 C.
1412 2360 1541 2402 Laelii
1579 2359 1826 2415 publicanos
1857 2372 2026 2400 causam

268 2425 464 2468 detulisse
495 2426 547 2466 ad
579 2423 769 2466 Galbam:
804 2424 873 2464 87.
906 2422 1023 2464 illum
1043 2429 1202 2472 autem,
1235 2426 1346 2479 quod
1377 2424 1415 2465 ei
1444 2423 1534 2466 viro
1565 2423 1875 2464 succedendum
1906 2425 2027 2471 esset,

359 2597 392 2629 2.
421 2594 650 2633 exaruerunt]
676 2598 893 2627 evanuerunt
916 2594 1080 2635 Purgoldi
1109 2595 1200 2626 coni.
1228 2603 1349 2634 parum
1382 2593 1588 2635 probabilis.
1638 2594 1755 2634 Imago
1789 2594 1937 2632 repetita
1977 2595 2028 2624 est

272 2653 292 2677 a
328 2643 533 2676 fluminibus
560 2645 595 2674 et
619 2642 662 2674 ab
700 2641 905 2679 arboribus3
951 2642 1098 2674 alterum
1125 2642 1318 2674 membrum
1347 2642 1500 2681 explica:
1549 2644 1610 2673 «ut
1642 2642 1843 2680 paucissimi
1876 2642 1944 2672 iam
1971 2647 2031 2672 eas

271 2689 574 2723 transscribendas
602 2694 726 2720 curent
751 2697 900 2728 raroque
927 2689 1020 2728 apud
1046 2688 1253 2727 bibliopolas
1279 2698 1341 2721 eae
1368 2691 1623 2729 reperiantur.»
1658 2704 1703 2709 —
1739 2688 1773 2718 3.
1814 2695 1856 2719 ea
1880 2691 1929 2720 est
1952 2686 2027 2718 iam

272 2739 350 2771 libri
376 2739 473 2770 notit
516 2745 556 2768 ea
590 2739 639 2768 est
670 2736 741 2766 iam
772 2736 890 2775 opinio
916 2735 968 2773 R,
1009 2744 1049 2768 ea
1085 2737 1157 2766 iam
1191 2740 1241 2767 est
1267 2736 1383 2775 opinio
1414 2745 1495 2767 cum
1520 2736 1663 2774 Repett.
1689 2734 1812 2766 Lamb.
1840 2735 1882 2773 E,
1910 2743 1952 2766 ea
1978 2737 2029 2765 est

270 2787 389 2828 fama,
423 2787 463 2815 ut
488 2784 661 2815 Baiterus.
696 2780 750 2821 (ea
783 2785 830 2813 est
859 2783 1028 2814 sententia
1051 2782 1176 2820 Peter;
1215 2790 1292 2814 nam
1322 2785 1356 2814 in
1384 2781 1494 2814 Codd.
1523 2791 1595 2814 esse
1621 2790 1662 2813 ea
1688 2789 1703 2812 e
1730 2780 1823 2822 (cum
1848 2779 1925 2821 lin.)
1949 2781 2028 2812 snia

272 2832 364 2873 (cum
393 2829 470 2870 lin.)
497 2831 586 2864 Mire
614 2830 735 2866 sanel)
764 2845 800 2851 —-
835 2828 868 2860 6.
895 2832 958 2860 aut
985 2838 1051 2869 quo
1078 2829 1181 2860 libri:
1221 2834 1286 2861 aut
1311 2830 1401 2870 quod
1429 2829 1503 2860 RE.
1538 2846 1576 2852 —
1616 2828 1672 2859 12.
1705 2827 1856 2860 Viriathi
1878 2828 1938 2869 Lg.
1967 2828 2025 2858 20.

271 2879 329 2911 33.
357 2879 413 2911 53.
441 2878 508 2910 68:
543 2876 670 2909 Virfiati
695 2876 773 2907 libri
801 2876 956 2916 plerique
984 2881 1017 2908 et
1036 2877 1083 2915 R,
1116 2876 1283 2908 Viriatico
1309 2884 1387 2907 cum
1413 2876 1580 2908 Ascensio
1599 2880 1632 2908 et
1650 2884 1750 2915 seqq.
1771 2875 1810 2907 E.
1840 2892 1878 2898 -
1906 2875 1962 2906 20.
1989 2875 2028 2906 in

271 2926 362 2957 silva
380 2923 468 2964 Sila]
496 2924 553 2956 Sic
574 2925 682 2956 varias
701 2925 856 2955 omnium
879 2923 1042 2955 librorum
1066 2924 1279 2963 corruptelas
1301 2925 1448 2955 correxit
1465 2922 1650 2955 Turnebus
1665 2923 1810 2956 Advers.
1831 2922 1895 2959 11,
1923 2922 1956 2953 1.
1981 2936 2028 2943 —-

272 2973 329 3003 22.
356 2972 472 3003 liberti
497 2971 684 3003 Corradus.
733 2970 874 3001 Liberos
900 2979 981 3002 sane
1007 2970 1159 3010 intellige
1184 2968 1429 3015 ἐλευθέρους,
1458 2978 1526 3002 non
1552 2969 1676 3011 υἱούς.
1726 2969 1815 3001 Sunt
1833 2968 2025 3000 administri

272 3019 363 3049 illius
390 3019 589 3051 societatis,
617 3018 777 3051 tenuiore
805 3016 882 3048 loco
911 3019 996 3052 orti,
1026 3018 1304 3055 ratiocinatores,
1332 3017 1478 3049 scribae.
1509 3033 1546 3040 —
1582 3016 1639 3047 32.
1667 3015 1827 3048 acerbior
1852 3014 2020 3052 Orellius,

273 3069 312 3095 ut
337 3064 373 3104 §-
401 3065 493 3097 136:
530 3072 626 3096 acres
650 3069 682 3096 et
708 3063 846 3102 acerbi,
884 3061 921 3102 ἕ.
948 3064 1040 3094 222;
1079 3072 1156 3095 acer
1181 3062 1339 3094 acerbuS.
1387 3063 1461 3095 Nec
1486 3072 1540 3095 me
1565 3064 1647 3096 satis
1674 3063 1837 3095 refutavit
1862 3060 2021 3093 Ellendt:

275 3111 373 3142 «lloe
400 3115 434 3143 in
461 3114 701 3143 accusatorem
730 3119 835 3150 quam
861 3111 895 3141 in
923 3115 1106 3149 patronum
1133 3113 1261 3141 rectius
1288 3109 1380 3141 cadit
1400 3119 1434 3141 ε»
1462 3111 1592 3142 etenim
1617 3111 1722 3142 etiam
1749 3110 1884 3148 patroni
1911 3109 1944 3139 in
1972 3116 2026 3140 re-

274 3157 432 3189 fellendis
459 3158 720 3192 accusatoribus
746 3156 865 3189 acerbi
893 3165 967 3188 esse
996 3160 1156 3195 possunt.
1206 3155 1302 3187 Libri
1329 3159 1446 3188 autem
1472 3158 1661 3196 adhortor,
1688 3157 1896 3188 adhortator
1920 3154 2022 3195 (Reg.

273 3202 356 3243 D.)‚
383 3205 566 3236 adhortior
591 3202 691 3246 (Reg.
717 3203 773 3242 B.)
790 3227 798 3241 ,
827 3203 1051 3234 adhortatior
1075 3200 1147 3244 (R.)
1166 3225 1176 3241 ‚
1202 3202 1328 3243 fortior
1353 3203 1549 3242 Victorius,
1575 3204 1739 3236 ornatior
1755 3202 1876 3234 Lamb.
1896 3201 2022 3238 1566.,

275 3250 459 3281 ardentior
484 3251 656 3284 Corradus
674 3275 683 3289 ‚
723 3251 926 3283 adstrictior
950 3250 1175 3290 Bernhardy,
1217 3250 1372 3281 atrocior
1396 3251 1563 3283 Trillerus
1591 3253 1625 3282 et
1649 3250 1879 3281 Buttmannus
1906 3247 1949 3280 N.
1976 3246 2021 3278 Α.

276 3296 312 3328 S.
341 3297 416 3328 Lat.
445 3297 517 3328 len·
546 3298 574 3330 I.
602 3306 636 3336 p.
668 3298 726 3330 42.
765 3298 827 3329 cl'r.
862 3297 1018 3328 Oratoris
1044 3295 1082 3337 ὃ.
1117 3296 1199 3332 56.,
1236 3298 1394 3335 asperior
1418 3297 1603 3333 Moserus;
1642 3301 1743 3327 actor
1768 3294 1896 3334 sortior
1920 3295 2025 3328 Peter

276 3348 316 3375 ut
341 3340 378 3383 ὃ.
407 3342 487 3374 221.
513 3342 559 3375 Αι
584 3346 729 3385 pravior
754 3354 794 3378 ex
819 3346 921 3377 nimis
947 3344 1128 3377 arbitraria
1154 3346 1346 3378 mutatione
1373 3351 1451 3377 cum
1474 3343 1621 3379 Mediol.
1647 3342 1792 3376 Ascens.
1820 3341 1862 3375 E.
