2117 3762
251 265 330 306 162
906 260 977 301 DE
1008 260 1335 301 INVENTIONE

250 375 367 412 extra
398 369 633 425 periculum
665 366 833 422 quidem
864 369 992 412 esset,
1026 367 1308 408 crederemus.
1366 367 1507 412 Nunc,
1556 377 1650 404 cum
1690 362 1885 418 seriptum
1927 365 2004 412 sit,

249 432 467 475 amentiam
500 445 589 473 esse
621 429 734 477 eius,
767 426 837 482 qui
866 427 1062 482 peccarit,
1098 428 1235 482 potius
1266 441 1388 483 quam
1416 425 1520 480 legis
1550 424 1682 478 ipsius
1703 426 1830 466 verba
1854 439 2009 480 cogno-

249 510 382 538 scere.
443 495 517 535 His
548 499 590 534 et
617 491 857 533 huiusmodi
896 489 1130 531 rationibus
1169 489 1400 531 ostenditur
1441 502 1606 529 causam
1647 492 1765 528 extra
1809 486 2008 541 scriptum

249 557 379 613 accipi
408 572 493 598 non
524 562 732 610 oportere.
793 554 937 595 XLVI.
981 554 1074 593 135.
1120 552 1307 593 Secunda
1336 567 1432 608 pars
1463 557 1547 600 est,
1598 550 1641 591 in
1671 564 1750 605 qua
1782 555 1845 590 est
1873 554 2010 590 osten-

219 620 456 668 sdendum,
508 620 541 659 si
583 618 626 658 in
663 616 812 656 ceteris
855 613 1016 669 legibus
1063 619 1273 668 oporteat,
1318 616 1361 655 in
1400 615 1475 655 hac
1517 628 1602 655 non
1648 618 1859 667 oportere.
1919 613 2010 652 Hoc

249 682 619 727 demonstrabitur,
658 678 692 719 si
722 677 789 719 lex
820 683 890 718 aut
920 679 971 718 ad
1002 690 1070 718 res
1102 677 1322 724 maximas,
1363 676 1625 724 utilissimas,
1674 674 2008 720 honestissimas,

247 745 578 799 religiosissimas
616 740 826 783 videbitur
863 740 1094 795 pertinere;
1142 744 1212 779 aut
1251 738 1395 780 inutile
1426 746 1496 781 aut
1527 745 1645 794 turpe
1676 743 1746 779 aut
1775 736 1889 778 nefas
1920 749 2011 777 esse

247 807 317 848 tali
362 806 403 846 in
441 818 484 845 re
527 818 611 846 non
656 802 969 858 diligentissime
1009 803 1093 856 legi
1134 800 1450 856 obtemperare3
1498 807 1569 843 aut
1609 802 1663 842 ita
1693 800 1760 841 lex
1792 799 2012 853 diligenter

245 868 474 925 perscripta
497 865 870 914 demonstrabitur,
904 864 960 905 ita
981 870 1145 905 cautum
1176 877 1259 904 una
1289 877 1451 918 quaque
1483 866 1533 905 de
1553 879 1625 912 re,
1659 865 1729 912 ita,
1755 861 1866 918 quod
1888 875 2013 916 opor-

195 931 390 978 10tuerit,
422 935 666 984 exceptum,
712 934 755 969 ut
794 927 964 968 minime
1002 925 1222 967 conveniat
1252 926 1477 982 quidquam
1507 928 1549 967 in
1578 933 1660 968 tam
1692 924 1880 980 diligenti
1910 923 2014 965 scri-

245 1000 369 1047 ptura
389 993 658 1046 praeteritum
689 989 898 1035 arbitrari.
958 988 1123 1031 Tertius
1154 993 1217 1029 est
1246 990 1365 1029 locus
1396 988 1450 1037 ei,
1485 990 1556 1044 qui
1586 1005 1661 1042 pro
1695 990 1849 1044 scripto
1882 989 2011 1035 dicet,

245 1055 425 1097 maxime
466 1052 746 1102 necessarius,
794 1067 869 1108 per
908 1066 1032 1108 quem
1072 1056 1238 1107 oportet
1267 1053 1481 1099 ostendat,
1533 1053 1567 1092 si
1599 1053 1819 1093 conveniat
1848 1062 2014 1091 causam

246 1123 391 1160 contra
422 1116 620 1172 scriptum
652 1117 808 1170 accipi,
857 1129 948 1157 eam
978 1120 1116 1156 tamen
1146 1114 1318 1155 minime
1349 1118 1567 1169 oportere,
1599 1129 1704 1170 quae
1736 1116 1787 1155 ab
1821 1115 2014 1154 adversa-

244 1180 316 1222 riis
346 1178 560 1221 asseratur.
625 1180 718 1219 136.
754 1179 834 1227 Qui
864 1177 981 1219 locus
1011 1177 1165 1219 idcirco
1198 1182 1261 1218 est
1289 1176 1385 1218 huic
1407 1178 1684 1225 necessarius,
1717 1176 1829 1232 quod
1850 1187 2016 1229 semper

195 1254 231 1280 15
246 1245 302 1292 is,
349 1244 420 1297 qui
451 1247 596 1283 contra
626 1242 826 1296 scriptum
857 1241 992 1289 dicet,
1041 1241 1259 1296 aequitatis
1299 1239 1454 1295 aliquid
1495 1242 1640 1280 afferat
1671 1245 1849 1294 oportet.
1910 1241 2014 1279 Nam

245 1320 406 1349 summa
435 1304 696 1361 impudentia
725 1305 778 1345 sit
808 1318 924 1351 eum,
956 1304 1028 1358 qui
1058 1307 1203 1344 contra
1234 1316 1357 1357 quam
1386 1304 1499 1358 quod
1531 1302 1731 1355 scriptum
1753 1302 1825 1347 sit,
1858 1298 2016 1357 aliquid

244 1372 424 1426 probare
455 1367 579 1416 velit,
621 1381 706 1408 non
736 1365 955 1421 aequitatis
985 1364 1194 1420 praesidio
1225 1366 1267 1406 id
1297 1364 1434 1406 facere
1466 1366 1623 1407 conari.
1688 1365 1730 1406 Si
1761 1364 1860 1420 quid
1891 1364 2016 1417 igitur

247 1446 299 1473 ex
327 1432 404 1472 1130
435 1432 525 1485 ipsa
558 1427 798 1485 [quidpiam]
833 1433 1049 1469 accusator
1085 1429 1279 1482 deroget,
1331 1426 1523 1469 omnibus
1569 1426 1754 1483 partibus
1797 1428 1944 1468 iustius
1976 1433 2018 1465 et

245 1492 506 1550 probabilius
535 1506 730 1533 accusare
761 1493 965 1532 videatur.
1026 1492 1130 1531 Nam
1160 1492 1353 1546 superior
1383 1491 1516 1532 oratio
1548 1492 1629 1531 hoc
1661 1491 1795 1532 omnis
1824 1489 2015 1536 faciebat,

197 1572 233 1598 20
246 1558 326 1606 uti,
359 1555 517 1598 iudices
549 1556 710 1596 etiamsi
740 1554 921 1603 nollent,
955 1566 1124 1594 necesse
1156 1558 1290 1603 esset;
1324 1555 1426 1594 haec
1458 1559 1619 1602 autem,
1653 1554 1815 1594 etiamsi
1846 1565 2016 1594 necesse

247 1634 332 1661 11011
365 1623 490 1667 esset,
540 1623 586 1658 ut
614 1617 768 1659 vellent
798 1621 941 1657 contra
971 1617 1172 1658 iudicare.
1237 1619 1330 1657 137.
1375 1618 1421 1657 Id
1451 1622 1590 1658 autem
1621 1616 1715 1665 fiet,
1763 1615 1819 1664 si,
1866 1613 2017 1670 quibus

248 1697 301 1724 ex
331 1683 433 1723 locis
465 1682 587 1735 culpa
617 1678 968 1721 demonstrabitur
998 1693 1089 1721 esse
1120 1681 1161 1720 in
1193 1694 1266 1727 eo,
1318 1681 1390 1736 qui
1429 1679 1740 1734 comparatione
1780 1682 1851 1719 aut
1879 1690 2019 1719 remo-

246 1746 359 1786 tione
391 1748 462 1786 aut
490 1744 696 1784 relatio-ne
728 1741 910 1784 criminis
948 1746 1020 1783 aut
1057 1744 1337 1784 concessionis
1378 1744 1563 1798 partibus
1604 1756 1647 1784 se
1688 1740 1895 1790 defendit,
1951 1739 2016 1793 (de

248 1809 399 1862 quibus
428 1812 549 1855 ante,
596 1811 641 1847 ut
669 1807 904 1861 potuimus,
951 1804 1172 1859 diligenter
1202 1806 1552 1860 perscripsimus,)
1586 1807 1637 1846 de
1668 1806 1719 1845 iis
1749 1805 1878 1852 locis,
1912 1816 2018 1859 quae

197 1885 233 1911 25
248 1885 316 1912 res
353 1870 619 1926 postulabit,⁴
653 1871 705 1910 ad
747 1882 912 1909 causam
957 1869 1293 1909 adversariorum
1336 1867 1655 1923 improbandam
1694 1867 2014 1915 transferemus;

250 1939 321 1976 aut
351 1946 498 1975 causae
530 1937 571 1973 et
599 1931 782 1972 rationes
814 1930 1060 1978 afferentur,
1108 1944 1236 1986 quare
1275 1936 1316 1971 et
1356 1945 1438 1986 quo
1480 1931 1654 1970 consilio
1686 1931 1743 1970 ita
1773 1929 1823 1971 sit
1854 1928 1896 1970 in
1925 1928 2017 1981 lege

249 2002 319 2038 aut
346 1995 390 2037 in
419 1999 666 2036 testamento
700 1994 918 2046 scriptum;
958 1998 1003 2034 ut
1033 1995 1237 2034 sententia
1273 2007 1440 2048 quoque
1472 1998 1513 2034 et
1541 1992 1753 2034 voluntate
1784 1992 2016 2047 scriptoris,

249 2073 335 2100 non
364 2059 454 2111 ipsa
483 2057 617 2098 solum
649 2057 853 2111 scriptura
883 2069 1006 2096 causa
1036 2056 1279 2097 confirmata
1310 2070 1401 2097 esse
1431 2055 1646 2107 videatur3
1694 2060 1764 2097 aut
1793 2056 1884 2095 aliis
1916 2067 2019 2109 quo-

251 2136 332 2176 que
363 2119 727 2162 constitutionibus
757 2117 910 2160 factum
942 2124 1206 2172 coarguetur.

201 2198 237 2224 ³0
361 2184 526 2224 XLVII.
578 2184 671 2223 138.
726 2182 879 2223 Contra
919 2181 1119 2235 scriptum
1160 2186 1297 2222 autem
1338 2182 1409 2236 qui
1451 2181 1580 2230 dicet,
1625 2181 1806 2236 primum
1849 2179 2019 2222 inducet

253 2260 349 2288 eum
378 2245 541 2294 locum,
573 2258 651 2300 per
680 2259 805 2300 quem
836 2245 1020 2300 aequitas
1051 2258 1199 2286 causae
1230 2243 1539 2285 demonstretur
1551 2258 1561 2294 ;
1593 2248 1663 2284 aut
1684 2245 1900 2293 ostendet,
1933 2257 2016 2299 quo

252 2309 415 2357 animo,
460 2322 541 2364 quo
584 2307 784 2356 consilio,
832 2321 914 2362 qua
954 2309 1005 2348 de
1048 2321 1171 2348 causa
1206 2306 1373 2357 fecerim
1419 2312 1483 2356 et,
1526 2320 1816 2363 quamcunque
1855 2320 2020 2348 causam

253 2376 454 2419 assumet,
487 2369 780 2425 assumptionis
810 2371 997 2425 partibus
1028 2384 1072 2412 se
1104 2368 1320 2418 defendet,
1366 2369 1417 2410 de
1449 2368 1599 2424 quibus
1630 2376 1723 2411 ante
1754 2371 1909 2412 dictum
1940 2375 2016 2411 est.

253 2438 387 2489 Atque
418 2433 461 2474 in
490 2434 572 2474 hoc
600 2432 693 2474 loco
725 2446 818 2474 cum
850 2434 1004 2474 diutius
1035 2438 1316 2474 commoratus
1347 2433 1411 2473 sui
1439 2433 1535 2473 facti
1565 2434 1769 2474 rationem
1802 2438 1844 2474 et
1880 2431 2020 2488 aequi-

205 2519 240 2546 ³⁵
254 2501 380 2536 tatem
411 2509 559 2537 causae
590 2494 874 2543 exornaverit,
906 2501 993 2536 tum
1027 2511 1079 2537 ex
1108 2495 1174 2536 his
1205 2497 1307 2536 locis
1337 2494 1424 2537 fere
1454 2499 1598 2536 contra
1628 2494 1887 2537 adversarios
1909 2496 2018 2536 dicet

256 2562 454 2613 oportere
485 2572 627 2600 causas
658 2558 800 2613 accipi.
859 2561 1170 2600 Demonstrabit
1198 2559 1353 2600 nullam
1384 2572 1476 2600 esse
1507 2558 1666 2612 legem,
1701 2572 1806 2613 quae
1835 2558 2019 2613 aliquam

254 2635 346 2663 rem
376 2619 565 2662 inutilem
596 2626 666 2662 aut
695 2621 879 2675 iniquam
909 2620 1003 2663 fieri
1033 2624 1151 2672 velit;
1201 2621 1340 2664 omnia
1370 2620 1593 2677 supplicia,
1640 2635 1746 2676 quae
1777 2623 1828 2661 ab
1859 2619 2019 2675 legibus

255 2682 591 2739 proficiscantur,
626 2685 771 2739 culpae
793 2698 839 2725 ac
860 2685 1039 2726 malitiae
1059 2684 1331 2726 vindicandae
1361 2698 1483 2726 causa
1512 2683 1733 2725 constituta
1763 2697 1877 2734 esse;
1925 2685 2017 2724 139.

256 2748 503 2801 scriptorem
533 2748 693 2802 ipsum,
742 2748 776 2787 si
807 2748 1002 2797 exsistat,
1046 2749 1201 2790 factum
1239 2750 1320 2789 1100
1350 2749 1623 2803 probaturum
1655 2752 1695 2788 et
1724 2747 1836 2788 idem
1864 2747 2016 2802 ipsum,

349 2881 383 2913 2.
411 2882 484 2913 eius
507 2882 560 2913 rei
583 2882 641 2923 qui
665 2881 786 2913 PART
815 2886 848 2914 et
875 2886 1008 2913 tantum
1037 2890 1106 2914 non
1133 2891 1266 2914 omnes.
1296 2881 1348 2922 (In
1367 2884 1397 2915 R
1415 2886 1468 2916 est
1493 2881 1623 2922 glossa:
1653 2882 1820 2914 accusati.
1869 2881 1914 2913 Ut
1939 2889 2016 2919 nos,

258 2927 357 2960 Leid.
386 2927 448 2966 11.)
479 2944 513 2949 —
543 2929 600 2960 11.
629 2934 676 2961 esc
702 2929 797 2961 locus
822 2929 962 2960 PART:
995 2930 1087 2961 locus
1114 2934 1162 2961 est
1189 2930 1228 2961 E.
1249 2946 1290 2951 —
1317 2931 1374 2961 12.
1402 2932 1537 2970 oportet
1563 2930 1719 2961 ostendat
1737 2928 1882 2961 PART:
1911 2932 2020 2960 osten-

260 2975 321 3007 dat
347 2980 481 3015 oportet
507 2974 547 3008 E.
587 2992 628 2997 —
669 2976 724 3007 15.
763 2976 854 3007 dicet
879 2976 1020 3008 PART:
1064 2977 1147 3008 dicit
1174 2977 1215 3007 E.
1255 2991 1292 2999 —-
1330 2977 1385 3008 16.
1423 2974 1481 3015 sit]
1511 2979 1558 3006 est
1583 2976 1635 3013 R,
1663 2981 1702 3007 ut
1726 2977 1777 3015 L,
1822 2975 1946 3008 Gracv.
1977 2991 2015 2997 —

259 3030 364 3062 quam
389 3031 457 3053 om.
485 3022 527 3053 R.
555 3039 600 3044 —-
623 3023 716 3063 quod
742 3032 808 3054 oin.
836 3023 939 3054 PAT.
971 3039 1006 3044 —
1044 3023 1098 3054 17.
1129 3022 1167 3054 Si
1191 3020 1286 3064 quid]
1312 3023 1460 3055 Narrant
1484 3023 1700 3055 Victorinum
1727 3023 1854 3055 babere
1881 3023 1919 3055 Si
1944 3021 2020 3061 qui-

261 3068 334 3099 dem
360 3069 586 3109 probavitque
614 3070 677 3101 1100
702 3070 978 3102 Lindemannus.
1030 3070 1098 3102 Sed
1125 3070 1214 3101 Vict.
1244 3071 1420 3108 perbonus
1455 3068 1539 3101 Cod.
1569 3070 1674 3101 Basil.
1711 3071 1816 3103 habet
1848 3069 1885 3101 Si
1922 3068 2017 3108 quid,

260 3119 300 3144 ut
326 3114 397 3146 Cic.
427 3116 516 3146 libri.
547 3132 586 3138 -—
625 3116 682 3147 18.
718 3118 897 3158 quidpiam
922 3116 1027 3148 habet
1052 3116 1193 3158 quidem
1219 3116 1272 3154 V,
1312 3117 1372 3149 sed
1408 3125 1475 3148 om.
1504 3117 1529 3149 P
1548 3117 1678 3157 aliique
1705 3117 1862 3150 nonnulli
1901 3123 2019 3155 neque

262 3162 332 3192 coit
358 3169 435 3192 cum
461 3163 566 3201 quid;
595 3164 750 3202 quipiam
775 3164 904 3196 Medic.
932 3164 1031 3196 alter.
1081 3163 1172 3197 Nos.
1200 3167 1319 3203 utpote
1339 3163 1550 3199 delendum,
1581 3164 1798 3196 seclusimus.
1827 3163 1895 3195 cfr.
1915 3161 2019 3193 modo

260 3206 298 3248 §-
327 3207 406 3239 142.
436 3223 474 3229 -
501 3209 557 3239 22.
586 3219 654 3241 esse
679 3210 789 3241 PAT:
818 3211 926 3243 inesse
951 3211 1052 3243 Voss.
1080 3210 1109 3240 Ι.
1137 3209 1237 3241 Leid.
1264 3210 1329 3241 111.
1347 3234 1356 3248 ,
1383 3219 1454 3242 non
1479 3219 1546 3243 esse
1572 3211 1646 3242 RE.
1677 3227 1716 3234 —
1742 3211 1799 3242 24.
1825 3211 1869 3241 iis
1894 3208 2016 3240 Lamb-

262 3258 297 3285 et
324 3253 465 3285 roi-tasse
491 3255 543 3286 R:
572 3256 623 3287 his
647 3256 782 3288 ΡΑΤΕ.
805 3274 843 3280 —-
872 3258 929 3289 25.
956 3257 1024 3296 res]
1048 3258 1144 3288 ratio
1170 3257 1213 3287 R.
1236 3273 1275 3278 ——
1304 3257 1359 3290 28.
1387 3257 1562 3297 scripturci
1590 3258 1796 3289 Schutzius:
1823 3257 2020 3296 scripturae

262 3309 340 3332 cum
367 3300 461 3331 libris
488 3301 525 3332 E.
556 3319 596 3325 —
627 3304 835 3345 confirmata
860 3305 972 3336 PAT:
1001 3304 1242 3345 confirmatum
1268 3304 1340 3335 RE.
1369 3320 1410 3326 -
1450 3304 1506 3335 30.
1535 3306 1672 3336 inducet
1694 3313 1770 3335 eum
1794 3303 1938 3343 PART,
1965 3303 2016 3334 L:

261 3356 337 3380 eum
360 3347 499 3379 traducet
522 3346 595 3381 VE.
625 3366 662 3373 —-
691 3350 748 3382 34.
775 3353 813 3383 in
838 3351 899 3384 hoc
926 3351 1073 3392 PART,
1101 3351 1152 3383 L:
1179 3351 1241 3383 hoc
1266 3352 1304 3384 in
1329 3351 1368 3384 E.
1395 3367 1437 3374 -—
1465 3351 1523 3385 37.
1551 3352 1594 3385 ab
1619 3351 1762 3384 PART:
1789 3360 1812 3384 a
1838 3351 1879 3383 E.
