2117 3762
693 244 792 284 LlB.
826 243 858 282 1.
921 244 966 284 C.
1000 245 1065 285 37.
1096 244 1163 285 38.
1194 245 1262 284 39.
1296 245 1363 285 40.
1808 252 1884 292 115

135 362 261 403 quum
293 353 375 394 est,
409 362 460 388 ex
492 346 665 388 utilitate
697 348 756 387 rei
788 349 977 401 publicae
1010 349 1285 391 considerate.
1349 347 1459 399 Quid
1490 350 1599 390 enim
1631 353 1759 404 magis
1787 356 1886 395 utile

134 411 211 451 suit
240 411 447 451 Thebanis
478 423 600 464 quam
632 410 985 451 Lacedaemonios
1017 413 1222 467 opprimi?
1273 413 1346 454 Cui
1388 413 1446 453 rei
1478 414 1608 466 magis
1638 415 1889 466 Epaminon-

134 474 227 513 dam
245 504 254 520 ,
288 474 583 513 Thebanorum
612 472 929 525 imperatorem,
962 488 1083 528 quam
1107 475 1303 514 victoriae
1326 475 1641 521 Thebanorum,
1674 477 1888 518 consulere

134 533 300 575 decuit?
343 536 451 584 Quid
483 536 590 574 hunc
623 539 730 573 tanta
763 535 1055 575 Thebanorum
1088 537 1241 588 gloria,
1276 543 1356 577 tam
1392 538 1504 578 claro
1535 543 1656 590 atque
1688 546 1887 580 exornato

134 603 328 651 tropaeo,
363 597 497 637 carius
528 602 650 650 atque
683 597 891 651 antiquius
924 598 1077 638 habere
1110 599 1329 638 convenit?
1372 600 1532 653 Scripto
1564 600 1760 640 videlicet
1788 602 1920 655 legiss

134 660 312 707 omisso,
346 657 558 713 scriptoris
589 658 832 698 sententiam
867 661 1129 700 considerare
1161 659 1352 700 debebat.
1415 665 1464 702 At
1495 662 1572 702 hoc
1605 663 1770 716 quidem
1796 664 1891 704 satis

135 722 441 762 consideratum
465 725 544 766 est,
567 719 720 761 nullam
744 736 833 761 esse
856 722 989 775 legem
1012 722 1088 762 nisi
1112 723 1169 762 rei
1192 721 1378 776 publicae
1399 738 1520 766 causa
1538 726 1742 779 scriptam.
1774 727 1892 766 Sum·

134 797 242 824 mam
258 785 384 837 igitur
399 783 619 823 amentiam
643 798 732 824 esse
756 784 1040 832 existimabat,
1060 787 1170 839 quod
1195 786 1389 839 scriptum
1413 792 1522 827 esset
1543 786 1601 827 rei
1621 788 1809 842 publicae
1831 802 1895 829 sa·-

134 846 229 886 lutis
250 858 391 891 causa,
414 844 455 886 id
476 858 559 886 non
583 858 633 886 ex
657 847 716 886 rei
742 846 927 901 publicae
950 848 1085 887 salute
1108 848 1382 900 interpretari.
1425 850 1582 898 Quodsi
1609 849 1720 903 leges
1750 864 1894 891 omnes

132 908 183 948 ad
204 906 420 947 utilitatem
438 908 500 948 rei
522 906 711 962 publicae
730 910 876 949 referri
894 910 1105 956 convenit,
1130 908 1194 949 hic
1212 915 1348 950 autem
1371 912 1490 952 saluti
1513 914 1572 953 rei
1590 912 1779 967 publicae
1797 925 1895 968 pro·
1908 931 1943 956 10

131 967 229 1016 suit,
266 969 453 1023 profecto
478 984 561 1010 non
583 976 717 1022 potest
743 973 892 1012 eodem
915 970 1022 1012 sacto
1049 976 1090 1011 et
1110 971 1399 1013 communibus
1430 972 1606 1015 fortunis
1639 974 1894 1016 consuluisse

133 1037 173 1072 et
193 1031 354 1086 legibus
375 1044 457 1072 non
481 1033 805 1087 obtemperasse.
869 1034 1062 1074 xxxlx.
1097 1035 1165 1074 70.
1201 1035 1405 1082 Quattuor
1434 1042 1571 1077 autem
1593 1038 1776 1091 partibus
1797 1050 1896 1078 con-

132 1099 211 1134 stat
237 1096 563 1149 argumentatio,
601 1109 692 1136 cum
715 1103 783 1136 aut
810 1097 1080 1151 proponimus
1109 1102 1179 1137 aut
1201 1098 1447 1139 assumimus
1477 1100 1562 1140 sine
1584 1100 1894 1155 approbatione.

134 1156 179 1196 Id
202 1153 338 1197 facere
370 1163 555 1211 oportet,
588 1172 681 1200 cum
709 1165 778 1199 aut
802 1158 1032 1213 propositio
1054 1172 1107 1199 ex
1129 1173 1171 1200 se
1194 1159 1440 1214 intelligitur
1463 1167 1531 1202 aut
1552 1163 1776 1217 assumptio
1802 1175 1895 1217 per·-

133 1219 276 1273 spicua
315 1225 378 1260 est
413 1227 455 1260 et
492 1220 644 1261 nullius
681 1222 992 1276 approbationis
1023 1222 1195 1275 indiget.
1258 1222 1558 1277 Propositionis
1590 1226 1894 1278 approbatione
1911 1241 1945 1267 ιε

132 1282 379 1336 praeterita,
412 1289 608 1337 quattuor
638 1298 691 1324 ex
721 1282 907 1338 partibus
936 1285 1239 1337 argumentatio
1272 1290 1470 1326 tractatur
1500 1287 1550 1326 ad
1571 1287 1680 1328 hunc
1703 1290 1896 1329 modum:

134 1345 318 1391 Iudices,
350 1344 420 1399 qui
451 1360 503 1386 ex
534 1347 627 1400 lege
658 1345 780 1386 iurati
813 1347 1022 1392 iudicatis,
1061 1347 1352 1400 obtemperare
1384 1346 1544 1400 legibus
1576 1350 1752 1390 debetis.
1814 1351 1898 1392 Ob-

135 1412 367 1461 temperare
398 1413 536 1448 autem
568 1409 732 1462 legibus
771 1422 854 1449 non
893 1409 1086 1463 potestis,
1134 1409 1214 1449 nisi
1245 1410 1313 1457 id,
1366 1411 1478 1464 quod
1522 1411 1720 1465 scriptum
1757 1418 1819 1453 est
1855 1414 1898 1453 in

134 1467 246 1524 lege,
293 1471 540 1525 sequamini.
604 1472 727 1519 Quod
769 1471 879 1510 enim
911 1472 1062 1512 certius
1091 1470 1194 1525 legis
1225 1473 1404 1526 scriptor
1434 1473 1720 1515 testimonium
1750 1473 1899 1516 volun-

134 1533 229 1572 tatis
259 1546 356 1573 suae
390 1531 623 1587 relinquere
654 1533 790 1585 potuit
821 1547 944 1588 quam
976 1535 1088 1589 quod
1119 1534 1205 1588 ipse
1238 1547 1387 1588 magna
1417 1549 1509 1575 cum
1531 1549 1630 1577 cura
1651 1544 1773 1591 atque
1805 1538 1898 1577 dili-
1912 1552 1948 1577 20

135 1594 271 1649 gentia
302 1595 499 1649 scripsit?
541 1594 699 1644 Quodsi
732 1594 889 1636 litterae
921 1608 1004 1636 non
1036 1601 1271 1645 exstarent,
1315 1611 1466 1651 magno
1499 1611 1627 1653 opere
1661 1613 1729 1640 eas
1759 1601 1899 1655 requi-

134 1670 348 1703 remmus,
394 1662 440 1698 ut
477 1671 527 1698 ex
567 1657 615 1697 iis
657 1656 871 1711 scriptoris
903 1659 1096 1698 voluntas
1127 1666 1475 1711 cognosceretur;
1517 1674 1593 1701 nec
1625 1666 1761 1702 tamen
1790 1663 1900 1714 Epa-

136 1719 358 1760 minondae
381 1720 734 1773 permitteremus,
767 1732 818 1759 ne
849 1720 882 1759 si
914 1725 1033 1760 extra
1063 1720 1260 1761 iudicium
1291 1720 1460 1776 quidem
1492 1729 1621 1770 esset,
1652 1729 1697 1764 ut
1722 1723 1757 1764 is
1778 1725 1900 1765 nohis

135 1782 382 1821 sententiam
441 1780 544 1834 legis
590 1781 959 1836 interpretaretur;
1012 1784 1165 1823 nedum
1205 1797 1313 1824 nunc
1357 1783 1481 1825 istum
1527 1787 1753 1838 patiamur,
1807 1799 1899 1828 cum

134 1848 303 1898 praesto
335 1842 401 1883 lex
431 1844 503 1889 sit,
536 1856 618 1884 non
651 1858 704 1884 ex
736 1858 812 1892 eo,
847 1846 957 1897 quod
987 1845 1247 1899 apertissime
1279 1847 1476 1901 scriptum
1508 1853 1599 1896 est,
1644 1846 1714 1889 sed
1746 1862 1798 1889 ex
1829 1862 1948 1896 eo,2⁵

135 1903 247 1960 quod
277 1918 374 1946 suae
407 1919 555 1946 causae
587 1907 807 1954 convenit,
855 1907 1070 1961 scriptoris
1102 1907 1355 1948 voluntatem
1386 1909 1662 1965 interpretari.
1740 1912 1899 1960 Quodsi

136 1981 235 2016 vos,
282 1967 467 2016 iudices,
513 1966 676 2021 legibus
719 1966 1011 2022 obtemperare
1060 1967 1222 2010 debetis
1254 1976 1294 2010 et
1331 1972 1374 2011 id
1411 1970 1546 2012 facere
1588 1985 1671 2013 non
1707 1975 1896 2026 potestis,

135 2029 216 2071 nisi
244 2029 313 2078 id,
346 2031 459 2085 quod
497 2030 696 2083 scriptum
730 2036 792 2070 est
821 2031 863 2070 in
898 2031 1012 2084 lege,
1058 2031 1317 2085 sequamini,
1363 2032 1462 2087 quid
1493 2047 1640 2075 causae
1673 2042 1755 2084 est,
1802 2037 1900 2091 quin

136 2093 261 2134 istum
293 2099 438 2134 contra
467 2091 602 2147 legem
633 2091 780 2133 fecisse
810 2092 1034 2133 iudicetis?
1086 2095 1154 2133 71.
1196 2096 1500 2148 Assumptionis
1530 2103 1667 2137 autem
1697 2098 1900 2152 approba-

136 2154 250 2196 tione
280 2154 530 2210 praeterita,
573 2156 873 2210 quadripartita
902 2157 960 2196 sic
991 2155 1063 2196 [iet
1091 2159 1425 2210 argumentatio:
1480 2159 1560 2208 Qui
1597 2173 1897 2213 saepenumero
1913 2177 1948 2204 30

136 2230 214 2257 nos
243 2229 320 2272 per
347 2216 474 2259 fidem
503 2216 766 2266 fefellerunt,
815 2231 960 2259 eorum
1000 2218 1178 2260 orationi
1218 2218 1342 2260 fidem
1380 2222 1537 2262 hahere
1568 2235 1650 2264 non
1682 2224 1895 2264 debemus.

139 2280 182 2320 Si
211 2280 311 2334 quid
341 2281 453 2321 enim
482 2278 656 2335 perfidia
684 2279 853 2321 illorum
884 2281 1122 2322 detrimenti
1151 2283 1456 2337 acceperimuS,
1489 2298 1611 2325 nemo
1637 2286 1716 2326 erit
1736 2291 1899 2341 praeter

137 2347 303 2383 nosmet
332 2343 469 2398 ipsos,
516 2356 638 2398 quem
669 2343 760 2384 iure
792 2356 989 2384 accusare
1021 2343 1243 2397 possimus.
1309 2347 1368 2386 Ac
1398 2345 1531 2400 primo
1564 2346 1732 2401 quidem
1764 2347 1897 2401 decipi

137 2404 451 2446 incommodum
472 2412 555 2456 est;
587 2406 753 2454 iterum,
786 2407 982 2455 stultun13
1016 2407 1153 2454 tertio,
1187 2412 1322 2460 turpe.
1381 2409 1742 2462 Karthaginienses
1762 2416 1896 2450 autem

138 2478 338 2522 persaepe
369 2468 451 2507 iam
483 2480 559 2509 nos
588 2465 841 2508 fefellerunt.
913 2469 1081 2509 Summa
1111 2469 1238 2521 igitur
1267 2472 1447 2512 amentia
1478 2476 1540 2512 est
1570 2472 1612 2511 in
1642 2485 1786 2514 eorum
1818 2470 1897 2511 fide
1912 2488 1946 2514 3⁵

138 2542 257 2582 spem
286 2530 469 2578 habere,
518 2544 697 2586 quorum
726 2528 900 2585 perfidia
930 2531 1052 2571 toties
1082 2532 1279 2584 deceptus
1309 2532 1380 2574 sis.
1442 2535 1510 2574 72.
1544 2535 1719 2590 Utraque
1750 2546 1899 2587 appro-

139 2591 308 2632 batione
337 2591 592 2647 praeterita‚
635 2593 839 2645 tripartita
877 2591 950 2641 fit,
989 2595 1068 2634 hoc
1105 2602 1255 2649 pacto:
1307 2599 1388 2637 Aut
1422 2602 1653 2637 metuamus
1683 2593 1899 2648 Karthagi-

140 2654 304 2696 nienses
325 2661 512 2710 oportet,
542 2656 576 2696 si
606 2654 838 2696 incolumes
869 2670 941 2697 eos
971 2656 1282 2711 reliquerimus;
1314 2664 1385 2699 aut
1415 2672 1559 2699 eorum
1592 2660 1737 2698 urbem
1761 2657 1898 2697 dirua-

142 2729 246 2758 mus.
289 2718 348 2758 Ac
365 2723 551 2759 metuere
574 2717 743 2772 quidem
765 2731 849 2758 non
871 2723 1051 2772 oportet.
1101 2720 1241 2760 Restat
1262 2720 1408 2773 igitur,
1440 2726 1484 2761 ut
1504 2718 1647 2760 urbem
1669 2718 1893 2759 diruamus.

253 2780 344 2820 XL.
392 2781 495 2821 Sunt
527 2786 691 2828 autem,
735 2780 804 2834 qui
845 2785 991 2835 putant
1027 2794 1326 2837 nonnunquam
1357 2795 1479 2836 posse
1510 2781 1798 2835 complexione
1829 2795 1896 2822 su·
1910 2801 1946 2826 ω

142 2842 380 2896 persederi,
424 2855 518 2883 cum
548 2844 590 2883 id
620 2843 885 2897 perspicuum
916 2841 993 2890 sit,
1041 2845 1152 2898 quod
1192 2842 1433 2884 conficiatur
1470 2858 1522 2884 ex
1552 2843 1893 2891 ratiocinatione;

143 2904 255 2959 quod
283 2904 318 2945 si
346 2902 442 2954 fiat,
483 2906 721 2961 bipartitam
751 2918 917 2960 quoque
947 2904 1037 2946 fieri
1076 2908 1502 2960 argumentationem,
1542 2907 1623 2946 hoc
1653 2906 1808 2946 modo:
1853 2906 1897 2946 Si

236 3042 271 3073 1.
299 3043 388 3073 em'm
412 3052 482 3075 om.
507 3043 608 3076 PAT.
638 3060 679 3067 —-
720 3045 754 3076 2.
789 3045 857 3086 suit
883 3044 1051 3076 Thebanis
1078 3044 1252 3076 VPART:
1289 3045 1454 3076 Thebanis
1478 3045 1545 3084 fuit
1572 3044 1612 3075 E.
1644 3061 1682 3066 —
1721 3043 1756 3075 5.
1793 3049 1899 3084 atque

143 3086 204 3121 AT
221 3089 379 3130 aliique:
406 3094 467 3122 aut
494 3090 521 3121 E
548 3099 625 3123 cum
650 3091 681 3122 R
706 3097 741 3124 et
765 3100 853 3123 corr.
880 3091 919 3122 P.
948 3089 1002 3130 (at
1028 3100 1079 3130 pr.
1107 3091 1161 3133 P.)
1182 3109 1219 3115 —-
1247 3092 1281 3123 6.
1307 3093 1351 3122 At
1376 3091 1401 3122 P
1425 3091 1579 3131 aliique:
1606 3090 1660 3121 Aa
1676 3089 1737 3122 AT
1754 3113 1762 3128 ,
1788 3092 1898 3132 Atque

144 3135 218 3167 RE.
249 3151 293 3158 —
330 3135 386 3167 17.
415 3137 649 3177 obtemperare
672 3137 800 3178 legibus
825 3137 886 3169 AT
912 3142 947 3170 et
973 3145 1061 3169 corr.
1088 3138 1140 3169 P:
1180 3139 1310 3178 leyibus
1335 3137 1567 3175 obtemperare
1592 3138 1666 3169 RE.
1693 3153 1736 3159 —
1777 3138 1834 3169 18.
1862 3137 1899 3168 id

145 3191 215 3214 om.
241 3182 289 3219 Ρ,
318 3187 358 3213 ut
384 3180 508 3215 Graev.
539 3199 576 3206 —
617 3183 673 3215 19.
699 3184 883 3225 sequimini
906 3184 1009 3215 ΡΑΤ.
1046 3201 1090 3206 -
1125 3184 1181 3216 22.
1212 3187 1254 3215 iis
1281 3184 1326 3214 P:
1354 3184 1406 3214 his
1433 3192 1511 3215 cum
1537 3187 1661 3216 ceteris
1686 3183 1726 3215 E.
1757 3200 1798 3207 -—
1837 3182 1895 3214 28.

143 3228 216 3260 nisi
239 3227 277 3260 id
303 3228 395 3271 quod
421 3228 566 3261 PART:
603 3230 672 3261 nisi
695 3231 786 3270 quod
812 3235 894 3265 (om.
923 3230 974 3271 id)
1002 3231 1040 3262 E.
1079 3245 1121 3252 -
1162 3233 1198 3261 in
1223 3232 1295 3270 Ieye
1318 3245 1332 3250 -
1355 3245 1369 3250 —
1394 3238 1520 3262 causae
1542 3234 1591 3262 est
1615 3239 1684 3263 om.
1710 3229 1750 3261 P.
1780 3247 1815 3254 —
1860 3231 1898 3260 in

146 3274 217 3316 leqe
242 3284 311 3307 om.
339 3275 413 3307 AT.
441 3292 480 3298 -
508 3284 633 3307 causae
659 3274 722 3315 esc]
749 3276 920 3308 dubitatis
944 3277 1048 3308 ΛΚΤ.
1083 3293 1120 3299 -
1156 3277 1213 3307 33.
1240 3278 1394 3315 primum
1419 3277 1503 3317 AT,
1530 3277 1570 3309 L.
1597 3294 1642 3300 -—
1679 3276 1737 3309 39.
1764 3274 1826 3317 Ac]
1853 3277 1898 3307 At

146 3320 201 3361 R,
227 3321 268 3354 1..
299 3336 326 3344 -
363 3322 423 3355 40.
448 3325 577 3363 putant
601 3321 724 3354 PART
752 3331 830 3355 cum
857 3325 980 3356 ceteris
1006 3324 1119 3355 notis:
1143 3326 1267 3363 patent
1293 3323 1319 3354 E
1345 3324 1437 3357 coni.
