2117 3762
256 296 335 338 152
911 292 980 333 DE
1011 293 1338 334 INVENTIONE

255 403 450 444 strabitur
480 400 617 456 aliqua
645 399 838 440 fortunae
867 397 930 438 vis
961 399 1166 440 voluntati
1194 399 1425 448 obstitisse,
1459 404 1503 439 ut
1533 398 1574 440 in
1604 400 1711 440 hac:
1747 400 1848 442 Cum
1880 404 2003 443 Lace-

255 463 483 506 daemoniis
514 465 582 504 lex
612 466 738 508 esset,
769 465 835 508 ut,
876 461 1032 500 hostias
1062 462 1140 501 nisi
1170 461 1220 502 ad
1251 462 1495 503 sacrificium
1530 461 1737 517 quoddam
1766 465 2007 517 redemptor

254 525 535 580 praebuisset,
570 524 717 576 capital
748 526 881 570 esset,
914 523 1068 564 hostias
1100 522 1157 571 is,
1192 525 1261 578 qui
1290 528 1542 572 redemerat,
1576 537 1668 564 cum
1700 523 1888 566 sacrificii
1918 526 2007 568 dies

254 591 447 636 instaret,
479 588 521 628 in
549 588 696 627 urbem
728 598 780 625 ex
809 599 909 638 agro
940 586 1079 638 coepit
1107 599 1243 639 agere.
1303 590 1406 628 Tum
1437 589 1571 628 subito
1603 586 1763 640 magnis
1791 589 2007 630 commotis

226 650 566 706 stempestatibus
597 648 746 688 fluvius
777 648 954 688 Eurotas
985 648 1047 696 is,
1093 649 1163 701 qui
1202 654 1366 703 praeter
1395 652 1753 690 Lacedaemonem
1783 649 1903 698 fluit,
1953 651 2009 692 ita

255 726 428 766 magnus
460 717 500 752 et
527 709 749 751 vehemens
780 708 910 750 factus
942 715 1019 756 est,
1052 715 1097 750 ut
1129 725 1178 751 ea
1208 713 1367 752 traduci
1396 712 1586 753 victimae
1617 711 1729 752 nullo
1759 714 1884 753 modo
1913 726 2010 768 pos-

255 780 360 817 sent.
421 776 489 814 97.
522 770 777 825 Redemptor
806 785 904 812 suae
935 772 1157 813 voluntatis
1182 772 1462 815 ostendendae
1485 788 1605 815 causa
1626 775 1780 815 hostias
1802 776 2011 817 constituit

257 851 399 880 omnes
439 837 481 875 in
520 834 662 880 litore,
710 839 777 883 ut,
825 834 896 889 qui
934 840 1046 875 trans
1088 836 1243 876 flumen
1285 841 1442 883 essent,
1492 837 1634 878 videre
1666 842 1846 891 possent.
1909 839 2011 879 Cum

257 912 399 942 omnes
430 896 566 939 studio
598 896 685 937 eius
717 898 893 938 subitam
924 897 1104 938 fluminis
1135 898 1459 951 magnitudinem
1490 899 1641 940 scirent
1671 900 1798 940 fuisse
1837 899 2012 953 impedi-

206 975 241 1000 10
256 967 414 1017 mento,
446 965 584 1000 tamen
616 958 782 1014 quidam
815 959 958 1014 capitis
989 959 1279 1000 arcessierunt.
1340 960 1518 1001 Intentio
1551 968 1629 1003 est:
1681 964 1874 1011 Hostiae,
1909 977 2010 1017 quas

256 1023 434 1065 debuisti
454 1024 505 1063 ad
526 1021 791 1070 sacrificium,
822 1027 990 1075 praesto
1011 1037 1096 1063 non
1117 1022 1297 1064 fuerunt.
1332 1023 1555 1076 Depulsioz
1591 1027 1817 1068 concessio.
1865 1027 2007 1067 Ratio:

253 1087 425 1129 Flumen
456 1084 565 1126 enim
598 1083 733 1125 subito
765 1086 944 1126 accrevit
973 1091 1013 1127 et
1044 1099 1093 1126 ea
1122 1099 1166 1126 re
1196 1085 1354 1126 traduci
1384 1099 1468 1126 non
1497 1092 1730 1140 potuerunt.
1788 1087 2011 1130 Infirmatio

256 1154 345 1190 est:
380 1151 556 1195 Tamen,
590 1147 806 1202 quoniam,
838 1147 950 1202 quod
980 1148 1046 1189 lex
1076 1150 1213 1196 iubet,
1247 1147 1397 1189 sactum
1419 1163 1500 1189 non
1526 1155 1606 1196 cst,
1638 1149 1841 1202 supplicio
1865 1150 2012 1204 dignus

257 1227 312 1255 es.
369 1211 572 1251 Iudicatio
604 1214 692 1250 est:
742 1210 844 1249 Cum
876 1211 918 1250 in
951 1224 997 1250 ea
1027 1225 1072 1251 re
1103 1214 1245 1251 contra
1275 1210 1409 1264 legem
1439 1209 1682 1265 redemptor
1711 1211 1879 1260 fecerit,
1934 1227 2013 1268 qua

204 1274 297 1316 15in
327 1288 373 1315 re
403 1271 540 1313 studio
572 1273 660 1312 eius
690 1272 824 1313 subita
856 1272 1035 1313 fluminis
1067 1273 1274 1314 obstiterit
1293 1271 1552 1325 magnitudo,
1585 1272 1787 1327 supplicio
1810 1273 2013 1327 dignusne

255 1338 340 1378 sit?
397 1336 571 1376 XXXII.
619 1335 684 1375 98.
732 1335 1004 1376 Necessitudo
1034 1341 1172 1377 autem
1202 1334 1398 1382 infertur,
1432 1349 1525 1376 cum
1554 1334 1595 1376 vi
1626 1337 1802 1390 quadam
1832 1351 1927 1378 reus
1959 1337 2012 1385 id,

256 1398 369 1455 quod
399 1398 567 1445 fecerit,
597 1396 746 1438 secisse
778 1396 1035 1446 defenditur,
1069 1399 1149 1439 hoc
1181 1398 1337 1439 modo:
1371 1400 1458 1439 Lex
1491 1403 1552 1438 est
1581 1397 1691 1453 apud
1721 1398 1924 1447 Rhodios,
1955 1405 2012 1446 ut,

256 1462 291 1504 si
322 1476 402 1517 qua
431 1465 608 1502 rostrata
636 1460 679 1500 in
709 1465 834 1513 portu
865 1459 979 1501 navis
1011 1460 1267 1513 deprehensa
1301 1460 1374 1508 sit,
1415 1461 1663 1515 publicetur.
1720 1462 1834 1505 „Cum
1867 1476 2015 1516 magna

255 1527 299 1565 in
329 1526 411 1566 alto
443 1528 664 1579 tempestas
695 1528 832 1571 esset,
881 1525 942 1563 vis
974 1528 1192 1564 ventorum
1233 1523 1372 1564 invitis
1404 1525 1539 1564 nautis
1572 1522 1824 1564 Rhodiorum
1855 1524 1897 1565 in
1917 1538 2017 1577 por-

207 1598 243 1623 20
258 1593 343 1629 tum
374 1600 520 1628 navem
553 1585 701 1641 coegit.
766 1587 972 1635 Quaestor
1001 1600 1151 1627 navem
1183 1586 1329 1640 populi
1349 1591 1480 1628 vocat.
1540 1586 1661 1627 Navis
1683 1585 1874 1628 dominus
1895 1592 2017 1640 negat

258 1655 453 1704 oportere
482 1649 705 1702 publicari.
766 1649 942 1690 Intentio
990 1653 1078 1690 est:
1131 1651 1322 1690 Rostrata
1362 1650 1478 1690 navis
1522 1649 1565 1690 in
1602 1655 1726 1702 portu
1758 1649 2018 1704 deprehensa

259 1719 334 1755 est.
394 1713 621 1767 Depulsio:
671 1712 901 1754 concessio.
969 1711 1114 1753 Ratio:
1166 1713 1215 1753 Vi
1254 1718 1295 1753 et
1333 1711 1570 1753 necessario
1609 1726 1750 1753 sumus
1780 1713 1822 1752 in
1852 1717 2018 1767 portum

258 1775 403 1817 coacti.
465 1773 688 1816 Infirmatio
721 1779 807 1815 est:
854 1776 1010 1815 Navem
1041 1787 1094 1815 ex
1124 1776 1217 1828 lege
1249 1781 1386 1816 tamen
1416 1775 1562 1830 populi
1593 1788 1683 1815 esse
1715 1779 1892 1829 oportet.
1951 1775 2018 1814 Iu-

258 1837 411 1879 dicatio
443 1842 532 1878 est:
584 1839 683 1879 Cum
715 1841 935 1878 rostratam
963 1850 1110 1878 navem
1141 1839 1183 1878 in
1214 1844 1336 1893 portu
1369 1837 1668 1893 deprehensam
1700 1838 1769 1878 lexz
1798 1837 2019 1890 publicarit

208 1911 244 1936 25
259 1915 435 1955 cumque
466 1903 569 1941 haec
602 1899 717 1941 navis
750 1900 888 1941 invitis
922 1902 1056 1941 nautis
1090 1900 1131 1941 vi
1170 1900 1423 1955 tempestatis
1454 1902 1495 1941 in
1531 1905 1698 1955 portum
1731 1902 1918 1941 coniecta
1952 1901 2016 1947 sit,

259 1970 502 2020 oporteatne
535 1978 625 2005 eam
660 1962 897 2018 publicari?
955 1965 1023 2003 99.
1060 1963 1222 2003 Horum
1252 1963 1375 2003 trium
1406 1975 1601 2015 generum
1638 1962 1794 2003 idcirco
1823 1963 1863 2002 in
1890 1976 2016 2003 unum

258 2029 397 2068 locum
430 2027 677 2067 contulimus
723 2027 937 2079 exempla,
987 2027 1097 2080 quod
1132 2024 1275 2065 similis
1310 2024 1351 2065 in
1391 2039 1440 2066 ea
1474 2027 1711 2080 praeceptio
1753 2030 2017 2079 argumento-

259 2104 351 2131 rum
390 2088 579 2129 traditur.
657 2091 761 2128 Nam
800 2088 842 2129 in
886 2089 948 2128 his
980 2087 1173 2129 omnibus
1204 2088 1404 2141 primum,
1456 2089 1489 2127 si
1534 2087 1631 2141 quid
1673 2101 1740 2128 rcs
1776 2089 1865 2142 ipsa
1905 2087 2018 2127 dabit

259 2151 486 2199 facultatis,
520 2151 800 2191 coniecturam
837 2149 977 2190 induci
1008 2152 1058 2190 ab
1095 2155 1334 2191 accusatore
1375 2150 1604 2205 oportebit,
1637 2156 1681 2190 ut
1705 2149 1768 2197 id,
1807 2151 1918 2205 quod
1946 2163 2020 2190 vo-

211 2214 414 2255 aoluntate
434 2213 586 2254 factum
608 2211 847 2267 negabitur,
880 2211 1066 2253 consulto
1092 2211 1245 2252 factum
1272 2213 1507 2267 suspicione
1532 2211 1667 2266 aliqua
1689 2210 2016 2261 demonstretur3

262 2278 412 2317 deinde
444 2275 640 2316 inducere
685 2273 964 2316 definitionem
996 2274 1311 2315 necessitudinis
1347 2281 1416 2315 aut
1458 2289 1574 2316 casus
1614 2280 1683 2315 aut
1717 2274 2019 2329 imprudentiae

263 2345 303 2380 et
332 2338 521 2392 exempla
547 2340 598 2379 ad
629 2351 719 2379 eam
750 2338 1034 2378 definitionem
1064 2339 1286 2390 adiungere
1304 2370 1313 2384 ‚
1346 2338 1388 2379 in
1418 2339 1566 2393 quibus
1592 2336 1868 2392 imprudentia
1893 2335 2019 2378 fuisse

260 2401 453 2444 videatur
492 2407 560 2443 aut
605 2414 723 2442 casus
761 2405 830 2440 aut
866 2398 1155 2448 necessitudo,
1204 2406 1242 2441 et
1272 2402 1322 2441 ab
1358 2400 1421 2441 his
1453 2400 1524 2449 id,
1576 2399 1688 2455 quod
1725 2413 1822 2441 rcus
1853 2398 2016 2447 inferat,

263 2478 479 2518 separare,
511 2466 552 2505 id
588 2469 675 2510 est,
708 2462 927 2504 ostendere
961 2462 1180 2510 dissimile,
1226 2463 1336 2517 quod
1364 2463 1517 2511 levius,
1560 2463 1748 2511 facilius,
1789 2476 1872 2502 non
1902 2461 2021 2516 igno-

215 2533 249 2559 ³⁵
263 2527 415 2575 rabile,
448 2542 530 2567 non
560 2525 800 2574 fortuitum,
842 2538 926 2566 non
952 2525 1231 2566 necessarium
1266 2525 1415 2576 suerit;
1459 2532 1602 2581 postea
1634 2528 1917 2566 demonstrare
1947 2537 2021 2579 po-

264 2593 390 2632 tuisse
420 2589 567 2641 vitari3
602 2594 642 2630 et
672 2591 750 2630 hac
779 2589 939 2630 ratione
970 2587 1183 2644 provideri
1210 2589 1415 2644 potuisse,
1448 2589 1482 2629 si
1506 2591 1584 2630 hoc
1616 2592 1684 2629 aut
1713 2586 1814 2628 illud
1837 2586 2017 2635 fecisset,

357 2774 391 2805 3.
420 2773 552 2813 capital
577 2773 605 2804 A
625 2796 634 2810 ‚
680 2771 809 2812 Gryph.
838 2772 906 2804 duo
934 2775 968 2803 et
993 2780 1044 2810 pr.
1072 2772 1098 2803 P
1127 2772 1226 2812 prob.
1255 2772 1520 2804 Lindemann0:
1563 2771 1714 2810 capitale
1752 2770 1777 2801 E
1815 2778 1893 2801 cum
1926 2770 1957 2801 R
1988 2773 2022 2801 et

267 2830 353 2853 corr.
381 2822 421 2853 P.
452 2836 491 2842 —
535 2820 570 2851 lt.
604 2824 792 2851 commotas
816 2819 874 2850 ΡΛ
899 2827 938 2850 ac
965 2820 1135 2858 plerique.
1165 2820 1222 2855 (Ut
1247 2828 1334 2854 nos,
1373 2820 1428 2856 R,
1466 2818 1539 2849 Pal.
1567 2818 1612 2847 ll.
1642 2822 1674 2848 et
1701 2826 1750 2856 pr.
1781 2817 1878 2848 Leid.
1908 2816 1953 2847 lt.
1981 2824 2021 2847 ac

266 2871 313 2900 sic
339 2868 477 2900 volebat
502 2869 568 2898 iam
595 2867 814 2900 Lambinus.)
835 2883 875 2888 —
901 2866 935 2896 5.
960 2870 1101 2905 praeter
1127 2867 1164 2903 P,
1192 2866 1307 2897 Schol.
1338 2866 1436 2897 Voss.
1457 2865 1485 2896 l.
1514 2864 1611 2895 Leid.
1629 2864 1716 2894 HL:
1741 2868 1888 2903 propter
1912 2863 2018 2894 ΑΒΕ.

266 2931 310 2936 —
335 2915 368 2945 6.
396 2925 436 2947 ea
464 2913 546 2954 (via)
573 2914 624 2951 P,
662 2918 699 2945 ut
726 2913 862 2944 volebat
888 2912 1038 2943 Lamb.:
1083 2921 1120 2942 eo
1147 2921 1224 2944 cum
1251 2915 1373 2944 ceteris
1402 2913 1452 2947 Ε,
1494 2912 1587 2948 quod
1615 2915 1653 2941 ut
1679 2919 1740 2950 pro
1766 2911 1842 2941 ideo
1871 2912 2019 2948 positum

268 2960 489 2993 defenderam
510 2970 548 2993 ex
567 2969 664 3000 seqq.
685 2963 716 2992 et
732 2969 770 2991 ea
787 2968 824 2990 re
843 2960 1005 2996 traduct;
1032 2968 1150 2991 verum
1171 2961 1225 2991 hic
1252 2968 1352 2991 causa
1379 2960 1460 2990 satis
1486 2959 1659 2989 indicatur
1676 2967 1729 2989 vv.
1749 2958 1801 2987 ica
1817 2972 1831 2977 -
1849 2972 1862 2978 -
1879 2961 1929 2987 ut.
1950 2955 2017 2987 On.

269 3023 303 3029 -
328 3010 382 3039 10.
404 3012 621 3039 arcesserunt
639 3008 681 3038 Α.
710 3007 796 3038 Vide
817 3006 977 3037 Lindem.
999 3022 1039 3027 —
1068 3010 1116 3037 esc
1141 3016 1208 3037 om.
1230 3007 1271 3036 A.
1292 3023 1335 3027 —
1362 3007 1417 3037 11.
1446 3005 1607 3044 Depulsio
1627 3004 1665 3041 Ρ,
1694 3003 1808 3035 Schol.
1830 3003 1928 3034 Voss.
1948 3002 2018 3036 11.:

267 3054 429 3093 Depulsio
456 3058 501 3085 est
522 3055 624 3085 ΑΒΕ.
646 3070 686 3076 ——
714 3053 770 3084 14.
799 3058 921 3084 contra
947 3053 1053 3092 Iegem
1077 3053 1271 3093 redemptor
1295 3053 1436 3093 fscerit:
1466 3056 1587 3082 contra
1611 3051 1714 3091 leqem
1738 3051 1933 3089 redemptor
1958 3049 2022 3081 αΙὶ-

267 3102 348 3141 quid
373 3102 490 3140 fecerit
516 3101 605 3131 PAR
622 3125 630 3136 ,
656 3101 851 3140 redemptor
880 3103 1003 3130 contra
1028 3100 1133 3139 legem
1159 3099 1274 3138 fecerit
1301 3099 1338 3129 E.
1368 3097 1515 3139 (aliquid
1542 3107 1609 3129 om.
1639 3107 1691 3137 pr.
1721 3095 1852 3136 Schol.)
1878 3111 1922 3118 —-
1963 3096 2019 3129 15.

267 3148 436 3186 supplicio
462 3149 630 3185 dianusne
654 3147 744 3178 PAR
770 3148 921 3185 aliique:
965 3146 1174 3185 supplicione
1197 3146 1321 3186 dimitis
1348 3146 1387 3176 E.
1416 3162 1455 3166 —
1502 3145 1556 3176 19.
1584 3146 1621 3175 in
1644 3145 1856 3176 Rhodiorum
1880 3142 1950 3173 ΡΑ.
1978 3161 2020 3167 —-

267 3194 324 3224 20.
359 3202 479 3224 navem
503 3194 560 3224 ΡΑ
587 3195 746 3233 ubique:
784 3193 903 3225 navim
928 3192 1000 3223 RE.
1030 3209 1071 3214 -—
1104 3194 1162 3224 21.
1189 3196 1348 3232 oportere
1371 3191 1547 3231 publicari·
1572 3192 1685 3222 PAR:
1722 3190 1896 3230 publicari·
1921 3198 2021 3227 opor-

267 3243 338 3271 tere
366 3240 403 3271 E.
435 3256 472 3261 —
500 3241 555 3270 22.
584 3241 748 3280 Depulsio
775 3240 889 3272 Schol.
919 3240 1019 3271 Voss.
1047 3239 1092 3270 11.
1122 3236 1216 3278 (A.):
1244 3239 1407 3278 Depulsio
1433 3241 1480 3270 est
1506 3238 1608 3269 PRE.
1638 3255 1674 3260 —
1703 3238 1760 3268 23.
1787 3235 1913 3274 tamen]
1941 3239 2020 3268 tunc

269 3294 322 3324 pr.
350 3285 375 3316 P
403 3289 436 3317 et
463 3295 512 3323 pr.
542 3286 655 3318 Senot.
675 3311 683 3324 ‚
713 3292 752 3318 ut
778 3285 814 3327 §.
842 3286 921 3318 104.
949 3286 974 3318 Ρ
1001 3294 1120 3318 rursus
1147 3285 1234 3317 male
1263 3290 1342 3316 tunc
1364 3293 1430 3324 pro
1459 3288 1584 3316 tamen.
1614 3286 1696 3320 (om.
1724 3288 1838 3315 tamen
1863 3282 1962 3314 Voss.
1990 3283 2018 3314 Ι.

268 3333 368 3364 Leid.
396 3331 538 3371 111.)-
564 3332 620 3363 26.
649 3334 685 3364 in
712 3343 818 3365 anum
841 3334 957 3365 PAR:
986 3342 1093 3364 unum
1117 3333 1155 3363 in
1173 3332 1213 3363 Ε.
1245 3348 1279 3353 -
1309 3331 1365 3362 34.
1394 3331 1456 3363 Vv.
1484 3333 1519 3362 id
1545 3348 1557 3353 -
1581 3347 1595 3352 -
1621 3330 1784 3362 dissimile
1811 3330 1951 3362 seclusit
1976 3330 2017 3367 E,

271 3379 339 3412 del.
378 3378 573 3411 Schutzius.
603 3379 762 3412 Tuentur
788 3381 898 3413 Codd.
928 3387 1071 3420 omnes,
1100 3381 1203 3413 etiam
1229 3380 1350 3411 nostri.
1379 3396 1421 3401 —
1446 3378 1552 3412 lenius
1577 3377 1616 3410 P.
