2117 3762
255 233 336 275 [480
785 224 1085 267 ORATORIAE
1115 225 1463 267 PARTITIONES

254 343 320 387 ut,
352 350 443 378 cum
473 335 599 377 semel
622 332 771 374 dictum
793 330 844 372 sit
864 329 1039 378 directe,
1072 330 1177 371 sicut
1194 334 1339 372 natura
1360 331 1450 384 ipsa
1470 329 1625 378 tulerit,
1648 327 1877 370 invertatur
1896 326 1999 370 ordo

255 406 296 441 et
332 399 442 441 idem
484 397 597 452 quasi
636 406 794 436 sursum
832 405 998 433 versum
1028 397 1227 447 retroque
1258 392 1432 442 dicatur,
1484 393 1634 433 deinde
1663 393 1774 433 idem
1803 390 1999 433 intercise

254 468 379 517 atque
410 458 625 516 permixte.
682 453 915 509 Eloquendi
945 459 1082 496 autem
1112 454 1353 497 exercitatio
1386 454 1565 497 maxime
1595 454 1639 496 in
1668 453 1748 496 hoc
1784 458 1874 496 toto
1904 467 2003 496 con-

253 524 439 567 vertendi
469 533 618 575 genere
648 523 850 560 versatur.

225 601 241 627 s
365 588 431 627 25.
477 584 521 624 C.
558 583 603 623 F.
636 580 751 623 Actio
782 579 909 634 igitur
938 579 1148 633 sequitur,
1196 583 1243 620 ut
1272 579 1437 633 opinor.
1501 580 1546 622 C.
1584 580 1628 623 P.
1666 580 1739 621 Est
1767 580 1846 621 ita:
1896 592 2001 636 quae

254 648 417 704 quidem
447 645 600 686 oratori
631 648 672 684 et
701 656 793 684 cum
824 655 964 683 rerum
995 647 1036 682 et
1066 654 1159 682 cum
1188 639 1412 683 verborum
1451 641 1672 684 momentis
1713 643 2004 683 commutanda

253 711 424 752 maxime
456 711 530 748 est.
590 707 704 746 Facit
743 704 853 746 enim
892 710 932 746 et
966 703 1186 745 dilucidam
1219 703 1448 745 orationem
1479 710 1520 746 et
1548 705 1750 746 illustrem
1783 709 1823 745 et
1852 705 2003 760 proba-

251 774 375 814 bilem
406 775 446 811 et
475 781 641 810 suavem
672 781 756 809 non
778 768 937 814 verbis,
970 764 1043 807 sed
1063 767 1261 808 varietate
1282 779 1454 815 vocum,
1487 772 1602 808 motu
1625 766 1839 820 corporis,
1872 765 2000 814 vultu,

251 847 353 889 quae
391 830 611 886 plurimum
649 830 860 878 valebunt,
906 828 941 870 si
980 841 1073 870 cum
1113 827 1314 869 orationis
1351 841 1505 882 genere
1535 830 1794 870 consentient
1824 827 1999 883 eiusque

202 914 236 939 10
250 899 330 938 vim
368 909 414 937 ac
450 895 692 937 varietatem
734 891 1053 946 subsequentur.
1111 893 1178 933 26.
1220 891 1265 932 C.
1296 892 1342 933 F.
1386 892 1493 932 Num
1523 891 1718 947 quidnam
1750 893 1800 933 de
1833 895 2001 932 oratore

247 960 336 1014 ipso
367 961 518 999 restat?
560 956 605 998 C.
629 957 674 997 P.
708 954 818 996 Nihil
848 967 945 995 sane
974 958 1142 1008 praeter
1171 949 1440 1002 memoriam,
1473 967 1579 1008 quae
1609 959 1670 995 est
1700 953 1864 1008 gemina
1894 952 2001 994 litte·

248 1025 410 1062 raturae
440 1019 746 1075 quodammodo
779 1023 818 1059 et
846 1017 889 1058 in
920 1015 1109 1057 dissimili
1141 1029 1295 1070 genere
1326 1015 1564 1070 persimilis.
1626 1018 1728 1057 Nam
1749 1021 1795 1057 ut
1813 1015 1882 1057 illa
1905 1028 2005 1057 con-

247 1089 326 1125 stat
355 1098 408 1125 ex
436 1084 545 1124 notis
574 1081 800 1123 litterarum
830 1085 870 1121 et
900 1093 953 1121 ex
983 1092 1056 1126 eo,
1099 1078 1143 1120 in
1173 1092 1257 1133 quo
1286 1078 1582 1134 imprimuntur
1620 1077 1714 1119 illae
1752 1083 1900 1127 notae,
1945 1077 2003 1118 sic

247 1144 450 1188 confectio
479 1146 703 1186 memoriae
734 1149 944 1198 tamquam
985 1155 1079 1184 cera
1107 1142 1212 1184 locis
1240 1142 1370 1183 utitur
1400 1147 1440 1183 et
1468 1140 1511 1183 in
1539 1140 1603 1183 his
1633 1139 1834 1195 imagines
1862 1146 1907 1183 ut
1934 1139 2002 1182 lit-

198 1212 354 1250 1steras
384 1207 568 1252 collocat.

356 1271 466 1312 VIII.
500 1272 566 1311 27.
618 1269 662 1311 C.
700 1269 744 1310 F.
790 1266 996 1318 Quoniam
1036 1265 1165 1321 igitur
1199 1266 1262 1309 vis
1304 1265 1478 1309 oratoris
1517 1267 1651 1309 omnis
1693 1267 1883 1321 exposita
1914 1269 2000 1314 est,

247 1333 347 1390 quid
374 1335 502 1375 habes
533 1335 582 1374 de
613 1330 812 1373 orationis
841 1331 1076 1387 praeceptis
1109 1329 1276 1372 dicere?
1309 1331 1352 1372 C.
1375 1331 1420 1371 P.
1455 1330 1661 1379 Quattuor
1688 1342 1778 1371 esse
1801 1329 1891 1371 eius
1910 1341 2004 1385 par-

246 1403 335 1447 tes,
385 1409 556 1452 quarum
585 1395 718 1450 prima
748 1399 790 1435 et
819 1399 1029 1449 postrema
1059 1392 1112 1435 ad
1141 1398 1299 1435 motum
1331 1392 1456 1434 animi
1485 1394 1610 1438 valet.
1668 1394 1707 1434 Is
1737 1392 1846 1434 enim
1875 1391 2002 1434 initiis

246 1466 308 1501 est
338 1465 379 1501 et
406 1457 740 1515 perorationibus
771 1455 1052 1501 concitandus.
1113 1457 1329 1505 Secunda,
1361 1455 1570 1504 narratio,
1604 1457 1645 1495 et
1675 1453 1818 1504 tertia,
1851 1453 2004 1496 confir-

198 1541 233 1566 20
247 1522 388 1573 matio,
419 1521 543 1564 fidem
572 1521 669 1562 facit
700 1518 894 1561 orationi.
957 1520 1036 1560 Sed
1059 1517 1322 1575 amplificatio
1352 1531 1602 1573 quamquam
1631 1518 1760 1559 habet
1787 1517 2003 1573 proprium

244 1585 404 1634 locum,
456 1597 578 1637 saepe
609 1582 730 1625 etiam
760 1581 963 1637 primum,
1016 1588 1273 1635 postremum
1311 1581 1479 1637 quidem
1510 1579 1597 1622 fere
1629 1594 1816 1637 semper,
1866 1585 2002 1622 tamen

243 1648 407 1702 reliquo
444 1647 486 1687 in
524 1660 647 1687 cursu
687 1645 886 1686 orationis
925 1643 1160 1686 adhibenda
1191 1649 1252 1686 est
1280 1643 1571 1698 maximeque,
1621 1657 1716 1685 cum
1747 1642 1904 1698 aliquid
1933 1648 2003 1684 aut

245 1709 529 1752 confirmatum
559 1713 620 1750 est
648 1713 718 1749 aut
746 1708 1064 1762 reprehensum.
1124 1709 1270 1762 Itaque
1311 1708 1362 1748 ad
1402 1705 1525 1748 fidem
1564 1719 1731 1761 quoque
1768 1706 1835 1748 vel
1871 1705 2004 1761 pluri-

244 1787 357 1814 mum
387 1771 520 1821 valet3
568 1776 631 1812 est
661 1771 769 1811 enim
799 1768 1063 1824 amplificatio
1094 1771 1319 1811 vehemens
1351 1772 1554 1824 quaedam
1585 1769 1914 1823 argumentatio,
1956 1772 2003 1809 ut

195 1835 314 1880 25illa
343 1834 517 1876 docendi
547 1846 669 1874 causa
690 1833 764 1881 sit,
797 1831 896 1873 haec
918 1831 1224 1874 commovendi.
1281 1833 1350 1873 28.
1388 1832 1433 1873 C.
1458 1833 1504 1873 F.
1537 1833 1669 1886 Perge
1699 1833 1826 1886 igitur
1855 1831 2001 1873 ordine

245 1903 440 1954 quattuor
468 1895 568 1938 mihi
598 1897 694 1938 istas
725 1901 862 1949 partes
902 1895 1125 1951 explicare.
1188 1896 1232 1936 C.
1272 1896 1317 1936 P.
1359 1894 1523 1936 Faciam
1554 1901 1595 1936 et
1625 1908 1648 1936 a
1676 1894 1888 1950 principiis
1918 1895 2003 1950 pri-

243 1975 357 2004 mum
387 1959 552 2009 ordiar,
585 1972 692 2013 quae
714 1957 881 2012 quidem
904 1959 1111 2000 ducuntur
1141 1963 1211 1999 aut
1241 1972 1294 2000 ex
1323 1958 1514 2013 personis
1544 1962 1614 1999 aut
1644 1971 1698 1999 ex
1728 1959 1852 1999 rebus
1880 1958 1998 2012 ipsis.

245 2026 470 2066 Sumuntur
507 2028 643 2064 autem
678 2021 803 2063 trium
839 2034 978 2062 rerum
1023 2021 1175 2076 gratia:
1225 2026 1270 2062 ut
1314 2022 1466 2070 amice,
1517 2027 1562 2063 ut
1605 2020 1909 2074 intelligenter,
1955 2024 2003 2062 ut

244 2091 395 2128 attente
425 2087 654 2128 audiamur.
715 2085 903 2133 Quorum
933 2084 1090 2139 primus
1120 2085 1237 2125 locus
1269 2089 1330 2125 est
1358 2085 1400 2125 in
1429 2083 1620 2138 personis
1649 2084 1830 2132 nostris,
1871 2083 2001 2125 disce-

196 2166 232 2193 σο
243 2155 471 2205 ptatorum,
504 2148 858 2197 adversariorum3
892 2160 915 2187 e
936 2146 1086 2202 quibus
1106 2145 1222 2187 initia
1242 2144 1560 2188 benevolentiae
1582 2145 1866 2188 conciliandae
1887 2159 2001 2187 com-

243 2217 439 2268 parantur
477 2217 545 2253 aut
580 2211 739 2252 meritis
775 2210 930 2251 nostris
969 2213 1038 2250 aut
1077 2208 1273 2264 dignitate
1304 2215 1374 2251 aut
1402 2210 1542 2264 aliquo
1576 2222 1732 2265 genere
1761 2207 1929 2251 virtutis
1959 2212 2001 2250 et

241 2276 419 2317 maxime
439 2272 720 2323 liberalitatis,
753 2271 899 2320 officii,
930 2271 1136 2321 iustitiae,
1168 2271 1286 2322 fidei;
1319 2271 1621 2328 contrariisque
1642 2273 1769 2313 rebus
1789 2270 1832 2312 in
1853 2273 2000 2314 adver-

244 2337 372 2379 sarios
411 2336 672 2379 conferendis
703 2342 743 2378 et
772 2349 866 2377 cum
894 2334 968 2384 iis,
1014 2336 1086 2390 qui
1116 2334 1369 2390 disceptant,
1416 2334 1554 2389 aliqua
1593 2335 1894 2376 coniunctionis
1930 2338 2000 2377 aut

243 2413 363 2443 causa
392 2405 462 2442 aut
490 2413 563 2456 spe
595 2398 886 2456 significanda3
921 2403 962 2439 et
981 2399 1015 2439 si
1035 2399 1078 2439 in
1106 2411 1183 2439 nos
1213 2397 1381 2452 aliquod
1413 2397 1555 2439 odium
1588 2397 1817 2440 offensiove
1849 2396 1999 2439 collata

195 2479 230 2505 ³⁵
244 2464 319 2513 sit,
369 2464 552 2505 tollenda
591 2476 641 2505 ea
677 2463 952 2504 minuendave
988 2465 1057 2502 aut
1088 2459 1284 2502 diluendo
1315 2464 1385 2501 aut
1414 2461 1677 2502 extenuando
1707 2465 1776 2502 aut
1804 2473 2000 2515 compen-

243 2528 371 2569 sando
401 2532 470 2568 aut
499 2524 775 2582 deprecando.
835 2526 904 2566 29.
943 2522 1227 2577 Intelligenter
1256 2528 1392 2565 autem
1421 2529 1468 2564 ut
1496 2524 1715 2565 audiamur
1743 2527 1785 2564 et
1813 2526 1995 2573 attente,

243 2602 267 2630 a
294 2591 417 2631 rebus
447 2590 546 2644 ipsis
576 2586 821 2630 ordiendum
851 2591 925 2629 est.
985 2585 1066 2628 Sed
1096 2585 1289 2628 facillime
1317 2585 1484 2629 auditor
1514 2586 1634 2628 discit
1664 2591 1726 2636 et,
1771 2585 1872 2642 quid
1902 2599 1998 2642 aga-

242 2656 329 2699 tur,
360 2651 578 2705 intelligit,
620 2650 656 2692 si
685 2649 964 2704 complectare
994 2663 1017 2690 a
1046 2649 1251 2705 principio
1283 2664 1413 2704 genus
1443 2654 1715 2705 naturamque
1746 2662 1918 2699 causae,
1961 2649 1998 2690 si

245 2712 438 2763 definias,
470 2716 504 2755 si
535 2712 716 2762 dividas,
756 2712 789 2754 si
818 2725 954 2768 neque
984 2711 1246 2767 prudentiam
1277 2712 1365 2754 eius
1394 2711 1595 2768 impedias
1626 2711 1872 2755 confusione
1901 2725 1998 2766 par-

196 2788 231 2815 40
246 2774 345 2817 tium
385 2789 461 2818 nec
502 2777 745 2817 memoriam
786 2773 1069 2825 multitudine;
1116 2787 1303 2831 quaeque
1334 2789 1434 2818 mox
1464 2777 1516 2817 de
1546 2775 1784 2817 narratione
1814 2774 1994 2817 dilucida

247 2836 453 2887 dicentur,
485 2837 629 2879 eadem
660 2838 783 2878 etiam
813 2836 893 2879 huc
923 2842 1119 2891 poterunt
1148 2843 1261 2879 recte
1290 2837 1452 2880 referri.
1510 2839 1578 2879 30.
1612 2839 1663 2879 Ut
1683 2843 1835 2881 attente
1857 2842 1995 2879 autem

248 2899 481 2951 audiamur,
520 2901 647 2943 trium
676 2914 816 2943 rerum
847 2901 986 2956 aliqua
1015 2913 1343 2956 consequemur3
1389 2914 1486 2943 nam
1516 2905 1587 2942 aut
1614 2914 1764 2956 magna
1792 2902 1996 2958 quaedam

338 3081 372 3114 2.
398 3090 531 3114 versum
553 3082 698 3117 Lamb.:
723 3092 843 3117 versus
866 3084 967 3117 RVE.
1006 3102 1043 3109 -
1083 3085 1117 3119 3.
1141 3085 1314 3126 permixte
1340 3084 1406 3119 Gu.
1434 3084 1485 3119 V:
1515 3086 1682 3128 permiste
1705 3084 1781 3118 RE.
1816 3101 1859 3108 —
1898 3084 1933 3117 9.
1960 3084 1994 3116 et

249 3128 321 3160 eius
346 3127 388 3159 V.
417 3145 454 3151 —
493 3131 549 3162 10.
576 3132 742 3172 numquid
764 3133 836 3164 iam
860 3132 923 3163 tibi
948 3132 989 3163 de
1012 3149 1027 3157 ·
1049 3149 1063 3155 -
1087 3136 1196 3165 restat
1221 3133 1346 3165 aliud?
1372 3133 1414 3166 V.
1451 3150 1497 3156 -
1539 3133 1595 3166 11.
1633 3141 1802 3176 9ermana
1824 3131 1907 3165 Alii.
1934 3131 1991 3168 (Ut

247 3182 332 3213 nos,
358 3172 476 3215 YRV.)
503 3192 541 3199 —
569 3177 625 3209 17.
652 3180 721 3209 eius
742 3183 864 3217 partes
888 3187 954 3212 esse
978 3179 1018 3211 R.
1048 3196 1089 3203 —
1115 3179 1172 3212 18.
1198 3180 1313 3212 valent
1339 3179 1461 3213 Lamb.
1491 3197 1528 3203 —
1573 3180 1630 3213 19.
1656 3180 1846 3212 narratio.-
1886 3179 1992 3211 tertia

248 3219 332 3261 (om.
352 3221 397 3261 et)
424 3221 465 3253 R.
493 3237 532 3244 ·-
558 3224 615 3255 20.
642 3224 774 3263 faciunt
791 3225 838 3265 R,
865 3225 987 3258 Lamb.
1008 3243 1046 3249 —
1073 3227 1131 3258 25.
1158 3235 1287 3259 causa:
1313 3228 1360 3259 sic
1385 3228 1467 3260 haec
1491 3227 1564 3261 YR.
1591 3242 1634 3251 —
1659 3227 1716 3259 30.
1744 3235 1760 3258 e
1783 3235 1852 3259 om.
1879 3225 1920 3257 R.
1949 3240 1990 3247 —

246 3266 459 3356 ῗέἦΐέβνῑέαὲἷ
484 3268 567 3302 RV:
595 3270 764 3305 collocata
788 3272 830 3305 E.
858 3289 898 3297 —
925 3273 982 3307 38.
1009 3277 1242 3315 naturamque
1268 3283 1336 3308 om.
1365 3274 1405 3306 B.
1435 3274 1533 3316 prob.
1562 3275 1646 3307 Ern.
1687 3291 1728 3299 —
1753 3272 1811 3306 41.
1837 3271 1924 3313 ferri
1948 3270 1990 3313 V,
