2117 3762
279 202 360 244 462
1051 196 1084 234 T
1088 194 1243 235 OPICA

276 320 450 362 sequare
480 308 558 347 boc
591 301 740 345 modo:
793 298 835 340 Si
866 298 984 340 dolus
1014 297 1144 339 malus
1176 303 1257 347 est,
1298 312 1389 340 cum
1421 295 1532 338 aliud
1565 297 1727 350 agitur,
1759 297 1869 340 aliud
1898 300 2024 341 simu-

274 371 398 416 latur,
430 379 670 409 enumerare
700 363 821 409 licet,
865 361 1013 415 quibus
1043 360 1085 400 id
1115 362 1249 401 modis
1278 361 1372 411 fiat3
1419 360 1566 400 deinde
1598 360 1640 400 in
1669 373 1814 401 eorum
1845 360 2023 417 aliquem

274 432 337 480 id,
370 433 478 486 quod
509 440 653 481 arguas
683 424 778 466 dolo
810 425 917 463 malo
963 421 1138 471 factum,
1182 422 1414 472 includere;
1464 422 1575 477 quod
1621 435 1749 475 genus
1794 423 2024 477 argumenti

273 492 472 548 imprimis
503 490 662 531 firmum
692 485 821 527 videri
857 484 975 526 solet.

246 572 262 598 ε
385 558 436 596 Χ.
470 554 536 592 [ι1.
570 549 804 591 Similitudo
834 548 1048 603 sequitur,
1085 558 1191 600 quac
1221 546 1301 586 late
1332 551 1461 601 patet,
1493 548 1566 587 sed
1598 547 1834 589 oratoribus
1864 552 1905 588 et
1934 548 2024 603 phi-

273 617 455 670 losophis
486 613 613 666 magis
644 625 766 665 quam
798 612 927 652 vohis.
986 608 1073 650 Etsi
1104 607 1215 648 enim
1246 621 1389 649 omnes
1419 608 1500 650 loci
1531 616 1624 651 sunt
1667 611 1852 651 omnium
1883 609 2024 664 dispu-

273 682 469 722 tationum
500 675 549 716 ad
580 678 818 728 argumenta
849 673 1173 725 suppeditanda,
1223 675 1359 711 tamen
1395 670 1486 713 aliis
1516 670 1864 726 disputationibus
1895 670 2024 714 abun-

273 741 431 784 dantius
469 741 710 784 occurrunt,
754 735 844 776 aliis
881 735 1107 788 angustius.
1173 734 1314 788 Itaque
1354 745 1504 786 genera
1544 735 1618 774 tibi
1663 740 1759 776 nota
1803 733 1905 785 sint3
1951 732 2023 775 ubi

271 810 403 846 autem
433 801 482 843 iis
511 806 652 848 utare,
687 798 949 853 quaestiones
980 796 1096 852 ipsae
1127 800 1167 836 te
1196 797 1492 836 admonebunt.
1555 796 1620 839 42.
1652 798 1755 838 Sunt
1780 798 1890 838 enim
1911 796 2024 838 simi-

222 864 483 912 iolitudines,
536 876 640 917 quae
682 876 735 902 ex
776 859 962 916 pluribus
1002 856 1291 900 collationibus
1330 858 1578 913 perveniunt
1618 873 1701 913 quo
1732 859 1896 907 volunt,
1941 860 2023 901 hoc

270 930 418 971 modo:
467 924 509 967 Si
539 930 650 966 tutor
678 922 800 964 fidem
830 926 1040 978 praestare
1070 920 1217 969 debet,
1257 921 1291 961 si
1321 920 1479 968 sociuS,
1511 918 1567 968 si,
1601 922 1667 962 cui
1698 921 1930 972 mandaris,
1964 922 2019 970 si,

270 991 339 1046 qui
369 987 558 1030 fiduciam
589 984 815 1039 acceperit,
861 983 985 1025 debet
1016 983 1138 1025 etiam
1168 987 1424 1038 procurator.
1483 983 1597 1023 Haec
1627 996 1678 1024 ex
1709 984 1898 1039 pluribus
1928 998 2024 1039 per-

267 1053 436 1096 veniens
457 1064 538 1107 quo
558 1048 664 1096 vult,
695 1046 927 1103 appellatur
955 1045 1164 1094 inductio,
1196 1059 1300 1100 quae
1333 1047 1491 1086 Graece
1528 1047 1728 1100 ἐπαγωγή
1759 1049 2019 1097 nominatur,

268 1129 346 1171 qua
376 1115 599 1171 plurimum
630 1115 692 1152 est
720 1123 819 1151 usus
849 1110 892 1150 in
928 1108 1188 1151 sermonibus
1228 1109 1433 1149 Socrates.
1493 1106 1560 1147 43.
1608 1109 1795 1151 Alterum
1834 1110 2024 1152 similitu-

219 1176 375 1219 1⁵dinis
407 1190 534 1231 genus
565 1172 783 1215 collatione
814 1172 1014 1221 sumitur,
1048 1185 1143 1213 cum
1173 1184 1254 1212 una
1283 1184 1351 1211 res
1381 1168 1471 1217 uni,
1508 1183 1585 1222 par
1613 1172 1704 1224 pari
1735 1178 2019 1227 comparatur,

267 1242 347 1282 hoc
378 1237 527 1280 modo:
562 1234 941 1287 Quemadmodum,
974 1237 1007 1277 si
1028 1236 1070 1277 in
1099 1234 1202 1276 urbe
1235 1233 1285 1276 de
1315 1232 1466 1274 finibus
1497 1237 1779 1276 controversia
1813 1241 1893 1285 est,
1927 1235 2023 1291 quia

267 1303 370 1344 fines
401 1300 530 1355 magis
560 1312 755 1354 agrorum
786 1299 981 1340 videntur
1012 1312 1103 1339 esse
1135 1311 1258 1352 quam
1289 1294 1430 1344 urbis,
1462 1293 1612 1336 finibus
1633 1296 1829 1350 regundis
1851 1297 2021 1352 adigere

268 1364 466 1407 arbitrum
506 1377 589 1405 non
625 1362 783 1417 possis,
830 1360 912 1408 sic,
958 1361 991 1401 si
1023 1374 1129 1415 aqua
1159 1359 1295 1415 pluvia
1325 1358 1367 1399 in
1397 1356 1502 1399 urbe
1540 1364 1682 1408 nocet,
1729 1360 1925 1416 quoniam
1956 1374 2021 1402 res

267 1433 352 1469 tota
394 1426 525 1481 magis
565 1438 758 1479 agrorum
806 1429 886 1472 est,
933 1437 1064 1478 aquae
1104 1423 1268 1479 pluviae
1308 1422 1513 1463 arcendae
1554 1420 1723 1476 adigere
1765 1437 1849 1464 non
1887 1424 2022 1479 possis

208 1491 485 1532 .20arhitrum.
544 1490 612 1529 M.
655 1488 719 1528 Ex
758 1485 905 1527 eodem
946 1485 1223 1528 similitudinis
1260 1485 1354 1526 loco
1395 1483 1518 1524 etiam
1554 1484 1747 1540 exempla
1776 1490 2018 1534 sumuntur,

267 1560 312 1596 ut
342 1554 510 1594 Crassus
538 1550 581 1592 in
610 1563 730 1591 causa
762 1550 937 1590 Curiana
968 1548 1172 1602 exemplis
1202 1548 1389 1604 plurimis
1419 1561 1518 1589 usus
1549 1554 1629 1596 est,
1673 1548 1745 1603 qui
1776 1555 2019 1591 testamento

267 1616 325 1658 sic
356 1615 529 1657 heredes
559 1611 756 1658 instituti,
787 1613 820 1653 si
851 1610 959 1653 filius
989 1618 1108 1653 natus
1139 1616 1249 1652 esset
1278 1612 1320 1651 in
1341 1613 1482 1652 decem
1507 1610 1741 1662 mensibus,
1772 1611 1890 1668 isque
1911 1625 2022 1654 mor-

266 1686 359 1722 tuus
389 1680 526 1734 prius,
571 1689 692 1732 quam
732 1674 774 1715 in
813 1687 928 1715 suam
969 1673 1138 1715 tutelam
1180 1673 1380 1724 venisset,
1426 1676 1696 1716 hereditatem
1728 1674 2016 1717 obtinuissent.

267 1744 382 1792 Quae
411 1738 748 1781 commemoratio
779 1738 1066 1791 exemplorum
1097 1736 1248 1797 valuit,
1295 1751 1426 1793 eaque
1456 1751 1530 1779 vos
1560 1739 1603 1779 in
1633 1737 1923 1794 respondendo
1959 1736 2021 1780 uti

217 1817 253 1843 25
267 1805 438 1847 multum
468 1801 623 1844 soletis.
683 1803 750 1842 [45.
782 1802 893 1841 Ficta
924 1799 1049 1841 etiam
1080 1799 1272 1854 exempla
1301 1800 1582 1842 similitudinis
1612 1802 1768 1842 habent
1796 1802 1907 1851 vim3
1947 1801 2019 1843 sed

267 1883 313 1911 ea
349 1865 530 1909 oratoria
558 1864 686 1919 magis
717 1868 810 1905 sunt
848 1876 969 1918 quam
1011 1868 1172 1912 vestra3
1220 1876 1467 1917 quamquam
1497 1862 1557 1903 uti
1588 1863 1709 1904 etiam
1740 1877 1816 1905 vos
1847 1863 2015 1911 soletis,

266 1933 339 1973 sed
367 1933 447 1972 hoc
477 1927 624 1970 modo:
658 1928 784 1981 Finge
814 1926 1021 1980 mancipio
1051 1927 1229 1980 aliquem
1259 1923 1422 1966 dedisse
1452 1924 1516 1974 id,
1549 1927 1661 1981 quod
1690 1927 1896 1980 mancipio
1927 1926 2019 1967 dari

264 2008 348 2035 non
377 1997 527 2049 potest.
588 1993 693 2032 Num
723 1989 879 2030 idcirco
910 1989 951 2029 id
983 1988 1072 2030 eius
1102 1987 1255 2029 factum
1286 1993 1368 2036 est,
1401 1988 1470 2043 qui
1500 1989 1686 2043 accepit?
1736 1993 1806 2029 aut
1835 2002 1934 2028 num
1964 1988 2015 2037 is,

266 2055 335 2112 qui
365 2053 568 2110 mancipio
602 2053 737 2101 dedit,
783 2053 837 2093 ob
879 2065 969 2092 eam
1008 2065 1097 2092 rem
1134 2065 1177 2092 se
1208 2049 1291 2091 ulla
1321 2063 1367 2091 re
1400 2049 1627 2104 obligavit?
1674 2052 1721 2092 In
1751 2052 1831 2092 hoc
1864 2063 2017 2104 genere

210 2131 253 2157 ’σο
267 2116 495 2160 oratoribus
526 2121 567 2157 et
596 2114 854 2171 philosophis
894 2127 1137 2156 concessum
1174 2119 1260 2162 est,
1305 2120 1350 2155 ut
1377 2118 1492 2154 muta
1528 2114 1653 2154 etiam
1683 2113 1929 2168 loquantur,
1973 2117 2019 2154 ut

265 2179 417 2222 mortui
442 2182 491 2221 ab
518 2177 660 2221 inferis
683 2177 941 2226 excitentur,
987 2182 1032 2219 ut
1071 2175 1247 2231 aliquid,
1291 2176 1404 2230 quod
1441 2173 1530 2216 fieri
1563 2176 1677 2217 nullo
1704 2174 1829 2217 modo
1861 2174 2015 2231 possit,

265 2241 475 2296 augendae
499 2243 558 2283 rei
580 2241 710 2296 gratia
728 2242 885 2282 dicatur
911 2245 982 2282 aut
1005 2239 1276 2287 minuendae,
1310 2251 1415 2294 quae
1441 2239 1657 2295 ὑπερβολή
1686 2238 1858 2287 dicitur,
1889 2239 2018 2279 multa

264 2305 343 2346 alia
372 2302 589 2346 mirabilia.
647 2305 728 2345 Sed
757 2302 882 2344 latior
911 2307 974 2344 est
1007 2316 1175 2356 campus
1209 2301 1390 2342 illorum.
1450 2301 1618 2343 Eisdem
1654 2306 1790 2343 tamen
1816 2314 1869 2342 ex
1896 2300 2014 2350 locis,

263 2372 310 2410 ut
329 2372 422 2409 ante
451 2367 553 2416 dixi,
586 2371 627 2408 et
651 2365 841 2407 maximis
871 2371 912 2407 et
932 2364 1112 2406 minimis
1139 2366 1182 2406 in
1203 2362 1513 2419 quaestionibus
1533 2369 1776 2420 argumenta
1797 2363 2015 2407 ducuntur.

217 2441 253 2468 35
375 2431 448 2471 XI.
480 2432 546 2472 46.
592 2430 787 2486 Sequitur
827 2428 1137 2470 similitudinem
1184 2426 1415 2469 differentia
1455 2428 1537 2476 rei,
1591 2426 1769 2468 maxime
1809 2426 2017 2468 contraria

265 2492 490 2548 superiori;
523 2494 595 2534 sed
621 2498 682 2534 est
704 2494 889 2534 eiusdem
913 2491 1111 2534 dissimile
1136 2495 1177 2532 et
1198 2489 1330 2531 simile
1352 2489 1553 2533 invenire.
1609 2490 1708 2532 Eius
1728 2488 1892 2544 generis
1913 2490 2017 2530 haec

265 2562 376 2598 sunt:
408 2558 520 2604 Non,
552 2553 901 2611 quemadmodum
932 2555 1045 2610 quod
1077 2552 1241 2610 mulieri
1267 2550 1444 2602 debeas,
1478 2558 1587 2594 recte
1618 2552 1697 2608 ipsi
1726 2550 1891 2592 mulieri
1925 2550 2014 2592 sine

264 2622 402 2659 tutore
439 2623 610 2659 auctore
647 2617 803 2666 solvas,
848 2618 972 2666 item,
1023 2619 1134 2672 quod
1166 2615 1324 2671 pupillo
1362 2621 1433 2657 aut
1464 2614 1645 2671 pupillae
1683 2613 1858 2665 debeas,
1903 2618 2015 2656 recte

357 2727 391 2758 9.
417 2727 459 2757 iis
485 2726 560 2758 ad:
588 2726 639 2756 his
665 2725 691 2756 E
719 2734 796 2757 cum
823 2729 904 2758 cett.
933 2742 971 2749 —
1006 2725 1064 2756 21.
1091 2733 1198 2757 causa
1224 2724 1382 2756 Curiana
1407 2723 1558 2762 abcds,
1586 2723 1701 2757 Valla,
1731 2723 1815 2755 BV:
1857 2723 2015 2756 Curiana

268 2781 376 2803 causa
402 2772 467 2804 eE.
510 2788 551 2794 —
591 2781 673 2803 usus
698 2777 750 2810 et,
792 2781 899 2813 ayens
924 2772 964 2803 de
990 2781 1051 2808 eo,
1089 2773 1148 2813 qui
1174 2775 1374 2804 testamento
1399 2772 1446 2803 sic
1471 2770 1626 2802 heredem
1655 2771 1880 2808 instituisset,
1922 2774 1962 2802 ut
1985 2771 2016 2801 si

267 2819 355 2859 filius
378 2834 391 2841 —
414 2834 427 2839 -
450 2821 613 2856 venisset,
640 2819 806 2850 secundus
831 2820 923 2851 heres
949 2819 1168 2851 hereditatem
1194 2819 1363 2849 obtineret
1389 2819 1430 2850 E.
1464 2818 1593 2850 Locum
1618 2819 1742 2849 misere
1769 2816 2014 2856 interpolatum

270 2867 506 2897 constituimus
544 2875 582 2898 ex
621 2865 730 2897 Codd.
767 2867 916 2902 nostris,
955 2866 1122 2904 Boethio,
1162 2865 1270 2897 Valla.
1323 2865 1494 2897 Videlicet
1527 2865 1629 2905 gloss.
1661 2873 1767 2904 ayens
1791 2865 1830 2896 de
1855 2873 1892 2895 eo
1918 2864 2014 2896 abest

269 2911 311 2942 ab
337 2911 472 2944 abcde
490 2934 498 2946 ‚
526 2911 568 2949 B,
588 2911 637 2951 U,
663 2912 782 2949 Valla;
811 2912 940 2944 habent
959 2912 1096 2945 Oxonn.
1125 2913 1217 2949 duo,
1243 2912 1272 2951 s,
1300 2912 1358 2943 BV
1385 2912 1457 2947 (sed
1482 2911 1567 2943 haec
1586 2911 1652 2942 Ed.
1673 2915 1707 2943 et
1732 2910 1747 2942 f
1768 2910 1898 2952 aiens)‚·
1923 2910 2015 2941 here-

270 2957 325 2988 des
362 2967 421 2997 pro
457 2959 608 2990 heredem
646 2958 812 2998 praebent
848 2959 979 2998 ahoe,
1018 2960 1087 2998 B.;
1129 2964 1168 2991 ut
1195 2963 1274 2990 ante
1300 2959 1329 2989 si
1355 2958 1465 2990 delevi
1493 2967 1532 2990 ex
1568 2959 1684 2993 coni-3
1727 2957 1874 2989 alterum
1907 2957 2011 2996 gloss.

270 3004 434 3034 secundus
452 3005 543 3036 heres
561 3005 657 3037 abest
674 3005 716 3037 ab
735 3014 752 3037 a
765 3005 812 3036 bc
827 3006 845 3036 d
859 3017 875 3039 e
890 3030 900 3042 ,
927 3008 967 3043 B,
982 3006 1021 3042 U,
1034 3017 1055 3051 ρ
1068 3029 1076 3044 ,
1105 3006 1222 3042 Valla;
1252 3004 1381 3036 habent
1407 3004 1467 3045 ῐψ
1480 3028 1487 3041 ,
1516 3004 1612 3043 Bv,;
1641 3004 1867 3036 obtinuissent
1884 3004 2014 3036 babent

271 3048 369 3086 aed,
400 3051 599 3083 obtinuisset
626 3051 722 3089 bse,
751 3052 886 3084 Oxonn.
914 3057 1101 3092 quattuor,
1136 3052 1225 3084 Edd.
1255 3056 1335 3084 ante
1360 3051 1583 3088 Manutium,
1619 3053 1678 3092 qui
1706 3052 1804 3083 dedit
1829 3051 2011 3083 obtineret.

273 3112 311 3118 —
340 3094 395 3126 31.
422 3100 459 3126 ut
484 3098 619 3138 aliquid
645 3098 774 3136 abce,
808 3099 858 3137 B,
885 3099 938 3130 U:
965 3104 1029 3131 aut
1054 3100 1189 3140 aliquid
1216 3099 1242 3130 E
1270 3106 1346 3130 cum
1374 3102 1455 3130 cett.
1487 3115 1524 3121 —
1569 3097 1625 3129 32.
1652 3099 1762 3130 multa
1786 3106 1862 3133 ac,
1889 3097 1938 3129 B:
1981 3100 2014 3129 et

269 3141 380 3173 multa
404 3141 491 3179 bet,
521 3144 654 3176 Oxonn.
682 3150 749 3177 tres
767 3168 775 3183 ,
803 3145 844 3176 E.
874 3143 1001 3185 (multa
1026 3147 1129 3177 etiam
1152 3142 1201 3185 d.)
1241 3162 1279 3168 —-
1323 3143 1382 3176 33.
1409 3145 1485 3176 alia
1507 3144 1685 3177 mirabilia
1710 3141 1871 3183 abcdt',
1899 3143 2008 3181 Valla,

270 3187 352 3220 BV:
378 3189 551 3221 mirabilia
576 3191 649 3222 alta
673 3193 740 3224 eE.
760 3207 803 3214 —-
829 3191 886 3223 34.
914 3196 945 3224 et
961 3193 1124 3224 maximis
1141 3197 1173 3225 et
1190 3192 1340 3223 minimis
1356 3192 1395 3222 in
1412 3201 1429 3224 a
1441 3192 1460 3223 b
1473 3192 1520 3223 cd
1533 3201 1550 3224 e
1563 3215 1572 3231 ,
1595 3192 1691 3224 Valla
1707 3202 1717 3224 ε
1743 3195 1774 3224 et
1791 3192 1829 3223 in
1846 3191 2011 3222 maximis

272 3239 304 3267 et
328 3236 365 3266 in
388 3235 537 3266 minimis
563 3236 621 3268 sE.
660 3255 701 3261 —
734 3238 789 3270 38.
818 3239 898 3270 item
923 3239 1030 3270 abed
1047 3248 1085 3277 e,
1127 3238 1185 3270 Gr.
1212 3239 1288 3284 Bp,
1332 3238 1453 3270 Valla:
1494 3240 1546 3270 ita
1571 3239 1634 3271 ΥΕ.
1679 3256 1716 3262 ——
1760 3237 1853 3279 quod
1873 3237 2009 3278 pupillo

271 3285 336 3314 aut
357 3281 512 3322 pupillae
537 3282 687 3323 ahcdr,
713 3284 808 3317 Valla
825 3308 833 3324 ,
860 3285 944 3319 BV:
972 3286 1065 3327 quod
1091 3291 1153 3319 aut
1173 3286 1332 3327 pupillae
1356 3289 1419 3318 aut
1439 3285 1575 3326 pupillo
1602 3295 1680 3318 cum
1704 3285 1793 3318 Aldo
1819 3285 1859 3317 E.
