2117 3762
669 273 765 312 LIB.
802 271 851 310 ll.
915 272 954 311 C.
986 272 1050 309 63.
1084 271 1148 309 oft.
1181 271 1244 309 05.
1279 271 1345 308 66.
1810 273 1886 310 272³

137 380 352 421 ducantur.
414 380 508 418 259.
545 379 613 418 Est
643 376 766 416 etiam
798 376 837 414 in
870 373 1000 415 verbo
1035 375 1214 429 positum
1248 389 1329 416 non
1361 375 1558 416 insulsum
1589 387 1718 428 genus
1750 389 1799 413 vx
1823 392 1885 421 eo,

138 454 230 481 cnm
261 440 311 481 ad
346 443 534 485 verbum,
567 451 648 479 non
679 436 729 477 ad
760 438 999 476 sententiam
1031 450 1117 476 rem
1149 438 1340 489 accipere
1371 439 1561 486 vi‹leare;
1604 450 1654 476 ex
1689 452 1771 490 quo
1809 452 1888 478 uno

137 516 291 553 genere
336 509 444 543 totns
481 506 542 541 est
578 502 728 546 Tutor,
781 498 928 538 mimus
968 504 1107 543 wtns,
1159 501 1315 552 oppido
1348 498 1557 541 ridiculus.
1619 502 1700 540 Sed
1731 501 1836 540 abeo
1867 514 1887 539 a

138 563 293 611 mimis;
330 570 485 604 tantum
520 574 647 615 genus
678 562 799 601 huius
831 560 991 601 ridiculi
1025 559 1173 611 insigni
1205 562 1343 615 aliqua
1373 567 1413 601 ct
1442 567 1537 602 nota
1559 576 1602 601 re
1624 562 1758 601 notari
1782 561 1888 602 volo.

139 628 209 667 Est
239 632 375 666 autem
406 639 456 665 ex
488 624 565 665 hoc
596 637 750 675 genere
782 622 903 669 illud,
937 623 1047 677 quod
1081 627 1145 669 tu,
1181 625 1349 668 Crasse,
1391 637 1526 676 nuper
1555 625 1614 671 ei,
1652 626 1721 678 qui
1753 630 1791 664 te
1822 635 1918 664 ro-⁵

137 695 295 742 gasset.
328 702 424 727 num
459 685 530 726 tibi
563 686 762 725 molestus
794 692 900 725 esset
932 686 1113 729 futurus,
1146 685 1179 723 si
1210 687 1260 724 ad
1293 691 1331 724 te
1359 687 1463 725 bene
1485 691 1579 726 ante
1601 685 1734 726 lucem
1758 686 1891 726 venis·

139 757 223 791 set:
268 753 336 790 Tu
368 761 509 794 vero,
541 747 730 801 inquisti,
765 747 1028 787 molestus
1060 758 1159 784 non
1192 747 1312 787 eris.
1375 746 1588 787 Iubebis
1621 747 1786 801 igitur
1816 754 1888 795 te,

140 812 296 866 inquit,
329 808 608 852 suscitari?
640 816 677 848 et
701 816 764 855 tn,
797 812 950 850 Certe
982 819 1225 860 negaram
1258 814 1306 848 te
1340 808 1612 849 molestum
1645 808 1890 850 futurum.

139 877 234 915 260.
267 876 330 914 Ex
361 873 506 913 eodem
539 872 618 911 hoc
651 877 766 911 vetus
799 871 896 911 illud
928 876 1012 917 est,
1050 871 1161 925 quod
1193 871 1307 909 aiunt
1337 870 1659 921 Maluginensem
1689 870 1803 912 illum
1833 874 1887 913 M.

141 937 396 991 Scipionem,
430 947 522 973 cum
554 948 604 972 ex
636 934 818 973 centuria
850 947 923 972 sua
955 932 1208 972 renuntiaret
1237 930 1453 972 Acidinum
1485 934 1695 973 consulem
1720 945 1940 985 praeco-10

138 1010 217 1052 que
247 997 435 1037 dixisset:
489 994 579 1034 Die
619 995 678 1034 de
720 997 765 1034 L.
797 993 1011 1035 Manliol
1066 993 1245 1035 Virum
1287 995 1496 1040 bonum,
1542 994 1694 1048 inquit,
1742 1008 1891 1047 egre-

138 1061 385 1112 giumque
416 1058 587 1096 civem
619 1070 734 1096 esse
765 1055 1017 1096 arbitror.
1079 1055 1266 1096 Ridicule
1297 1054 1419 1094 etiam
1451 1054 1550 1095 illud
1587 1057 1632 1095 L.
1664 1055 1692 1106 ἦ·
1723 1058 1891 1097 Porcius

139 1121 282 1161 Nasica
316 1121 478 1160 censori
510 1120 676 1163 Catoni,
708 1132 800 1159 cum
831 1117 916 1165 ille,
967 1120 1040 1157 Ex
1078 1119 1149 1158 tui
1188 1117 1347 1157 animi
1380 1117 1650 1157 sententia
1682 1123 1733 1157 tu
1763 1133 1892 1159 uxo-

138 1195 246 1223 rem
291 1180 475 1222 habes?
527 1184 635 1222 Non
681 1181 921 1228 hercule,
972 1181 1128 1233 inquit,
1175 1192 1237 1219 ex
1280 1177 1377 1219 mei
1418 1179 1570 1219 animi
1605 1183 1887 1220 sententia.

138 1244 251 1285 Haec
279 1249 350 1284 aut
379 1242 528 1297 frigida
558 1249 652 1283 sunt
682 1249 750 1283 aut
781 1248 864 1282 tum
888 1241 1014 1289 salsa,
1047 1254 1140 1282 eum
1162 1240 1270 1281 aliud
1294 1246 1356 1281 est
1377 1246 1676 1293 exspectatum.
1738 1244 1889 1282 Natura
1905 1253 1938 1277 ‘¹⁵

138 1308 248 1347 enim
278 1319 378 1353 nos,
412 1312 455 1346 ut
486 1310 579 1345 ante
611 1306 719 1352 dixi,
753 1310 896 1345 noster
927 1305 1102 1344 delectat
1133 1316 1276 1350 error;
1325 1316 1377 1343 ex
1409 1316 1514 1357 quo,
1548 1317 1642 1344 cum
1674 1303 1789 1356 quasi
1820 1305 1891 1343 de-

138 1369 245 1423 cepti
286 1381 426 1408 sumus
468 1368 801 1421 exspectatione,
843 1367 1040 1406 ridemus.
1100 1367 1222 1406 LXV.
1257 1367 1352 1405 261.
1400 1367 1444 1406 In
1484 1367 1622 1406 verbis
1662 1365 1786 1406 etiam
1822 1365 1891 1405 illa

138 1435 254 1478 sunt,
288 1444 392 1485 quae
424 1435 493 1470 aut
523 1443 575 1469 ex
606 1430 820 1470 immutata
852 1429 1041 1468 oratione
1071 1426 1278 1468 ducuntur
1308 1432 1378 1467 aut
1407 1442 1459 1468 ex
1485 1427 1605 1467 unius
1627 1426 1741 1468 verbi
1763 1433 1892 1468 trans-

139 1492 291 1534 latione
321 1498 393 1532 aut
422 1506 473 1532 ex
503 1490 740 1531 inversione
777 1492 1018 1531 verborum.
1079 1491 1141 1529 Ex
1181 1489 1490 1536 immutatione,
1535 1495 1579 1529 ut
1619 1489 1718 1529 olim
1760 1492 1890 1530 Rusca

138 1567 231 1595 cum
261 1555 397 1607 legem
429 1554 555 1593 ferret
585 1554 794 1600 annalem,
842 1552 1051 1592 dissuasor
1080 1553 1134 1591 M.
1160 1551 1378 1598 Servilius,
1425 1551 1514 1592 Dic
1545 1551 1690 1599 mihi,
1736 1552 1938 1605 inquit‚20

139 1613 423 1664 M.Pinari,
473 1630 616 1663 num,
665 1616 706 1655 si
747 1620 933 1655 contra
972 1619 1021 1654 te
1059 1613 1270 1660 dixero,
1321 1614 1441 1653 mihi
1484 1615 1621 1654 male
1653 1611 1891 1654 dicturus

140 1693 215 1726 es,
247 1684 297 1719 ut
327 1677 527 1719 ceteris
557 1676 771 1718 fecisti?
824 1678 879 1717 Ut
909 1679 1196 1716 sementem
1229 1673 1446 1722 feceris,
1492 1676 1563 1716 ita
1594 1680 1784 1724 metes,
1830 1677 1892 1715 in-

139 1741 240 1796 quit.
298 1741 393 1780 262.
426 1742 489 1780 Ex
519 1738 785 1780 translatione
817 1744 979 1783 autem,
1012 1743 1078 1783 ut,
1111 1749 1204 1776 cum
1235 1736 1373 1791 Scipio
1404 1736 1473 1777 ille
1505 1738 1638 1778 maior
1668 1737 1891 1778 Corinthiis

138 1809 312 1845 statuam
343 1802 638 1855 pollicentibus
669 1816 718 1841 eo
750 1800 864 1847 loco,
895 1801 967 1840 ubi
998 1798 1173 1839 aliorum
1196 1804 1332 1839 essent
1351 1798 1673 1851 imperatorum,
1706 1804 1892 1840 turma-

138 1865 218 1906 les
248 1865 353 1905 dixit
382 1863 692 1917 displicere.
756 1864 1019 1903 Invertuntur
1048 1865 1187 1900 autem
1216 1858 1366 1906 verba,
1396 1865 1460 1908 ut,
1500 1862 1668 1901 Crassus
1698 1862 1806 1915 apud
1836 1862 1938 1901 M.2⁵

139 1929 392 1980 Perpernam
422 1925 598 1966 iudicem
620 1939 697 1978 pro
721 1924 929 1965 Aculeone
961 1938 1054 1965 cum
1085 1921 1267 1969 diceret,
1299 1920 1440 1962 aderat
1468 1927 1610 1962 contra
1639 1924 1891 1963 Aculeonem

141 1987 377 2030 Gratidiano
409 1989 454 2027 L.
475 1987 616 2028 Aelius
648 1986 816 2034 Lamia,
863 1984 1082 2043 deformis,
1114 1988 1157 2023 ut
1189 1985 1341 2033 nostis;
1387 1985 1458 2039 qui
1489 1997 1580 2025 cum
1612 1984 1895 2037 interpellaret

141 2051 307 2098 odiose,
354 2049 665 2096 Audiamus,
712 2048 863 2103 inquit,
909 2047 1234 2101 pulchellum
1265 2059 1507 2101 puerum,
1552 2047 1732 2087 Crassus.
1792 2047 1893 2086 Cum

141 2118 251 2154 esset
278 2111 475 2160 arrisum,
518 2113 628 2152 Non
658 2110 811 2166 potui
842 2111 984 2157 mihi,
1024 2111 1157 2167 inquit
1186 2109 1351 2157 Lamia,
1399 2107 1620 2149 formam
1650 2108 1765 2163 ipse
1796 2107 1894 2149 fin-

142 2187 286 2228 gere3
332 2172 614 2227 ingenium
658 2172 825 2226 potui.
887 2175 990 2213 Tum
1021 2171 1107 2221 hic,
1155 2173 1465 2218 Audiamus,
1511 2170 1669 2226 inquit,
1722 2170 1941 2212 diser-³0

143 2241 262 2280 tum.
319 2237 448 2277 Multo
481 2236 605 2276 etiam
634 2235 809 2276 arrisum
850 2239 913 2274 est
948 2235 1249 2277 vehementius.
1312 2237 1414 2275 Sunt
1444 2234 1566 2274 etiam
1597 2232 1667 2273 illa
1695 2238 1891 2279 venusta,

144 2302 187 2337 ut
224 2296 266 2337 in
306 2297 499 2350 gravibus
540 2297 778 2342 sententiis,
823 2295 882 2336 sic
920 2296 962 2336 in
1002 2295 1178 2338 facetiis.
1238 2296 1334 2337 Dixi
1366 2294 1476 2336 enim
1507 2296 1661 2336 dudum
1693 2294 1894 2335 rationem

143 2358 265 2400 aliam
296 2372 386 2400 esse
417 2359 522 2406 ioci,
555 2358 675 2398 aliam
706 2357 958 2407 severitatis;
990 2360 1178 2412 gravium
1209 2363 1344 2399 autem
1376 2362 1417 2398 et
1446 2358 1633 2398 iocorum
1655 2369 1778 2398 unam
1805 2369 1894 2398 esse

143 2420 379 2470 materiam
410 2422 503 2461 263.
535 2426 683 2462 ornant
710 2420 837 2474 igitur
866 2419 1067 2475 imprimis
1099 2419 1333 2461 orationem
1362 2417 1490 2460 verba
1520 2419 1648 2459 relata
1670 2418 1891 2466 contrarie;

144 2487 255 2538 quod
284 2484 394 2524 idem
425 2495 553 2537 genus
583 2496 706 2535 saepe
737 2488 798 2523 est
828 2484 952 2524 etiam
982 2482 1184 2531 facetum;
1231 2487 1292 2529 ut,
1341 2482 1508 2522 Servius
1544 2480 1614 2521 illc
1646 2478 1771 2521 Galba
1802 2492 1942 2520 cumn

145 2543 301 2585 iudices
330 2546 377 2587 L.
400 2545 618 2586 Scribonio
650 2543 815 2585 tribuno
847 2544 981 2597 plebis
1010 2545 1140 2585 ferret
1163 2543 1384 2585 familiares
1404 2556 1501 2585 suos
1524 2548 1565 2583 et
1585 2541 1756 2582 dixisset
1775 2540 1891 2587 Libo,

146 2608 356 2657 Quando
395 2609 624 2655 tandem,
677 2608 861 2654 Galba,
907 2606 965 2648 de
1007 2605 1250 2647 triclinio
1290 2611 1379 2647 tuo
1421 2603 1621 2646 exibis?
1673 2604 1789 2644 Cum
1820 2608 1894 2647 tu,

146 2669 304 2724 inquit,
353 2671 415 2711 de
453 2668 704 2710 cubiculo
734 2668 930 2710 alieno.
992 2671 1025 2709 A
1057 2682 1139 2724 quo
1172 2680 1324 2722 genere
1353 2679 1406 2707 ne
1436 2666 1539 2707 illud
1569 2664 1734 2720 quidem
1766 2661 1896 2716 pluri-

147 2744 260 2770 mum
290 2730 430 2779 distat,
461 2733 574 2786 quod
605 2730 773 2773 Glaucia
792 2730 979 2779 Metello,
1013 2729 1204 2774 Villam
1239 2729 1288 2770 in
1318 2728 1541 2770 Tiburte
1571 2728 1756 2773 hach,
1789 2737 1896 2765 cor-

149 2797 247 2832 tem
278 2793 327 2833 in
357 2794 582 2834 Palatio.
695 2795 699 2799 '
1272 2804 1275 2807 ’
1909 2805 1943 2828 loo

259 2855 401 2895 LXVI.
434 2857 528 2897 264.
572 2858 631 2896 Ac
673 2856 898 2896 verborum
939 2855 1108 2909 quidem
1149 2867 1302 2908 genera
1333 2866 1440 2909 quae
1470 2856 1606 2892 essent
1634 2848 1787 2896 faceta,
1836 2846 1896 2888 di-

241 3011 274 3042 1.
302 3007 419 3050 etiam]
447 3010 538 3042 enim
563 3011 611 3047 B,
637 3015 754 3043 autem
780 3012 822 3043 R.
862 3027 903 3034 —
945 3009 978 3041 3.
1006 3013 1078 3041 toto
1105 3010 1144 3041 B.
1178 3025 1212 3032 —
1256 3010 1290 3041 5.
1326 3012 1356 3041 te
1382 3016 1449 3039 om.
1478 3007 1517 3037 R.
1560 3021 1596 3027 —
1637 3004 1672 3035 7.
1699 3004 1813 3045 inquis
1837 3003 1898 3034 isti

147 3057 312 3089 molestus
337 3056 376 3088 R.
408 3072 448 3078 -
485 3056 520 3088 8.
546 3059 718 3090 sciscitari
743 3058 784 3090 R.
822 3074 866 3079 —
900 3065 1054 3097 negaras
1078 3056 1120 3088 R.
1148 3071 1191 3078 —
1227 3056 1283 3087 12.
1319 3051 1476 3091 Porcius]
1505 3059 1629 3083 nomen
1656 3051 1721 3082 hoc
1746 3054 1800 3082 est
1823 3056 1897 3080 cor-

150 3108 292 3143 ruptum
318 3107 353 3135 et
377 3101 519 3134 tortasse
545 3103 747 3136 delendum.
775 3119 816 3128 —
840 3104 896 3136 17.
926 3101 1043 3143 etiam]
1072 3107 1187 3134 autem
1212 3102 1254 3133 R.
1284 3118 1323 3123 —
1362 3100 1417 3131 19.
1447 3099 1560 3129 Tusca
1586 3098 1626 3128 R.
1653 3113 1696 3119 —-
1733 3096 1790 3128 26.
1817 3096 1897 3128 Per-

147 3158 300 3190 pennam
325 3149 367 3180 R.
397 3165 435 3171 —
475 3149 533 3181 27.
560 3149 689 3191 Aelius]
724 3150 886 3183 Helalius
913 3151 955 3181 R.
993 3166 1032 3173 ·—
1075 3149 1130 3180 32.
1161 3150 1335 3180 rationem
1360 3146 1567 3177 Schutztus:
1605 3144 1791 3175 materiam
1816 3141 1894 3180 BE,

149 3197 328 3229 materiem
352 3195 393 3227 R.
444 3194 569 3227 Totum
596 3200 711 3228 autem
739 3198 853 3228 locum
880 3197 1100 3229 distinximus
1128 3203 1206 3226 cum
1232 3193 1408 3232 Madvigio
1434 3191 1586 3222 schntzii
1613 3193 1782 3222 rationem
1819 3196 1895 3227 pro-

152 3242 269 3275 bante.
297 3240 480 3282 (Emendd.
511 3244 544 3272 ln
564 3241 635 3273 Cic.
657 3242 716 3274 lib.
745 3243 869 3281 philos.
897 3252 930 3283 p.
960 3241 1056 3284 194.)
1085 3257 1119 3262 —
1149 3240 1204 3272 33.
1231 3238 1405 3281 gyrat-ium]
1431 3245 1584 3269 severum
1608 3235 1648 3268 B.
1679 3253 1715 3258 —
1743 3236 1799 3269 34.
1825 3243 1897 3266 ma-

152 3290 276 3320 teriam
307 3288 509 3320 Schutzius:
557 3289 730 3320 rationem
761 3289 861 3320 BRE.
904 3305 941 3312 -
993 3289 1049 3320 35.
1090 3295 1165 3319 cum
1196 3287 1324 3317 iudices
1348 3301 1359 3307 -
1386 3301 1397 3307 -
1425 3283 1536 3316 Galba
1570 3291 1638 3316 om.
1668 3283 1716 3319 B.
1758 3290 1831 3314 cum
1858 3280 1895 3310 L.

152 3334 334 3367 Scribonio
360 3335 487 3366 iudices
514 3333 556 3364 R.
588 3350 624 3356 -
653 3335 709 3366 39.
738 3335 832 3374 quod
857 3345 925 3369 om.
955 3336 1024 3366 BR.
1057 3349 1093 3357 ·—
1120 3333 1289 3366 cohortem
1315 3332 1352 3362 Β.

231 3407 322 3430 Cicero
342 3405 362 3428 T
393 3406 411 3430 I.
1406 3402 1456 3440 ¹8
