2117 3762
732 283 834 324 LIB.
867 281 919 323 ΙΙ.
981 281 1026 324 C.
1064 284 1128 325 14.
1164 284 1230 324 15.
1783 286 1859 326 130

104 390 148 433 in
177 389 268 446 ipso
299 391 488 443 negotio:
533 400 608 430 cur
643 390 723 429 hoc
752 392 847 441 post
876 389 1110 441 negotiumg
1162 394 1232 430 aut
1262 388 1360 445 quid
1389 389 1543 430 sactum
1573 390 1624 429 de
1655 388 1859 431 industria

104 459 174 495 aut
203 453 302 508 quid
342 466 432 494 rem
462 452 592 506 ipsam
623 456 889 492 consecutum
919 451 995 501 sit;
1043 458 1255 493 constetne
1296 449 1428 493 oratio
1466 456 1537 492 aut
1576 464 1669 492 cum
1710 468 1753 493 re
1791 458 1863 493 aut

102 515 194 569 ipsa
224 529 387 564 secum;
430 514 508 556 1100
536 513 713 555 huiusne
744 516 802 554 rei
834 516 883 555 sit
914 513 1073 567 signum
1104 529 1155 555 an
1185 514 1316 563 illius,
1359 529 1409 556 an
1440 521 1480 557 et
1510 514 1633 556 huius
1664 520 1704 555 et
1733 514 1858 563 illius,

104 584 145 619 et
174 578 306 620 utrius
336 578 502 633 potius3
535 577 634 630 quid
664 574 817 617 sactum
847 577 921 625 sit,
955 576 1066 631 quod
1097 591 1178 618 non
1209 580 1464 631 oportuerit,
1498 583 1568 618 aut
1588 591 1670 619 non
1691 576 1859 625 sactum,

104 639 216 695 quod
247 638 494 695 oportuerit.
552 638 620 679 [16.
669 640 770 680 Cum
808 641 969 681 animus
1005 642 1080 681 hac
1117 639 1344 681 intentione
1375 654 1517 682 omnes
1548 641 1673 682 totius
1703 639 1892 693 negotiis

105 709 245 759 partes
276 698 576 747 considerabit,
621 706 707 742 tum
747 701 807 743 illi
845 702 922 757 ipsi
960 704 1001 743 in
1032 701 1215 742 medium
1246 704 1476 743 conservati
1506 701 1586 744 loci
1616 704 1861 758 procedent,

107 767 159 807 de
191 762 341 820 quibus
371 769 464 804 ante
495 762 649 804 dictum
681 769 766 815 est;
808 770 848 805 et
883 771 967 805 tum
1007 777 1061 805 ex
1100 763 1297 817 singulis,
1338 770 1422 806 tum
1455 780 1507 807 ex
1538 765 1769 806 coniunctis
1799 778 1865 805 ar-

104 833 299 883 gumenta
335 831 446 867 certa
485 832 719 868 nascentur.
780 829 967 877 Quorum
998 833 1338 880 argumentorum
1368 841 1462 882 pars
1490 827 1721 883 probabili,
1770 840 1865 883 pars

102 891 337 931 necessario
367 889 410 928 in
441 900 595 942 genere
625 891 874 930 versabitur.
935 892 1146 931 Accedunt
1182 895 1319 930 autem
1351 892 1401 930 ad
1431 892 1709 932 coniecturam
1740 903 1864 945 saepe

103 953 392 1008 quaestiones,
424 951 679 999 testimonia,
710 966 925 1001 rumores3
959 965 1064 1007 quae
1095 957 1238 992 contra
1268 952 1409 993 omnia
1438 958 1613 1008 uterque
1643 951 1768 993 simili
1798 954 1914 994 viam

102 1019 421 1070 praeceptorum
453 1018 650 1068 torquere
680 1013 730 1055 ad
761 1027 858 1055 suae
888 1028 1035 1056 causae
1066 1012 1332 1055 commodum
1363 1013 1546 1055 debebit.
1607 1017 1710 1056 Nam
1742 1020 1783 1056 et
1811 1027 1865 1057 ex

102 1077 346 1132 quaestione
377 1076 633 1131 suspiciones
663 1083 704 1118 et
735 1092 786 1118 ex
815 1076 1052 1118 testimonio
1084 1081 1124 1116 et
1153 1089 1206 1117 ex
1235 1090 1402 1118 rumore
1423 1076 1560 1133 aliquo
1582 1078 1670 1131 pari
1704 1076 1865 1120 ratione

101 1144 148 1180 ut
177 1151 230 1180 ex
261 1152 381 1179 causa
413 1145 453 1179 et
483 1152 536 1180 ex
565 1152 742 1194 persona
773 1144 813 1180 et
843 1152 894 1180 ex
924 1141 1032 1180 sacto
1066 1138 1158 1180 duci
1189 1139 1410 1193 oportebit.

215 1201 285 1242 117.
334 1202 472 1251 Quare
503 1203 624 1242 nobis
655 1208 696 1243 et
724 1202 754 1244 ii
784 1201 976 1244 videntur
1006 1215 1170 1249 errare,
1211 1201 1280 1256 qui
1310 1204 1389 1243 1100
1419 1216 1548 1256 genus
1579 1202 1862 1258 suspicionum

101 1261 263 1305 artificii
293 1276 377 1304 non
406 1270 549 1318 putant
577 1264 787 1319 indigere,
821 1270 862 1305 et
890 1264 943 1312 ii,
975 1265 1047 1318 qui
1077 1265 1199 1305 aliter
1227 1263 1306 1306 hoc
1335 1267 1386 1306 de
1417 1278 1570 1318 genere
1601 1278 1647 1306 ac
1677 1267 1727 1306 de
1750 1266 1913 1307 omniu

102 1327 341 1368 coniectura
360 1325 699 1381 praecipiendum
731 1331 889 1381 putant.
952 1327 1095 1368 Omnis
1126 1326 1237 1367 enim
1266 1326 1412 1368 iisdem
1434 1341 1486 1368 ex
1507 1326 1608 1368 locis
1629 1329 1865 1370 coniectura

100 1390 301 1430 sumenda
332 1394 408 1429 est.
469 1391 572 1429 Nam
604 1394 644 1429 et
673 1387 782 1436 eius,
830 1390 899 1443 qui
930 1388 972 1430 in
1003 1389 1245 1443 quaestione
1275 1389 1433 1444 aliquid
1463 1388 1632 1437 dixerit,
1679 1398 1718 1431 et
1756 1390 1862 1439 eius,

101 1453 173 1507 qui
202 1451 246 1493 in
276 1450 540 1499 testimonio,
583 1456 624 1492 et
658 1451 788 1505 ipsius
818 1450 1000 1493 rumoris
1030 1465 1153 1493 causa
1183 1457 1223 1493 et
1251 1452 1402 1494 veritas
1434 1466 1487 1494 ex
1515 1450 1663 1493 iisdem
1694 1454 1867 1494 attribu-

101 1513 284 1557 tionibus
314 1514 562 1568 reperietur.
638 1513 760 1555 Omni
801 1520 940 1555 autem
981 1513 1023 1554 in
1054 1528 1178 1555 causa
1207 1529 1304 1568 pars
1335 1521 1675 1569 argumentorum
1705 1522 1766 1557 est
1795 1514 1867 1557 ad-

100 1577 241 1619 iuncta
270 1576 308 1617 ei
347 1589 495 1617 causae
536 1575 693 1624 solum,
741 1590 847 1631 quae
877 1576 1057 1625 dicitur,
1105 1582 1145 1618 et
1181 1578 1233 1617 ab
1264 1579 1353 1632 ipsa
1383 1577 1441 1619 ita
1471 1579 1613 1625 ducta,
1657 1584 1704 1620 ut
1734 1577 1784 1618 ab
1817 1591 1864 1619 ea
1879 1590 1916 1615 20

101 1638 322 1694 separatim
354 1637 396 1679 in
425 1651 568 1679 omnes
599 1637 784 1680 eiusdem
816 1641 979 1693 generis
1010 1652 1152 1680 causas
1182 1638 1398 1681 transferri
1423 1654 1505 1681 non
1526 1641 1624 1681 satis
1646 1642 1864 1682 commode

100 1703 255 1757 possit3
289 1714 383 1756 pars
413 1706 551 1741 autem
583 1707 644 1743 est
672 1702 938 1756 pervagatior
969 1706 1008 1742 et
1038 1707 1107 1742 aut
1135 1700 1178 1742 in
1209 1714 1352 1742 omnes
1384 1701 1571 1744 eiusdem
1602 1702 1765 1756 generis
1796 1707 1866 1744 aut

99 1765 143 1805 in
172 1766 394 1819 plerasque
424 1777 566 1805 causas
597 1766 922 1805 accommodata.
982 1765 1073 1805 XV.
1108 1764 1176 1804 28.
1210 1765 1323 1805 Haec
1345 1778 1446 1818 ergo
1468 1773 1728 1818 argumenta,
1760 1780 1865 1822 quae

99 1823 317 1866 transferri
347 1824 390 1865 in
420 1826 569 1865 multas
598 1838 741 1866 causas
771 1831 967 1878 possunt,
1010 1827 1125 1866 locos
1155 1839 1396 1867 communes
1426 1827 1701 1870 nominamus.
1760 1832 1864 1870 Nam

99 1889 217 1929 locus
249 1886 480 1928 communis
511 1893 582 1928 aut
612 1895 747 1930 certae
778 1887 842 1928 rei
872 1886 1076 1943 quandam
1109 1889 1290 1929 continet
1319 1888 1700 1944 amplificationem;
1745 1897 1789 1932 ut
1829 1890 1863 1932 si
1879 1903 1914 1931 2⁵

100 1949 172 2006 qui
201 1949 281 1991 hoc
309 1949 409 1990 velit
438 1949 677 1997 ostendere,
711 1964 827 1998 eum,
873 1952 943 2005 qui
974 1955 1190 2004 parentem
1219 1954 1399 2000 necarit,
1447 1952 1631 1993 maximo
1662 1953 1863 2009 supplicio

101 2027 192 2055 esse
222 2012 415 2068 dignum3
449 2025 533 2066 quo
563 2014 681 2061 loco,
712 2012 794 2054 nisi
822 2018 1016 2068 perorata
1050 2011 1105 2067 [et
1134 2012 1324 2068 probata]
1360 2028 1481 2056 causa
1500 2046 1510 2063 ‚
1546 2028 1629 2055 non
1659 2022 1721 2056 est
1750 2023 1867 2057 uten-

101 2075 229 2125 dum3
268 2080 339 2116 aut
369 2074 543 2123 dubiae,
577 2089 683 2130 quae
714 2089 766 2116 ex
796 2074 1007 2116 contrario
1038 2088 1205 2131 quoque
1235 2078 1387 2117 habeat
1415 2077 1656 2130 probabiles
1685 2077 1866 2119 rationes

101 2137 450 2192 argumentandi3
499 2143 546 2179 ut
574 2137 881 2191 suspicionibus
911 2137 1023 2179 credi
1054 2151 1138 2179 non
1169 2144 1387 2193 oportere,
1435 2145 1475 2180 et
1519 2145 1687 2185 contra,
1735 2139 1868 2194 suspi-

101 2201 292 2243 cionibus
322 2201 436 2241 credi
467 2206 678 2256 oportere.
752 2203 812 2242 Ac
847 2214 944 2254 pars
983 2202 1172 2242 locorum
1202 2201 1484 2243 communium
1514 2215 1590 2256 per
1619 2200 1916 2255 indignatio-50

101 2277 197 2305 nem
227 2268 299 2303 aut
326 2275 402 2317 per
430 2263 772 2317 conquestionem
802 2262 1034 2312 inducitur,
1082 2266 1132 2304 de
1163 2262 1312 2319 quibus
1343 2270 1436 2306 ante
1467 2264 1619 2305 dictum
1652 2271 1731 2313 est;
1772 2277 1866 2319 pars

100 2339 180 2382 per
223 2325 405 2379 aliquam
445 2324 705 2380 probabilem
735 2331 912 2382 utraque
952 2339 1004 2367 ex
1041 2331 1158 2380 parte
1197 2328 1416 2368 rationem.
1477 2329 1545 2369 49.
1593 2326 1868 2380 Distinguitur

101 2393 241 2430 autem
271 2387 406 2429 oratio
437 2393 560 2443 atque
590 2388 818 2430 illustratur
847 2389 1027 2430 maxime
1045 2422 1054 2436 ,
1101 2403 1198 2431 raro
1229 2389 1477 2432 inducendis
1507 2390 1608 2432 locis
1638 2388 1868 2431 communi-

101 2452 181 2492 bus
212 2455 254 2491 et
285 2448 453 2504 [aliquo]
501 2450 616 2499 loco,
648 2451 731 2493 iam
763 2451 1015 2493 certioribus
1044 2451 1126 2493 illis
1156 2452 1410 2507 argumentis
1441 2452 1706 2494 confirmatis.
1764 2454 1865 2492 Nam

102 2518 144 2554 et
185 2517 273 2553 tum
314 2514 558 2554 conceditur
599 2526 819 2555 commune
863 2514 1060 2568 quiddam
1101 2514 1262 2562 dicere,
1314 2529 1407 2557 cum
1455 2515 1675 2570 diligenter
1719 2514 1864 2570 aliquis
1879 2525 1914 2550 ³⁵

101 2573 298 2630 proprius
327 2587 475 2617 causae
504 2575 622 2617 loeus
651 2581 845 2618 tractatus
883 2582 972 2626 est,
1019 2582 1060 2618 et
1097 2577 1299 2619 auditoris
1338 2577 1498 2618 animus
1535 2583 1604 2618 aut
1640 2582 1864 2619 renovatur

103 2639 155 2679 ad
184 2652 255 2686 ea,
286 2651 393 2693 quae
423 2643 609 2687 restant,
643 2644 715 2680 aut
744 2638 936 2681 omnibus
965 2639 1047 2680 iam
1078 2638 1196 2681 dictis
1227 2639 1516 2681 exsuscitatur.
1579 2639 1722 2680 Omnia
1754 2638 1863 2679 enim

104 2706 345 2742 ornamenta
389 2700 658 2750 elocutionis,
709 2701 751 2742 in
796 2700 944 2756 quibus
987 2707 1027 2743 et
1064 2701 1276 2743 suavitatis
1319 2708 1360 2743 et
1401 2702 1609 2756 gravitatis
1639 2700 1862 2755 plurimum

104 2762 309 2811 consistit,
340 2768 381 2804 et
401 2765 561 2812 omnia,
595 2776 701 2819 quae
731 2763 774 2804 in
802 2765 1041 2805 inventione
1070 2763 1294 2805 verborum
1327 2769 1366 2805 et
1397 2763 1688 2805 sententiarum
1710 2761 1863 2816 aliquid

104 2823 260 2866 habent
288 2823 519 2880 dignitatis,
548 2826 592 2868 in
622 2839 861 2868 communes
891 2826 1005 2869 locos
1035 2827 1319 2868 conferuntur.
1381 2828 1447 2867 50.
1495 2827 1660 2874 Quare,
1707 2838 1790 2865 non
1819 2829 1865 2865 ut
1879 2837 1914 2862 τοο

197 2953 230 2984 1.
257 2951 343 2992 quid
367 2957 448 2985 ante
473 2963 506 2986 v.
532 2955 664 2995 sactum
688 2963 756 2986 om.
785 2954 906 2986 PART
929 2955 1073 2993 aliique.
1093 2969 1135 2976 -
1161 2954 1196 2986 2.
1223 2954 1305 2995 quid
1329 2958 1408 2984 ante
1434 2961 1504 2983 rem
1532 2961 1599 2982 om.
1621 2950 1731 2988 ΛΒΤ,
1761 2961 1810 2991 pr.
1836 2951 1864 2983 P

105 2999 251 3039 aliique.
275 3013 311 3020 ·-
332 2998 366 3031 9.
386 3008 487 3039 ωερε
505 3002 551 3032 ad
568 3002 801 3033 coniecturam
819 3002 950 3033 PART.
974 3001 1032 3040 (Ut
1049 3009 1110 3032 nos
1124 3023 1133 3037 ,
1154 2998 1212 3039 V.)
1234 3016 1274 3026 —-
1294 3001 1349 3031 20.
1368 3000 1495 3030 dicitur
1509 2998 1629 3030 PART
1646 3006 1654 3028 :
1673 2998 1809 3030 dicetur
1821 2998 1861 3030 E.

104 3062 149 3071 —
168 3047 211 3078 ab
237 3054 278 3077 ea
302 3046 340 3077 in
364 3055 432 3085 qua
457 3050 506 3077 eet
529 3050 721 3086 separatim
746 3049 851 3080 ΛΒΤ.
883 3066 920 3071 -
950 3048 1007 3079 27.
1029 3048 1092 3080 Vv.
1120 3051 1151 3079 et
1174 3046 1327 3087 probata
1353 3055 1420 3077 om.
1453 3045 1568 3076 Schol.
1606 3044 1721 3078 Oud..
1749 3044 1861 3077 Oxon.

105 3102 196 3125 unus
223 3096 256 3124 et
282 3100 333 3131 pr.
361 3092 414 3128 P:
444 3092 513 3125 del.
541 3094 746 3131 Schutziusz
775 3105 836 3127 nos
862 3095 1080 3126 seclusimus.
1108 3110 1153 3115 —
1194 3093 1251 3124 29.
1290 3093 1382 3124 credi
1406 3100 1477 3122 non
1503 3096 1659 3130 oportere
1686 3091 1862 3123 VPART:

106 3140 202 3172 credi
226 3142 384 3180 oportere
409 3139 449 3170 Ε.
489 3154 525 3161 -
566 3139 623 3173 30.
664 3142 756 3174 credi
781 3146 939 3181 oportere
965 3141 1088 3173 VART
1113 3145 1147 3173 et
1174 3148 1262 3171 corr.
1289 3139 1340 3170 P:
1380 3138 1472 3170 credi
1495 3146 1567 3169 non
1593 3144 1750 3178 oportere
1776 3139 1800 3170 E
1830 3142 1865 3170 et

106 3196 160 3227 pr.
188 3187 228 3218 P.
257 3201 298 3208 —-
326 3185 382 3217 34.
411 3185 452 3218 V.
481 3186 599 3227 aliquo
633 3188 732 3219 nobis
769 3193 970 3228 suspectum
996 3188 1222 3223 seclusimus,
1266 3186 1364 3222 prob.
1393 3185 1553 3217 Lindem.
1581 3201 1622 3208 —
1665 3185 1733 3216 illis
1758 3194 1865 3227 arqu-

103 3235 227 3266 mentis
251 3232 366 3265 Schol.
394 3231 580 3265 Oudend.:
606 3234 677 3264 illis
696 3235 916 3267 auditoribus
933 3235 1146 3275 arqumentis
1164 3232 1282 3263 PART
1310 3236 1343 3263 et
1369 3240 1488 3264 omnes
1514 3231 1605 3264 Oud.
1621 3254 1630 3269 ,
1667 3232 1738 3262 iltis
1764 3232 1864 3262 audi-

106 3280 238 3312 toribus
262 3282 294 3312 et
320 3279 533 3320 argumentis
559 3279 600 3311 E.
627 3279 688 3311 Est
710 3281 814 3322 gloss.
841 3290 881 3314 ex
912 3290 1014 3321 prava
1041 3280 1268 3320 explicatione
1294 3277 1487 3310 Victorini:
1526 3278 1752 3311 «certioribus
1776 3276 1860 3318 illis]

107 3326 326 3359 auditoribus
350 3326 520 3358 scilicet.»
558 3341 598 3348 —
635 3325 692 3357 37-
721 3330 893 3361 excitatur
918 3337 1006 3362 corr.
1034 3327 1074 3359 P.
1102 3326 1165 3368 ι([Ιι
1189 3333 1265 3365 nos,
1292 3325 1396 3360 etiam
1421 3323 1478 3368 V.)
1507 3341 1547 3349 -
1581 3325 1638 3359 39.
1665 3321 1861 3365 verborum]

106 3381 222 3408 rerum
245 3373 335 3406 PAT
361 3377 396 3406 et
419 3381 472 3415 pr.
499 3372 615 3405 Schol.
645 3372 739 3406 Oud.
