2117 3762
227 246 311 290 264
925 242 995 285 DE
1042 243 1288 286 ORATORE

230 369 363 411 quae,
395 353 554 395 etiamsi
584 349 663 393 alia
692 349 830 392 omnia
858 350 965 390 tradi
996 352 1085 390 arte
1112 355 1305 404 possunt,
1346 354 1516 391 naturae
1547 353 1641 391 sunt
1668 348 1839 404 propria
1868 351 1980 389 certe

227 431 365 474 neque
390 416 517 458 ullam
547 419 677 456 artem
707 413 956 456 desiderant.
1027 412 1075 452 In
1106 411 1255 466 quibus
1286 419 1329 453 tu
1361 414 1486 466 longe
1516 411 1607 452 aliis
1637 424 1729 452 mea
1759 411 1976 458 sententia,

229 482 406 529 Caesar,
441 476 634 526 excellis;
666 487 750 530 quo
781 476 911 529 magis
942 475 1043 515 mihi
1073 475 1195 515 etiam
1223 477 1338 516 testis
1368 488 1456 516 esse
1487 479 1606 529 potes
1626 479 1695 514 aut
1715 472 1866 514 nullam
1887 485 1977 513 esse

229 547 363 584 artem
393 541 488 582 salis
517 544 610 586 aut,
643 537 677 577 si
707 550 791 592 qua
820 541 901 584 est,
933 550 1025 577 eam
1052 549 1128 577 nos
1157 540 1202 576 tu
1231 536 1491 591 potissimum
1523 537 1706 578 docebis.
1764 537 1861 576 217.
1891 537 1981 589 Ego

199 613 354 653 ⁵ver0‚
401 603 534 658 inquit
577 601 752 648 Caesar,
805 600 917 641 omni
958 600 1010 640 de
1048 612 1093 639 re
1132 596 1303 640 facetius
1333 606 1434 653 puto
1466 613 1589 656 posse
1620 597 1671 640 ab
1701 597 1870 639 homine
1900 610 1986 638 non

227 669 437 710 inurbane
480 676 602 720 quam
640 664 693 704 de
730 663 832 717 ipsis
862 661 1021 703 facetiis
1053 659 1269 715 disputari.
1328 662 1473 716 Itaque
1505 675 1599 702 cum
1629 662 1829 717 quosdam
1860 661 1987 701 Grae-

229 744 300 773 cos
344 729 561 782 inscriptos
605 726 738 768 libros
784 738 875 767 esse
921 723 1118 767 vidissem
1163 723 1214 763 de
1257 723 1466 772 ridiculis,
1513 723 1755 766 nonnullam
1788 724 1832 763 in
1870 735 1986 777 spem

227 805 421 836 veneram
464 803 589 844 posse
635 802 701 830 me
746 787 904 844 aliquid
942 802 995 829 ex
1033 786 1121 826 istis
1158 783 1333 826 discere.
1394 787 1537 828 Inveni
1567 793 1705 828 autem
1740 783 1917 827 ridicula
1946 789 1988 825 et

228 855 331 896 salsa
369 853 499 894 multa
533 853 813 901 Graecorum3
861 864 959 892 nam
1001 854 1042 890 et
1083 848 1212 888 Siculi
1250 849 1293 888 in
1324 861 1373 889 eo
1406 863 1558 902 genere
1588 856 1628 890 et
1656 847 1807 890 Rhodii
1839 852 1880 889 et
1907 849 1988 902 By-

177 927 212 952 10
227 916 349 958 zantii
395 919 437 956 et
479 918 643 969 praeter
689 919 852 955 ceteros
887 911 1014 954 Attici
1058 911 1298 960 excellunt;
1351 913 1423 952 sed
1462 911 1534 967 qui
1573 914 1660 953 eius
1690 911 1754 952 rei
1783 911 1988 951 rationem

226 979 435 1035 quandam
464 977 602 1018 conati
633 981 728 1017 sunt
757 981 970 1031 artemque
1001 975 1167 1015 tradere
1187 1004 1198 1021 ,
1251 973 1310 1013 sic
1340 973 1483 1014 insulsi
1514 974 1780 1019 exstiterunt,
1812 978 1856 1013 ut
1886 971 1988 1012 nihil

226 1039 342 1083 aliud
364 1053 511 1082 eorum
541 1040 621 1080 nisi
651 1040 740 1094 ipsa
769 1038 979 1080 insulsitas
1000 1039 1198 1078 rideatur.
1259 1037 1355 1076 218.
1392 1037 1532 1085 Quare
1561 1038 1663 1076 mihi
1692 1035 1804 1077 nullo
1826 1033 1988 1075 videtur

225 1102 353 1145 modo
386 1101 576 1144 doctrina
605 1102 683 1144 ista
711 1115 779 1143 res
809 1115 932 1156 posse
961 1101 1084 1143 tradi.
1153 1099 1316 1139 Etenim
1347 1112 1441 1139 cum
1473 1100 1554 1140 duo
1587 1112 1738 1152 genera
1768 1098 1850 1140 sint
1879 1096 1989 1138 face-

226 1166 399 1214 tiarum,
431 1165 611 1206 alterum
641 1164 917 1220 aequabiliter
946 1163 989 1205 in
1012 1163 1124 1203 omni
1145 1174 1338 1202 sermone
1361 1159 1522 1209 fusum,
1555 1160 1727 1202 alterum
1747 1165 1989 1216 peracutum

176 1245 212 1270 15
229 1233 269 1270 et
296 1226 448 1276 breve,
494 1227 567 1269 illa
596 1241 620 1268 a
649 1225 861 1269 veteribus
900 1227 1094 1281 superior
1132 1223 1359 1272 cavillatio,
1405 1222 1507 1265 haec
1537 1223 1664 1265 altera
1694 1224 1885 1264 dicacitas
1914 1235 1990 1264 no-

227 1292 381 1333 minata
426 1295 502 1331 est.
564 1291 675 1332 Leve
719 1302 872 1331 nomen
915 1288 1041 1330 habet
1070 1293 1247 1342 utraque
1277 1288 1368 1327 res!
1417 1288 1599 1342 quippe;
1646 1286 1737 1328 leve
1779 1287 1888 1327 enim
1929 1290 1990 1326 est

227 1359 364 1395 totum
392 1355 494 1402 hoc,
525 1352 656 1394 risum
685 1365 872 1394 movere.
934 1353 1032 1392 219.
1065 1354 1388 1398 Verumtamen,
1429 1356 1475 1391 ut
1506 1351 1628 1398 dicis,
1669 1348 1844 1397 Antoni,
1885 1348 1991 1389 mul-

226 1422 315 1458 tum
344 1417 387 1458 in
418 1418 552 1458 causis
583 1428 786 1470 persaepe
826 1414 970 1470 lepore
1011 1420 1053 1455 et
1087 1412 1244 1454 facetiis
1275 1411 1420 1467 profici
1449 1413 1550 1453 vidi.
1613 1413 1694 1453 Sed
1724 1425 1816 1452 cum
1844 1413 1888 1452 in
1916 1410 1990 1452 illo

229 1493 383 1535 genere
410 1484 640 1536 perpetuae
686 1476 921 1520 festivitatis
961 1491 1027 1518 ars
1065 1489 1149 1518 non
1180 1474 1442 1517 desideretur
1470 1499 1524 1506 —-
1554 1480 1704 1517 natura
1733 1475 1842 1516 enim
1873 1473 1991 1528 fingit

178 1558 214 1584 20
228 1542 419 1585 homines
459 1548 501 1583 et
540 1546 656 1583 creat
694 1540 926 1582 imitatores
958 1545 999 1580 et
1028 1544 1267 1580 narratores
1298 1537 1452 1580 facetos
1483 1540 1704 1580 adiuvante
1736 1542 1776 1578 et
1807 1536 1919 1579 vultu
1950 1542 1992 1577 et

231 1619 337 1648 voce
358 1609 399 1647 et
427 1606 518 1659 ipso
550 1617 706 1659 genere
737 1604 940 1645 sermonis
965 1627 1036 1652 —,
1063 1608 1152 1642 tum
1172 1614 1273 1642 vero
1294 1600 1336 1642 in
1356 1603 1435 1642 hoc
1456 1600 1588 1642 altero
1613 1599 1860 1648 dicacitatis,
1893 1597 1993 1654 quid

227 1668 355 1710 hahet
393 1681 458 1709 ars
488 1666 588 1716 loci,
639 1681 734 1709 cum
772 1671 865 1708 ante
902 1665 1007 1707 illud
1041 1664 1174 1707 facete
1213 1665 1366 1704 dictum
1397 1664 1593 1705 emissum
1622 1666 1794 1705 haerere
1825 1661 1990 1710 debeat,

230 1745 354 1786 quam
396 1731 570 1785 cogitari
608 1730 796 1784 potuisse
835 1730 1060 1771 videatur?
1110 1728 1204 1768 220.
1245 1725 1355 1776 Quid
1394 1728 1503 1767 enim
1540 1728 1605 1767 hic
1635 1740 1752 1767 meus
1781 1726 1912 1767 frater
1941 1723 1992 1766 ab

230 1799 319 1835 arte
348 1793 536 1834 adiuvari
566 1794 724 1848 potuit,
758 1805 851 1834 cum
873 1807 896 1834 a
917 1791 1105 1846 Philippo
1136 1791 1434 1842 interrogatus,
1467 1790 1566 1844 quid
1588 1788 1778 1834 latraret,
1813 1790 1992 1829 Furem

179 1871 216 1898 2⁵
232 1871 281 1898 se
311 1855 492 1898 videre
523 1856 767 1911 respondit?
801 1854 911 1905 Quid
939 1855 983 1895 in
1012 1854 1126 1895 omni
1157 1853 1344 1893 oratione
1376 1852 1547 1893 Crassus
1576 1853 1647 1893 vel
1677 1853 1787 1907 apud
1808 1857 1994 1892 centum-

230 1920 343 1961 viros
383 1924 528 1960 contra
567 1917 808 1959 Scaevolam
843 1917 909 1959 vel
947 1922 1093 1958 contra
1132 1921 1414 1956 accusatorem
1444 1918 1642 1962 Brutum,
1683 1928 1776 1955 cum
1808 1927 1882 1969 pro
1916 1914 1989 1954 Cn.

230 1982 398 2023 Plancio
429 1983 617 2022 diceret?
648 1982 751 2021 Nam
780 1981 845 2028 id,
880 1981 991 2035 quod
1021 1984 1066 2020 tu
1096 1977 1195 2019 mihi
1229 1977 1396 2023 tribuis,
1428 1978 1602 2023 Antoni,
1637 1977 1783 2017 Crasso
1815 1980 1876 2016 est
1906 1987 1993 2014 om-

231 2046 346 2086 nium
367 2045 569 2086 sententia
588 2041 915 2085 concedendum.
977 2044 1069 2082 Non
1093 2040 1203 2081 enim
1225 2039 1312 2080 fere
1334 2041 1547 2095 quisquan]
1571 2038 1804 2094 reperietur
1829 2041 1993 2092 praeter

232 2107 342 2149 hunc
381 2108 425 2148 in
462 2111 642 2162 utroque
680 2119 832 2161 genere
871 2104 1026 2160 leporis
1058 2102 1262 2144 excellens
1294 2109 1335 2143 et
1364 2102 1458 2150 illo,
1499 2103 1612 2156 quod
1643 2101 1685 2142 in
1714 2098 1993 2155 perpetuitate

185 2185 220 2211 ao
234 2169 457 2218 sermonis,
500 2174 540 2210 et
570 2169 676 2218 hoc,
723 2169 835 2224 quod
873 2168 917 2208 in
957 2167 1166 2207 celeritate
1203 2170 1325 2220 atque
1356 2165 1467 2206 dicto
1499 2169 1573 2205 est.
1635 2166 1728 2204 221.
1760 2165 1864 2203 Nam
1892 2163 1995 2201 haec

233 2238 439 2290 perpetua
483 2236 628 2274 contra
668 2231 910 2272 Scaevolam
951 2228 1130 2269 Curiana
1172 2226 1358 2268 defensio
1390 2233 1477 2269 tota
1507 2225 1755 2268 redundavit
1788 2223 1993 2266 hilaritate

235 2298 415 2354 quadam
450 2300 490 2336 et
535 2294 657 2343 ioco;
705 2293 813 2334 dicta
844 2294 916 2334 illa
946 2293 1091 2333 brevia
1126 2304 1210 2332 non
1246 2288 1403 2330 habuit.
1465 2288 1665 2330 Parcebat
1709 2286 1817 2329 enim
1848 2285 1995 2327 adver-

235 2360 333 2401 sarii
363 2357 582 2412 dignitati;
624 2358 668 2397 in
700 2368 784 2411 quo
815 2354 904 2411 ipse
936 2357 1126 2396 servabat
1156 2367 1299 2403 sua1n3
1342 2354 1453 2407 quod
1487 2357 1547 2393 est
1579 2350 1816 2394 hominibus
1851 2348 1992 2390 facetis

236 2427 277 2464 et
306 2420 518 2464 dicacibus
558 2417 875 2467 difficillimum,
925 2419 1078 2458 habere
1118 2417 1333 2458 hominum
1363 2416 1567 2456 rationem
1606 2419 1646 2455 et
1675 2419 1913 2466 temporum
1953 2416 1994 2451 et

186 2499 221 2525 ³⁵
237 2499 305 2534 ea,
344 2477 451 2540 quae
479 2486 722 2528 occurrunt,
767 2494 862 2522 cum
893 2480 1115 2522 salsissime
1146 2478 1226 2520 dici
1266 2483 1461 2532 possunt,
1497 2483 1655 2518 tenere.
1715 2478 1857 2531 Itaque
1891 2486 1995 2514 non-

235 2547 338 2591 nulli
366 2544 529 2589 ridiculi
551 2544 742 2587 homines
762 2544 842 2585 hoc
863 2542 1003 2598 ipsum
1023 2555 1108 2585 non
1128 2541 1284 2583 insulse
1312 2543 1656 2596 interpretantur.
1716 2540 1812 2579 222.
1845 2536 1993 2577 Dicere

239 2651 1981 2671 ————-————-—-——————-——————————-

329 2733 364 2765 1.
389 2732 461 2764 alio
486 2731 527 2763 Β.
554 2744 598 2752 -
633 2728 666 2761 3.
693 2729 796 2761 etiam
820 2732 881 2760 aut
907 2728 1003 2760 testis
1028 2727 1069 2758 Β.
1103 2743 1140 2749 -
1179 2725 1278 2758 nulla
1303 2733 1372 2757 esse
1397 2728 1473 2756 arte
1506 2723 1546 2754 B.
1588 2737 1627 2745 —
1664 2721 1699 2753 [ι.
1736 2721 1824 2752 satis
1849 2719 1923 2752 AB.
1952 2735 1992 2742 —

239 2788 315 2811 cam
340 2783 421 2811 tunc
441 2781 540 2819 potes
564 2785 627 2808 nos
653 2776 771 2809 docere
796 2776 848 2813 B,
874 2778 910 2807 tu
935 2783 997 2806 nos
1021 2774 1064 2806 R.
1088 2790 1124 2796 —-
1153 2774 1187 2805 5.
1218 2773 1346 2805 Caesar
1372 2780 1450 2803 cum
1478 2769 1589 2802 Codd.
1616 2768 1700 2808 aliq.
1730 2773 1762 2800 et
1787 2768 1831 2799 R.
1859 2775 1928 2799 om.
1949 2766 1991 2798 T.

241 2844 278 2850 -
306 2827 450 2868 facilius
474 2825 506 2857 A
529 2824 684 2863 aliique,
725 2823 768 2854 T.
810 2820 872 2862 (Ex
898 2822 925 2853 B
952 2822 1038 2853 nihil
1064 2825 1215 2852 notatur.
1267 2819 1473 2852 Manifestus
1499 2817 1598 2848 nobis
1622 2817 1760 2848 videtur
1799 2813 1924 2851 error.)
1951 2831 1993 2837 -

239 2873 274 2905 6.
301 2874 412 2913 ipsias
435 2871 508 2905 AB.
534 2888 580 2894 —-
602 2871 638 2902 7.
668 2869 707 2902 dc
731 2867 904 2908 ridiculis]
928 2868 1152 2909 perridiculis
1176 2867 1247 2898 ΑΒ.
1275 2883 1320 2888 —
1354 2866 1387 2898 8.
1414 2864 1548 2905 aliquid
1572 2873 1613 2895 ea:
1636 2864 1680 2894 iis
1705 2862 1734 2894 A
1751 2885 1759 2900 ‚
1788 2870 1831 2892 θαι·
1855 2861 1906 2892 his
1931 2860 1995 2891 ali-

240 2920 323 2960 quid
348 2929 387 2953 ex
413 2920 488 2952 aliis
516 2919 558 2950 T.
590 2915 646 2959 (Ut
670 2925 757 2952 nos,
785 2914 875 2956 BR.)
903 2931 941 2938 -
968 2917 1022 2947 11.
1052 2918 1227 2955 artemque
1255 2930 1267 2936 -
1288 2930 1302 2935 -
1328 2914 1537 2944 exstiterunt
1564 2919 1629 2942 om.
1660 2910 1700 2941 B.
1729 2925 1769 2931 —
1805 2908 1862 2940 12.
1889 2906 1995 2939 insul-

240 2971 298 2997 tas
321 2967 361 2998 B.
403 2984 440 2990 —
479 2967 562 2997 mihi
587 2964 721 3005 quidem
753 2973 770 2996 e
798 2962 908 2994 Codd.
936 2962 977 2994 T.
1008 2961 1066 3003 (Ut
1090 2970 1176 2999 nos,
1219 2960 1339 2998 ABR.)
1368 2975 1406 2981 —-
1433 2959 1572 2989 videtur
1596 2957 1693 2988 nullo
1718 2955 1818 2987 modo
1848 2953 1965 2985 Lamb.
1983 2977 1992 2992 ,

241 3013 335 3044 nullo
361 3014 463 3044 modo
488 3014 625 3045 videtur
650 3019 729 3043 curn
756 3009 865 3042 Codd.
894 3009 937 3041 al.
965 3009 1005 3042 T.
1025 3026 1069 3030 —
1095 3008 1151 3040 16.
1179 3008 1305 3047 quippe
1331 3007 1397 3038 leve
1416 3005 1490 3036 RE.
1513 3022 1550 3027 —
1580 3004 1635 3035 17.
1665 3006 1774 3035 totum
1799 3010 1866 3033 om.
1888 3000 1931 3031 Α.
1951 3017 1992 3022 -

243 3059 299 3090 18.
329 3059 388 3091 illo
413 3061 449 3091 in
475 3068 554 3091 cum
578 3059 640 3099 Lg.
667 3059 823 3099 quinque
850 3056 892 3088 T.
922 3074 963 3079 —
989 3057 1046 3087 20.
1072 3059 1278 3087 narratores
1305 3062 1371 3084 om.
1394 3051 1437 3083 Α.
1469 3069 1506 3074 -
1543 3051 1732 3082 adiuvante
1758 3051 1789 3079 et
1813 3047 1910 3079 vultu
1934 3046 1992 3078 AB

243 3106 399 3145 aliique:
429 3110 459 3138 et
484 3107 583 3138 vultu
611 3106 800 3138 adiuvante
828 3104 903 3135 RE.
937 3120 973 3126 -
1003 3103 1061 3134 22.
1091 3098 1178 3141 cum]
1206 3102 1369 3141 quoniam
1398 3099 1438 3129 B.
1462 3116 1498 3121 -
1526 3099 1633 3140 facete
1650 3096 1709 3129 AB
1740 3095 1866 3135 aliique
1893 3094 1990 3132 prob.

244 3152 440 3184 Ellendtio:
466 3152 615 3191 facetum
632 3153 688 3184 RE
708 3156 742 3184 et
766 3149 928 3183 Ellendtii
946 3158 1087 3189 operae.
1106 3166 1149 3172 —-
1176 3148 1233 3179 27.
1256 3147 1399 3178 Plancio
1419 3145 1527 3178 Codd.
1554 3145 1635 3184 aliq.
1665 3147 1698 3175 et
1724 3142 1928 3174 Cluentiana
1953 3138 1991 3180 §-

244 3199 336 3231 140:
364 3199 492 3230 Planco
518 3200 627 3235 (AB‘I)
653 3199 727 3230 RE.
746 3214 789 3219 —
815 3197 873 3230 28.
895 3201 1036 3236 praeter
1061 3204 1129 3228 om.
1149 3194 1221 3226 ΑΒ.
1244 3211 1281 3216 -
1309 3194 1365 3225 29.
1394 3196 1425 3223 et
1449 3197 1527 3225 ante
1551 3192 1613 3223 illo
1641 3200 1708 3223 om·
1727 3189 1800 3220 AB·
1823 3204 1861 3210 —
1889 3186 1992 3227 quod]

245 3246 303 3286 qui
326 3244 400 3277 ΑΒ.
430 3260 468 3266 -
495 3244 551 3276 32.
578 3247 729 3285 quadam
752 3260 767 3266 —
790 3261 804 3268 -
828 3245 945 3277 brevia
969 3253 1037 3276 om.
1065 3243 1105 3275 B.
1135 3257 1174 3264 -
1211 3240 1268 3272 33.
1296 3241 1371 3280 ipso
1396 3240 1439 3271 R.
1471 3240 1527 3275 (Ut
1552 3247 1636 3276 nos,
1665 3233 1752 3276 AB.)
1780 3251 1816 3258 —
1862 3242 1993 3265 conser-

243 3296 305 3324 vat
327 3291 382 3325 A,
410 3292 638 3324 conservabat
662 3294 702 3324 B.
734 3309 770 3315 —
808 3292 846 3324 in
870 3291 1065 3322 hominibus
1090 3289 1130 3321 B.
1160 3303 1198 3310 -—
1237 3287 1293 3319 35.
1322 3291 1507 3320 occurrant
1533 3285 1642 3319 Codd.
1670 3284 1781 3323 aliq-2
1808 3283 1995 3313 occurrant

246 3336 335 3382 (AB)
361 3337 433 3371 RE.
463 3354 502 3361 —
524 3344 671 3378 possunt
695 3338 725 3372 Α
750 3339 903 3380 aliique,
931 3338 985 3372 R:
1009 3337 1147 3379 possint
1173 3334 1215 3373 (B
1229 3335 1258 3371 Ἰ)
1284 3334 1324 3366 Ε.
