2117 3762
510 816 604 866 M.
642 816 953 867 TULLII
999 815 1384 866 CICERON
1389 817 1471 867 1S

943 960 1013 999 DE

323 1092 1632 1165 ORATGRE

769 1267 950 1306 LIBRI
995 1265 1175 1307 TRES.

731 1554 931 1594 LIBER
966 1553 1175 1594 PRIMU
1178 1554 1231 1593 S.

99 1699 130 1740 Ι.
180 1699 215 1740 1.
272 1682 497 1751 Cogitanti
535 1695 637 1738 mihi
675 1709 976 1750 saepenumero
1017 1701 1057 1737 et
1091 1695 1293 1736 memoria
1329 1698 1471 1736 vetera
1514 1693 1715 1749 repetenti
1760 1706 1856 1746 per-

97 1757 211 1801 beati
242 1758 393 1808 suisse,
430 1758 582 1809 Quinte
614 1757 763 1807 frater,
795 1758 855 1800 illi
886 1758 1019 1799 videri
1050 1759 1203 1805 solent,
1237 1756 1307 1812 qui
1338 1758 1379 1798 in
1410 1757 1566 1811 optima
1597 1771 1641 1797 re
1672 1754 1851 1812 publica,

98 1835 192 1863 cum
224 1828 263 1863 et
292 1821 523 1863 honoribus
554 1827 595 1862 et
624 1835 763 1862 rerum
795 1827 1003 1875 gestarum
1036 1821 1167 1874 gloria
1196 1819 1412 1867 florerent,
1445 1833 1539 1860 eum
1561 1822 1667 1860 vitae
1690 1832 1854 1860 cursum

96 1889 238 1925 tenere
269 1889 513 1939 potuerunt,
545 1889 590 1925 ut
618 1883 683 1924 vel
713 1884 756 1924 in
787 1883 956 1936 negotio
989 1882 1077 1924 sine
1109 1881 1295 1937 periculo
1325 1881 1392 1922 vel
1421 1883 1464 1922 in
1495 1880 1580 1922 otio
1609 1895 1701 1922 cum
1722 1879 1856 1934 digni-

95 1950 178 1987 tate
209 1959 300 1988 esse
329 1951 513 2000 possent.
570 1948 627 1987 Ac
657 1945 754 1992 fuit.
786 1960 880 1986 curn
912 1944 1012 1986 mihi
1043 1959 1209 2000 quoque
1238 1944 1400 1986 initium
1420 1944 1711 1999 requiescendi
1732 1948 1886 1997 atque5

96 2010 279 2050 animum
310 2010 362 2050 ad
390 2011 604 2064 utriusque
635 2012 823 2048 nostrum
853 2009 1066 2062 praeclara
1095 2007 1230 2049 studia
1259 2006 1468 2048 referendi
1507 2007 1598 2047 fore
1632 2007 1785 2047 iustum
1817 2010 1857 2046 et

95 2084 228 2127 prope
260 2072 312 2113 ab
343 2070 537 2113 omnihus
573 2081 817 2112 concessum
854 2070 1105 2120 arbitrarer,
1155 2071 1189 2112 si
1226 2068 1410 2111 infinitus
1450 2068 1681 2110 forensium
1717 2080 1858 2109 rerum

95 2132 217 2176 labor
254 2140 309 2184 et«
334 2134 572 2175 ambitionis
615 2134 832 2186 occupatio
881 2135 1058 2175 decursu
1099 2133 1334 2180 honorum,
1389 2132 1512 2172 etiam
1557 2129 1702 2172 aetatis
1745 2128 1859 2171 flexu

97 2195 362 2239 constitisset.
423 2199 464 2237 2.
500 2197 635 2246 Quam
665 2209 782 2251 spem
814 2196 1113 2250 cogitationum
1143 2200 1185 2237 et
1214 2193 1483 2235 consiliorum
1513 2207 1724 2242 meorum,
1765 2205 1858 2232 cum

97 2273 244 2315 graves
274 2259 556 2301 communium
586 2264 847 2313 temporum,
880 2264 968 2300 tum
997 2258 1103 2301 varii
1133 2257 1264 2300 nostri
1287 2270 1405 2298 casus
1426 2255 1677 2298 fefellerunt.
1737 2257 1855 2303 Nam,
1872 2275 1907 2299 10

97 2324 168 2378 qui
198 2322 314 2365 locus
344 2322 491 2379 quietis
522 2327 563 2362 et
592 2321 901 2376 tranquillitatis
930 2320 1197 2374 plenissimus
1226 2319 1318 2362 fore
1349 2318 1593 2368 videbatur,
1626 2318 1669 2360 in
1700 2332 1749 2360 eo
1774 2330 1859 2359 ma-

96 2385 233 2426 ximae
278 2386 410 2427 moles
455 2387 740 2426 molestiarum
786 2390 827 2426 et
872 2384 1248 2426 turbulentissimae
1297 2387 1561 2438 tempestates
1593 2382 1854 2423 exstiterunt.

96 2448 242 2502 Neque
280 2461 382 2489 vero
421 2448 543 2489 nobis
582 2446 843 2503 cupientibus
874 2451 997 2502 atque
1029 2445 1322 2501 exoptantibus
1353 2443 1512 2486 fructus
1543 2445 1615 2485 otii
1647 2446 1765 2485 datus
1797 2447 1859 2483 est

96 2507 149 2550 ad
178 2523 248 2550 eas
278 2515 410 2559 artes,
463 2508 614 2565 quibus
644 2523 667 2550 a
695 2510 837 2564 pueris
868 2509 996 2550 dediti
1027 2507 1201 2556 fuimus,
1252 2506 1519 2549 celebrandas
1558 2507 1666 2548 inter
1696 2517 1855 2560 nosque

97 2571 357 2614 recolendas.
419 2575 459 2615 3.
506 2575 610 2613 Nam
650 2574 783 2628 prima
823 2577 957 2613 aetate
991 2570 1212 2612 incidimus
1250 2570 1293 2612 in
1330 2571 1461 2626 ipsam
1502 2567 1856 2623 perturbationem
1871 2584 1905 2610 ις

97 2634 337 2690 disciplinae
377 2636 552 2686 veteris3
602 2641 643 2676 et
681 2634 897 2676 consulatu
936 2633 1178 2676 devenimus
1208 2632 1251 2674 in
1282 2632 1467 2674 medium
1499 2645 1637 2673 rerum
1669 2630 1855 2671 omnium

98 2701 306 2738 certamen
343 2703 466 2753 atque
501 2699 745 2747 discrimem
797 2702 838 2738 et
865 2699 946 2738 hoc
976 2702 1139 2751 tempus
1170 2710 1294 2737 omne
1324 2694 1420 2750 post
1450 2694 1706 2736 consulatum
1739 2690 1854 2732 obie-

97 2759 228 2800 cimus
266 2760 317 2800 iis
358 2759 573 2810 fluctibus,
622 2760 692 2816 qui
729 2773 806 2815 per
844 2773 920 2801 nos
959 2773 982 2800 a
1024 2758 1237 2800 communi
1275 2765 1393 2812 peste
1433 2756 1593 2812 depulsi
1622 2756 1664 2796 in
1694 2757 1859 2795 nosmet

97 2820 211 2875 ipsos
238 2820 535 2865 redundarent.
596 2824 678 2864 Sed
709 2828 845 2864 tamen
876 2824 919 2863 in
951 2823 1010 2864 eis
1040 2824 1108 2863 vel
1137 2820 1430 2877 asperitatibus
1461 2833 1601 2861 rerum
1633 2816 1696 2858 vel
1729 2829 1858 2869 angu-

97 2883 186 2924 stiis
217 2886 414 2939 temporis
445 2887 653 2940 obsequar
683 2887 828 2927 studiis
859 2886 1012 2926 nostris
1044 2889 1110 2932 et,
1161 2889 1358 2938 quantum
1399 2881 1498 2922 mihi
1536 2880 1601 2921 vel
1638 2880 1751 2920 fraus
1780 2875 1907 2922 ini-20

98 2946 304 2987 micorum
332 2947 401 2988 vel
431 2961 578 2989 causae
611 2948 839 2989 amicorum
869 2947 938 2988 vel
967 2959 1034 2987 res
1065 2945 1230 3001 publiea
1260 2947 1414 2986 tribuet
1444 2944 1541 2992 otii,
1586 2941 1638 2984 ad
1675 2942 1859 2983 scriben-

189 3077 225 3110 4.
251 3079 323 3111 sine
346 3078 501 3118 periculo
527 3079 580 3111 vel
603 3080 643 3112 in
668 3081 739 3112 otio
756 3089 824 3112 om.
842 3079 882 3110 B.
906 3094 942 3101 -
971 3078 1004 3110 5.
1022 3077 1068 3109 Ac
1092 3076 1181 3118 suit,
1208 3086 1285 3109 cum
1301 3076 1385 3107 mihi
1399 3074 1506 3106 Palat.
1534 3075 1590 3106 1.:
1618 3072 1665 3105 Ac
1681 3072 1749 3113 fuit
1765 3071 1859 3114 quod

99 3121 148 3165 (id
174 3129 249 3158 est:
287 3124 402 3166 quom)
427 3126 510 3157 mihi
535 3126 561 3157 B
578 3149 587 3165 ,
627 3126 677 3158 Ac
701 3136 796 3158 nunc
821 3126 959 3166 quidem
982 3125 1066 3156 mihi
1091 3125 1145 3162 R,
1172 3125 1220 3156 Ac
1243 3124 1310 3164 fuit
1336 3122 1472 3162 quidem
1488 3144 1496 3159 ,
1535 3129 1612 3152 cum
1636 3120 1720 3151 mihi
1746 3120 1786 3152 E.
1814 3135 1857 3141 —

97 3171 134 3204 7.
160 3171 259 3205 labor
283 3180 401 3203 rerum
427 3172 467 3203 B.
509 3189 546 3196 —-
586 3175 616 3203 et
641 3175 769 3205 aetatis
800 3173 899 3205 Voss.
938 3171 1035 3213 prob.
1062 3172 1184 3203 Bakio.
1237 3171 1307 3210 Ego
1335 3170 1431 3206 prius
1459 3167 1662 3200 edideram:
1706 3170 1739 3198 et
1770 3167 1855 3198 iam.

100 3217 168 3250 Οιι.
195 3234 240 3242 -
265 3218 365 3262 fluxu
393 3219 540 3251 Ernesti}
568 3227 717 3259 operae,
744 3229 823 3252 nam
848 3219 941 3262 flexu
967 3217 1133 3250 Gruterus
1159 3217 1261 3249 1618.
1314 3215 1371 3246 Sic
1397 3219 1511 3247 tamen
1538 3213 1604 3246 Gu.
1632 3213 1665 3245 2.
1695 3218 1729 3246 et
1754 3222 1805 3253 pr.
1832 3222 1858 3244 α

100 3264 211 3298 Oxon.
239 3270 345 3306 atque
373 3274 411 3297 ex
436 3265 463 3296 B
490 3265 575 3297 nihil
601 3271 717 3298 contra
745 3270 901 3298 notatum
929 3268 992 3298 est.
1020 3281 1061 3286 —
1101 3264 1156 3295 11.
1181 3262 1377 3304 plenissime
1402 3258 1472 3302 (ae)
1498 3261 1537 3294 B.
1577 3276 1617 3283 —
1660 3260 1714 3292 12.
1751 3261 1858 3291 moles

101 3321 170 3343 om.
196 3312 223 3344 B
250 3321 326 3344 curn
355 3313 543 3352 plerisque.
570 3329 614 3333 —
638 3312 695 3344 18.
721 3314 765 3343 iis
794 3322 863 3344 om.
892 3313 943 3350 B,
972 3312 1173 3350 absorptum
1201 3319 1218 3341 a
1245 3309 1318 3349 syll.
1345 3316 1433 3338 mus.
1463 3325 1501 3332 —
1536 3307 1594 3340 19.
1620 3306 1858 3341 redundarent

99 3358 181 3393 Ba:
208 3359 453 3393 redundarunt
479 3359 520 3391 E.
549 3374 586 3382 -—
617 3360 662 3392 eis
687 3359 771 3392 BR:
799 3360 850 3392 his
876 3359 917 3392 Ε.
948 3375 984 3382 -
1013 3358 1070 3391 21.
1096 3365 1204 3391 causa
1228 3355 1256 3387 B
1282 3355 1364 3397 (non
1391 3354 1449 3398 R).
