2117 3762
218 270 300 313 :326
922 266 993 308 DE
1024 266 1270 310 ORATORE

216 391 296 434 pro
326 382 494 427 senatu,
527 388 758 429 campum
787 385 862 428 pro
895 371 1097 421 comitiis,
1140 382 1314 427 togam
1344 388 1421 428 pro
1452 387 1582 430 pace,
1623 387 1766 417 arma
1796 388 1842 416 ac
1873 374 1977 418 tela

217 455 296 497 pro
325 439 460 490 hello;
514 440 604 480 168.
647 449 730 491 quo
766 438 865 476 item
905 435 947 476 in
987 448 1140 489 genere
1171 442 1212 478 et
1239 438 1412 479 virtutes
1443 443 1483 479 et
1512 436 1610 479 vitia
1649 450 1726 492 pro
1765 436 1886 492 ipsis,
1934 439 1977 479 in

219 503 369 560 quibus
400 503 467 544 illa
488 506 607 548 sunt,
641 497 922 554 appellantur:
955 497 1225 540 Luxuries
1255 513 1404 554 quam
1436 502 1487 541 in
1518 499 1720 542 domum
1751 500 1975 554 irrupit,

220 572 282 615 et,
316 568 426 616 Quo
458 562 688 606 avaritia
718 563 1056 616 penetravit3
1101 565 1173 602 aut
1201 561 1359 604 Fides
1389 562 1584 612 valuit,
1619 562 1829 605 Iustitia
1859 575 1979 604 con-

187 629 359 671 sfecit.
420 627 578 670 Videtis
609 624 796 681 profecto
828 637 957 678 genus
991 625 1071 664 hoc
1110 628 1265 672 totum,
1318 639 1409 667 cum
1450 627 1605 667 inflexo
1643 630 1978 680 commutatoque

216 694 344 733 verbo
376 704 441 732 res
472 690 616 730 eadem
648 687 886 729 enuntiatur
915 687 1125 736 ornatius;
1160 685 1226 727 cui
1256 694 1350 730 sunt
1379 687 1549 731 finitima
1579 688 1646 730 illa
1676 687 1812 730 minus
1834 693 1980 729 ornata

218 755 291 795 sed
323 759 457 795 tamen
486 765 569 792 non
599 750 852 806 ignoranda,
903 762 996 790 cum
1035 748 1210 803 intelligi
1249 748 1441 792 volumus
1482 751 1637 806 aliquid
1677 756 1747 792 aut
1782 764 1835 792 ex
1863 755 1979 806 parte

218 821 373 864 totum,
417 819 489 863 ut,
536 827 614 868 pro
645 812 843 854 aedificiis
874 825 966 853 cum
1004 813 1248 867 parietes
1286 816 1356 852 aut
1390 817 1536 856 tecta
1576 813 1772 863 dicimus;
1823 816 1894 854 aut
1925 826 1980 854 ex

218 882 304 918 toto
335 881 516 932 partem,
563 881 632 925 ut,
681 890 774 918 cum
814 889 938 916 unam
979 880 1157 917 turmam
1198 876 1495 930 equitatum
1534 876 1720 933 populi
1760 873 1979 918 Romani

169 954 204 979 10
220 938 391 981 dicimus
402 953 413 990 ;
445 944 515 980 aut
544 952 597 980 ex
625 952 710 980 uno
740 938 908 994 plures:

439 1020 490 1062 At
521 1023 722 1062 Romanus
751 1021 886 1066 homo,
917 1020 1120 1062 tamenetsi
1149 1033 1212 1062 res
1240 1019 1329 1061 bene
1357 1025 1465 1073 qesta
1495 1024 1571 1068 est,

441 1084 563 1126 Corde
591 1098 661 1124 suo
690 1085 873 1138 trepidat.

218 1170 288 1208 aut
316 1179 409 1208 cum
440 1179 493 1207 ex
522 1164 710 1222 pluribus
740 1164 984 1220 intelligitur
1012 1179 1166 1207 unum:

440 1249 522 1290 Nos
549 1246 678 1289 sumu’
709 1248 898 1295 Romani,
931 1249 999 1302 qui
1023 1249 1199 1301 favimus
1227 1253 1315 1289 ante
1345 1249 1513 1295 Rudini,

169 1349 204 1375 1⁵
219 1337 288 1374 aut
317 1345 563 1388 quocunque
594 1329 743 1378 modo,
776 1343 860 1371 non
890 1335 935 1372 ut
965 1328 1118 1371 dictum
1150 1334 1235 1379 est,
1268 1329 1310 1371 in
1343 1343 1391 1371 eo
1424 1342 1578 1383 genere
1609 1328 1876 1383 intelligitur,
1908 1332 1981 1372 sed

218 1401 264 1438 ut
293 1409 457 1437 sensum
490 1399 563 1435 est.
622 1395 772 1435 XLIII.
810 1395 902 1435 169.
951 1391 1174 1434 Abutimur
1204 1406 1327 1448 saepe
1360 1392 1481 1434 etiam
1512 1395 1640 1434 verbo
1671 1406 1756 1433 non
1786 1397 1867 1433 tam
1900 1394 1981 1434 ele-

220 1465 363 1514 ganter
393 1471 516 1513 quam
546 1458 588 1498 in
618 1455 930 1504 transferendo,
963 1458 1034 1497 sed
1066 1456 1225 1497 etiamsi
1255 1454 1464 1502 licentius,
1497 1460 1632 1496 tamen
1658 1455 1865 1497 interdum
1897 1471 1981 1497 non

218 1521 503 1577 impudenter;
554 1524 599 1561 ut
638 1533 731 1560 cum
777 1520 1029 1572 grandem
1073 1518 1371 1560 orationem
1417 1532 1490 1571 pro
1532 1518 1680 1573 longa,
1731 1517 1983 1559 minutum

220 1584 444 1626 animum
485 1596 562 1638 pro
598 1595 727 1636 parvo
761 1580 949 1622 dicimus.
1010 1582 1165 1623 Verum
1197 1581 1265 1623 illa
1295 1580 1496 1622 videtisne
1527 1594 1616 1622 esse
1647 1594 1729 1622 non
1760 1580 1878 1621 verbi
1909 1582 1981 1622 sed

169 1662 207 1689 πο
221 1648 441 1695 orationis,
485 1658 592 1700 quae
623 1659 675 1685 ex
706 1643 914 1699 pluribus,
960 1649 1004 1686 ut
1034 1645 1237 1700 exposui,
1279 1642 1614 1685 translationibus
1645 1657 1828 1685 connexa
1859 1647 1981 1686 sunt?

219 1712 321 1752 haec
364 1715 527 1757 autem,
579 1722 685 1764 quae
726 1713 796 1749 aut
834 1709 1047 1749 immutata
1086 1721 1175 1749 esse
1216 1706 1302 1748 dixi
1343 1712 1412 1747 aut
1441 1707 1561 1747 aliter
1592 1705 1884 1760 intelligenda,
1936 1719 1983 1746 ac

221 1772 480 1819 dicerentur,
512 1778 606 1812 sunt
636 1772 831 1811 translata
862 1769 1041 1825 quodam
1072 1769 1213 1811 modo.
1278 1771 1369 1810 170.
1403 1771 1462 1809 Ita
1492 1767 1558 1817 fit,
1600 1775 1645 1809 ut
1676 1768 1811 1810 omnis
1841 1768 1982 1822 singu-

218 1834 355 1877 lorum
385 1833 612 1876 verborum
641 1832 772 1875 virtus
802 1839 925 1888 atque
957 1834 1044 1874 laus
1076 1831 1206 1874 tribus
1237 1833 1406 1874 exsistat
1436 1845 1488 1873 ex
1519 1833 1664 1873 rebus:
1705 1830 1739 1872 si
1769 1836 1838 1871 aut
1868 1836 1984 1872 vetu-

220 1904 327 1940 stum
358 1899 532 1939 verbum
563 1896 636 1943 sit,
684 1895 795 1952 quod
825 1902 961 1937 tamen
993 1897 1251 1937 consuetudo
1281 1894 1393 1936 serre
1432 1896 1583 1950 possit;
1636 1900 1705 1935 aut
1734 1892 1885 1934 factum
1916 1893 1979 1935 vel

170 1975 206 2001 25
221 1960 511 2002 coniunctione
540 1960 607 2001 vel
637 1958 844 2008 novitate,
877 1960 920 1999 in
951 1972 1034 2013 quo
1064 1957 1163 1999 item
1194 1964 1255 1999 est
1285 1959 1453 1998 auribus
1486 1956 1858 2011 consuetudinique
1888 1969 1982 2012 par-

220 2024 417 2073 cendum;
449 2029 519 2065 aut
539 2022 805 2071 translatum,
838 2021 950 2077 quod
981 2023 1158 2064 maxime
1190 2027 1398 2077 tamquam
1430 2020 1558 2062 stellis
1590 2018 1837 2075 quibusdam
1867 2024 1983 2060 notat

219 2092 260 2128 et
288 2086 490 2128 illuminat
520 2086 767 2128 orationem.

334 2151 427 2190 171.
462 2150 659 2204 Sequitur
688 2149 941 2189 continuatio
973 2149 1220 2195 verborum,
1252 2161 1358 2202 quae
1389 2146 1490 2188 duas
1520 2160 1586 2188 res
1615 2146 1820 2195 maxime,
1854 2144 1982 2187 collo-

220 2211 421 2254 cationem
444 2212 652 2265 primum,
687 2210 837 2252 deinde
868 2212 1037 2252 modum
1069 2213 1274 2267 quendam
1307 2209 1566 2265 formamque
1599 2209 1824 2251 desiderat.
1888 2209 1982 2250 Col-

169 2275 436 2318 ³0locationis
477 2280 538 2316 est
574 2287 823 2329 componere
855 2278 896 2314 et
926 2279 1087 2315 struere
1124 2272 1252 2314 verba
1293 2272 1375 2321 sic,
1430 2278 1472 2313 ut
1528 2286 1632 2314 neve
1675 2286 1795 2328 asper
1835 2285 1979 2313 eorum

220 2351 443 2380 concursus
479 2350 583 2379 neve
620 2336 781 2378 hiulcus
819 2336 870 2379 sit
907 2339 981 2378 sed
1013 2336 1318 2392 quodammodo
1352 2341 1661 2390 coagmentatus
1692 2342 1732 2377 et
1761 2334 1877 2377 levis.
1934 2336 1981 2376 In

219 2415 302 2456 quo
331 2399 467 2456 lepide
498 2399 634 2442 soceri
664 2400 747 2442 mei
778 2412 957 2454 persona
986 2398 1083 2441 lusit
1110 2399 1167 2447 is,
1215 2400 1285 2456 qui
1324 2398 1627 2454 elegantissime
1665 2399 1708 2440 id
1737 2397 1875 2439 facere
1905 2410 1980 2453 po-

217 2466 317 2515 tuit,
348 2463 553 2512 Lucilius,

446 2547 576 2597 Quam
605 2545 725 2598 lepide
754 2545 876 2585 lexeis
904 2546 1145 2598 compostae!
1173 2552 1218 2586 ut
1245 2545 1454 2586 tesserulae
1482 2557 1614 2585 omnes

168 2621 204 2649 ³⁵
442 2610 538 2651 Arte
559 2609 785 2662 pavimento
814 2614 929 2661 atque
959 2609 1178 2649 emblemate
1207 2609 1476 2649 vermiculato.

220 2693 336 2744 Quae
366 2705 460 2734 cum
491 2689 662 2731 dixisset
691 2688 733 2730 in
763 2688 979 2730 Albucium
1010 2688 1209 2737 illudens,
1241 2703 1293 2730 ne
1324 2703 1346 2730 a
1378 2702 1441 2730 me
1472 2687 1638 2745 quidem
1669 2687 1888 2738 abstinuit,

442 2773 631 2814 Crassum
658 2771 775 2812 habeo
805 2784 1013 2824 yenerum,
1044 2784 1091 2812 ne
1120 2772 1412 2812 rhetoricotero’
1443 2776 1485 2811 tu
1513 2771 1584 2812 sis.

310 2899 345 2932 2.
372 2900 448 2931 vita
473 2896 552 2937 (sic)
578 2901 609 2929 et
633 2898 746 2930 virtus
771 2897 812 2928 A.
852 2914 889 2920 -
930 2896 963 2929 5.
991 2898 1239 2939 immutatoque
1264 2898 1317 2935 Α,
1345 2901 1548 2937 mutatoque
1573 2897 1614 2927 Β.
1656 2913 1694 2919 —-
1733 2897 1766 2929 6.
1794 2898 1980 2929 nuntiatur

221 2952 366 2979 ornatus
392 2944 474 2987 (sic)
502 2946 542 2978 R.
565 2962 603 2968 —
632 2944 702 2985 cui]
732 2953 799 2983 quo
827 2943 908 2982 AB,
934 2945 1016 2984 quot
1041 2945 1068 2975 T
1086 2969 1094 2982 ‚
1122 2954 1198 2976 cum
1219 2945 1255 2976 R.
1277 2962 1318 2967 —
1345 2945 1378 2976 8.
1407 2949 1467 2976 aut
1490 2952 1557 2982 pro
1585 2944 1624 2975 Β,
1642 2962 1681 2967 —-
1711 2949 1742 2976 et
1765 2949 1858 2977 tecta
1876 2944 1915 2975 B.
1938 2961 1975 2967 —

220 2994 376 3024 dicamus
403 2994 441 3026 R.
474 3011 512 3016 -
542 2993 596 3024 11.
625 2989 682 3032 At]
713 2991 752 3022 Ut
781 2992 818 3027 Β,
841 2991 878 3022 R.
911 3007 947 3013 -
978 2992 1115 3023 tametsi
1142 2992 1181 3028 Β,
1202 2992 1242 3023 R.
1274 3007 1312 3014 -
1343 2991 1397 3024 14.
1427 2992 1578 3030 favimus
1606 2991 1813 3023 Lambinus:
1847 2992 1978 3033 suimus

220 3040 292 3075 ΑΒ,
312 3041 380 3072 ΒΕ.
411 3056 449 3063 -
480 3040 585 3071 Rutili
609 3039 660 3077 B,
689 3038 835 3070 Rutilius
864 3037 907 3068 R.
939 3053 976 3060 —-
1006 3038 1060 3070 16.
1090 3039 1196 3070 etiam
1221 3047 1321 3078 saepe
1348 3039 1388 3069 A.
1420 3056 1456 3061 —
1485 3039 1541 3069 17.
1569 3038 1632 3070 etsi
1657 3038 1696 3069 Β.
1714 3054 1753 3060 -·
1779 3046 1850 3069 non
1875 3039 1978 3069 inter·

220 3087 302 3117 dum
325 3096 394 3117 non
416 3087 585 3127 pudenter
606 3086 645 3124 B,
662 3086 702 3117 R.
725 3101 762 3106 —
793 3085 847 3117 18.
878 3085 982 3125 lonqa
1008 3086 1036 3116 A
1064 3085 1215 3124 aliique:
1243 3094 1372 3126 ηιαρηα
1399 3085 1455 3123 (Β)
1483 3085 1556 3116 RE.
1586 3102 1623 3108 —
1651 3085 1707 3117 21.
1734 3085 1835 3116 aliter
1860 3093 1901 3115 ea
1926 3084 1978 3114 in·

221 3133 408 3172 teltiqenda
433 3135 473 3165 A.
504 3150 541 3156 -
570 3133 626 3164 22.
655 3132 876 3172 sinyutorum
902 3140 970 3163 om.
998 3132 1038 3163 Β.
1066 3148 1109 3153 —-
1135 3131 1192 3163 24.
1221 3136 1281 3162 aut
1307 3132 1346 3162 de
1369 3140 1459 3163 novo
1487 3131 1618 3171 factum
1637 3131 1680 3163 R.
1704 3149 1742 3156 -
1770 3132 1827 3163 25.
1852 3139 1978 3171 paren-

222 3179 303 3209 dum
328 3179 396 3219 Lag
437 3184 625 3220 quattuor,
654 3181 679 3212 R
708 3185 742 3212 ct
768 3179 970 3211 Lambinus.
1002 3195 1039 3200 —
1066 3179 1122 3210 27.
1148 3179 1304 3210 illustrat
1321 3178 1362 3210 A.
1394 3196 1432 3200 —
1459 3179 1516 3210 28.
1544 3179 1806 3210 collocationem
1827 3178 1978 3207 maxime

219 3227 374 3266 primum
399 3225 440 3256 A.
471 3242 508 3248 —
539 3228 594 3259 30.
623 3235 724 3267 asper
749 3223 880 3266 eorum]
906 3227 1123 3265 asperiorum
1148 3226 1175 3256 A
1194 3248 1202 3262 ,
1231 3226 1389 3265 asperior
1408 3226 1447 3258 Β.
1478 3242 1517 3248 -
1544 3225 1600 3256 31.
1629 3225 1712 3256 levis
1738 3224 1795 3256 AB
1822 3224 1973 3263 alitque:

221 3272 304 3304 lenis
330 3272 358 3303 R
376 3294 384 3307 .
411 3271 515 3304 laevis
534 3274 571 3305 E.
594 3290 629 3296 —
659 3274 716 3305 32.
745 3273 865 3313 Lepidi
893 3273 931 3311 Β,
956 3273 996 3304 R.
1017 3289 1060 3294 —
1085 3273 1196 3304 soceri
1220 3273 1248 3302 A
1274 3272 1428 3312 aliique,
1456 3273 1508 3305 R:
1537 3273 1574 3303 in
1599 3273 1709 3303 soceri
1726 3271 1766 3309 Β,
1791 3270 1826 3301 Ε.
1850 3286 1885 3293 -
1915 3270 1974 3302 33.

220 3319 351 3351 Lucius
378 3317 416 3348 Β.
450 3334 481 3339 -
513 3318 567 3352 34.
596 3321 711 3361 lepida
735 3320 777 3352 R.
809 3337 844 3343 —
874 3317 991 3360 lexeis]
1018 3328 1060 3352 ex
1083 3321 1112 3351 is
1138 3319 1187 3356 A,
1215 3328 1257 3350 ea:
1281 3319 1343 3359 hys
1370 3320 1417 3359 Β,
1445 3319 1615 3361 synthesis
1641 3320 1682 3350 R.
1711 3333 1749 3341 —
1782 3315 1838 3350 35.
1866 3326 1906 3349 ae
1931 3317 1972 3350 R.
1997 3343 2003 3350 .

220 3381 262 3389 -
289 3365 346 3398 37.
373 3364 634 3399 rhetoricoteros
660 3367 701 3406 B,
721 3367 764 3399 R.
792 3364 1003 3408 (rhaetorico
1029 3371 1061 3399 te
1085 3366 1196 3408 rufius
1221 3366 1267 3398 eis
1291 3364 1350 3405 A.)
