2117 3762
249 234 330 276 260
942 235 1012 275 DE
1044 236 1290 279 ORATORE

248 353 390 382 omnes
421 340 623 381 molestae
654 350 816 393 semper
845 337 1069 381 seditiones
1098 340 1293 392 fuissent,
1325 344 1450 383 iustas
1478 347 1616 384 tamen
1635 341 1762 383 fuisse
1783 343 2000 386 nonnullas

248 408 289 445 et
316 416 447 459 prope
477 401 744 443 necessarias.
806 402 910 441 Tum
950 400 1044 450 illa,
1096 417 1200 457 quae
1239 407 1363 447 modo
1407 406 1577 446 Crassus
1619 409 1997 455 commemorabat,

247 467 337 521 egi;
374 478 509 520 neque
539 477 656 517 reges
687 476 739 504 ex
766 463 844 504 hac
877 462 1041 505 civitate
1072 466 1182 519 exigi
1211 481 1344 523 neque
1376 466 1562 508 tribunos
1593 465 1726 520 plebis
1758 469 1891 510 creari
1921 483 1995 509 ne-

247 544 328 586 que
358 527 584 583 plebiscitis
613 526 736 566 toties
767 525 1027 567 consularem
1055 532 1302 581 potestatem
1332 529 1460 571 minui
1482 543 1617 584 neque
1638 531 1994 585 provocationem,

218 598 464 648 spatronam
492 589 603 630 illam
634 588 807 629 civitatis
836 601 883 629 ac
912 587 1120 630 vindicem
1150 588 1377 641 libertatis,
1409 594 1563 648 populo
1586 595 1773 634 Romano
1798 595 1886 635 dari
1907 595 1996 635 sine

247 654 451 695 nobilium
482 651 738 692 dissensione
768 649 975 706 potuisse;
1025 665 1094 700 ac,
1127 652 1161 692 si
1191 651 1285 693 illae
1316 655 1540 697 seditiones
1571 655 1691 697 saluti
1720 657 1816 697 huic
1845 656 1998 698 civitati

245 717 441 764 fuissent,
474 727 558 755 non
590 713 807 762 continuo,
839 712 872 754 si
903 715 974 769 qui
1004 720 1141 755 motus
1169 714 1313 770 populi
1343 715 1474 759 factus
1496 724 1626 767 esset,
1660 718 1702 759 id
1735 719 1779 760 C.
1802 721 1998 760 Norbano

246 779 290 820 in
331 776 490 819 nefario
533 774 706 817 crimine
746 781 868 831 atque
908 778 952 817 in
991 775 1137 818 fraude
1175 776 1337 832 capitali
1375 792 1464 821 esse
1510 783 1764 836 ponendum.
1840 780 2000 831 Quodsi

244 854 425 896 unquam
466 837 624 894 populo
663 840 851 880 Romano
893 852 1138 880 concessum
1170 845 1295 889 esset,
1343 846 1390 882 ut
1417 843 1507 884 iure
1537 843 1727 885 incitatus
1756 845 1996 892 videretur,

195 903 285 944 1oid
315 903 427 958 quod
457 902 659 943 docebam
689 915 811 956 saepe
843 915 934 943 esse
965 916 1234 952 concessum,
1285 905 1440 945 nullam
1480 905 1552 947 illa
1589 921 1752 948 causam
1783 906 1999 947 iustiorem

241 964 382 1006 fuisse.
442 966 546 1005 Tum
576 977 742 1006 omnem
774 966 1005 1007 orationem
1036 967 1200 1007 traduxi
1231 971 1272 1007 et
1301 969 1489 1008 converti
1518 969 1560 1009 in
1584 969 1879 1025 increpandam
1901 969 2000 1009 Cae-

242 1027 377 1080 pionis
407 1025 572 1080 fugam,
604 1025 646 1068 in
677 1026 979 1082 deplorandum
1010 1028 1222 1070 interitum
1255 1032 1477 1071 exereitus.
1540 1032 1606 1072 Sic
1636 1038 1676 1073 et
1707 1046 1851 1073 eorum
1883 1029 2000 1071 dolo-

241 1103 355 1138 rem,
389 1090 460 1144 qui
490 1088 688 1144 lugebant
716 1104 839 1140 suos,
882 1090 1069 1132 oratione
1100 1090 1345 1132 refricabam
1376 1097 1418 1133 et
1448 1093 1606 1134 animos
1637 1093 1821 1148 equitum
1851 1095 2000 1133 Roma-

239 1166 412 1199 norum,
444 1154 552 1206 apud
583 1166 687 1207 quos
717 1157 804 1193 tum
834 1153 991 1195 iudices
1022 1167 1145 1196 causa
1175 1153 1398 1208 agebatur,
1429 1154 1480 1196 ad
1511 1156 1561 1204 Q.
1588 1155 1807 1211 Caepionis
1838 1155 1996 1203 odium,

191 1228 261 1255 153
284 1228 367 1269 quo
389 1219 507 1255 erant
534 1214 612 1270 ipsi
642 1221 817 1271 propter
836 1215 988 1258 iudicia
1008 1218 1250 1266 abalienati,
1281 1220 1537 1259 renovabam
1579 1224 1700 1274 atque
1734 1220 1998 1260 revocabam.

240 1278 389 1319 XLIX.
435 1278 532 1317 200.
580 1278 779 1327 Quodubi
818 1280 929 1320 sensi
966 1294 1032 1321 me
1074 1280 1117 1322 in
1158 1281 1467 1334 possessionem
1498 1280 1641 1322 iudicii
1671 1294 1718 1322 ac
1747 1280 1998 1322 defensionis

240 1355 358 1381 meae
391 1339 645 1389 constitisse,
679 1343 791 1396 quod
823 1347 865 1383 et
894 1343 1037 1398 populi
1067 1342 1401 1385 benevolentiam
1433 1344 1533 1385 mihi
1565 1345 1851 1392 conciliaram,
1883 1342 1998 1385 cuius

238 1405 303 1445 ius
334 1404 460 1445 etiam
492 1417 586 1444 cum
617 1405 834 1446 seditionis
865 1406 1159 1447 coniunctione
1200 1405 1488 1455 defenderam,
1539 1412 1578 1448 et
1617 1405 1798 1448 iudicum
1838 1405 1998 1447 animos

237 1472 350 1509 totos
390 1467 458 1508 vel
499 1467 730 1508 calamitate
772 1469 946 1509 civitatis
987 1468 1054 1511 vel
1090 1470 1203 1511 luctu
1242 1484 1289 1511 ac
1330 1469 1539 1511 desiderio
1568 1470 1902 1525 propinquorum
1932 1467 1999 1509 vel

187 1544 225 1571 20
240 1531 337 1572 odio
367 1530 538 1586 proprio
568 1528 612 1570 in
644 1529 894 1585 Caepionem
926 1532 978 1572 ad
1009 1546 1174 1573 causam
1209 1537 1395 1573 nostram
1436 1538 1743 1580 converteram,
1791 1536 1888 1572 tunc
1927 1532 1999 1572 ad·-

238 1594 414 1634 miscere
443 1593 539 1634 huic
571 1594 713 1647 generi
744 1595 943 1635 orationis
972 1596 1211 1636 vehementi
1242 1601 1364 1650 atque
1387 1596 1514 1636 atroci
1537 1608 1664 1649 genus
1685 1594 1787 1636 illud
1809 1594 1997 1642 alterum,

237 1658 288 1698 de
329 1668 412 1711 quo
454 1660 548 1697 ante
587 1656 816 1711 disputavi,
864 1657 1042 1698 lenitatis
1074 1663 1114 1699 et
1144 1659 1468 1700 mansuetudinis
1507 1660 1646 1713 coepi:
1699 1671 1765 1699 me
1795 1671 1870 1713 pro
1903 1669 1998 1698 meo

236 1719 393 1767 sodali,
441 1717 512 1773 qui
552 1717 656 1759 mihi
691 1717 733 1760 in
763 1718 939 1761 liberum
970 1721 1065 1762 loco
1098 1734 1214 1762 more
1246 1723 1454 1763 maiorum
1486 1736 1576 1762 esse
1608 1720 1803 1768 deberet,
1852 1725 1893 1762 et
1920 1732 1998 1775 pro

233 1794 327 1822 mea
356 1781 470 1822 omni
500 1778 608 1822 fama
637 1794 767 1836 prope
797 1781 1064 1839 fortunisque
1096 1786 1346 1833 decernere,
1385 1783 1488 1826 nihil
1517 1782 1618 1825 mihi
1647 1786 1699 1824 ad
1730 1783 2000 1825 existimatio-

184 1857 330 1886 25nem
359 1844 544 1898 turpius,
578 1844 681 1886 nihil
710 1843 759 1886 ad
792 1845 980 1888 dolorem
1013 1847 1201 1889 acerbius
1232 1849 1423 1889 accidere
1454 1860 1599 1902 posse,
1632 1861 1756 1902 quam
1779 1846 1814 1888 si
1834 1846 1893 1895 is,
1927 1846 1998 1900 qui

233 1920 357 1962 saepe
388 1906 648 1948 alienissimis
669 1922 692 1948 a
713 1922 779 1949 me
811 1911 884 1950 sed
915 1911 1016 1951 meis
1048 1916 1186 1952 tamen
1218 1910 1377 1952 civibus
1409 1910 1531 1951 saluti
1562 1910 1824 1950 existimarer
1854 1908 1994 1956 fuisse,

234 1970 367 2012 sodali
398 1982 491 2010 meo
525 1968 724 2011 auxilium
754 1970 864 2012 ferre
890 1985 973 2013 non
993 1974 1238 2027 potuissem.
1300 1975 1396 2014 201.
1430 1970 1627 2013 Petebam
1648 1986 1671 2013 a
1690 1971 1919 2021 iudicibus,
1952 1976 1998 2013 ut

232 2032 336 2074 illud
367 2033 488 2073 aetati
518 2045 656 2081 meae,
686 2038 732 2073 ut
760 2031 1013 2083 honoribus,
1044 2042 1091 2076 ut
1119 2035 1246 2078 rebus
1278 2037 1428 2089 gestis,
1461 2036 1494 2075 si
1518 2034 1649 2083 iusto,
1684 2034 1719 2076 si
1748 2035 1819 2088 pio
1851 2035 1996 2076 dolore

232 2108 300 2136 me
341 2108 432 2136 esse
474 2093 668 2136 affectum
706 2094 919 2146 viderent,
969 2098 1268 2148 concederent3
1320 2099 1563 2151 praesertim
1605 2098 1638 2138 si
1668 2098 1711 2137 in
1742 2097 1832 2138 aliis
1864 2098 1997 2139 causis

183 2175 219 2201 ³0
232 2156 533 2199 intellexissent
562 2158 699 2199 omnia
729 2172 796 2199 me
827 2172 993 2213 semper
1022 2174 1098 2216 pro
1141 2163 1371 2203 amicorum
1407 2160 1621 2214 periculis,
1673 2159 1775 2200 nihil
1815 2173 1998 2216 unquam

231 2233 310 2275 pro
341 2233 406 2261 me
435 2221 525 2275 ipso
559 2219 841 2275 deprecatum.
904 2221 970 2263 Sic
1000 2223 1042 2263 in
1072 2223 1141 2265 illa
1166 2226 1277 2266 omni
1300 2222 1541 2265 defensione
1563 2228 1685 2278 atque
1706 2236 1852 2271 causa,
1884 2224 1997 2278 quod

233 2296 323 2325 esse
364 2284 408 2324 in
448 2288 535 2324 arte
576 2284 758 2337 positum
795 2282 1036 2334 videbatur,
1097 2292 1142 2328 ut
1192 2290 1243 2328 de
1286 2287 1379 2341 lege
1424 2285 1628 2342 Appuleia
1673 2284 1878 2335 dicerem,
1924 2290 1994 2334 ut,

233 2347 334 2401 quid
363 2351 472 2388 esset
502 2347 689 2388 minuere
719 2348 998 2397 maiestatem,
1035 2351 1315 2405 explicarem,
1349 2363 1550 2406 perquam
1571 2350 1755 2391 breviter
1773 2346 1996 2404 perstrinxi

232 2414 358 2465 atque
389 2409 518 2463 attigi.
576 2410 651 2450 His
683 2411 841 2451 duabus
872 2410 1059 2465 partibus
1090 2413 1309 2463 orationis,
1363 2426 1541 2468 quarum
1572 2411 1700 2453 altera
1731 2409 1996 2454 commenda-

182 2471 390 2515 astionem
418 2473 572 2521 habet,
605 2472 732 2514 altera
754 2475 1092 2525 concitationem,
1125 2490 1229 2531 quae
1260 2477 1432 2518 minime
1462 2475 1694 2532 praeceptis
1723 2474 1870 2517 artium
1902 2478 1995 2515 sunt

231 2534 483 2590 perpolitae,
528 2536 663 2576 omnis
694 2540 756 2576 est
784 2549 807 2576 a
837 2550 904 2577 me
933 2536 1001 2578 illa
1031 2552 1153 2580 causa
1182 2545 1375 2588 tractata,
1419 2544 1466 2581 ut
1496 2544 1537 2580 et
1565 2538 1789 2579 acerrimus
1818 2537 1862 2577 in
1894 2536 1994 2578 Cae-

231 2597 369 2651 pionis
398 2598 554 2641 invidia
584 2602 821 2641 renovanda
852 2604 892 2641 et
921 2601 964 2641 in
993 2602 1096 2642 meis
1126 2601 1313 2644 moribus
1353 2617 1451 2657 erga
1486 2615 1603 2643 meos
1632 2601 1891 2643 necessarios
1923 2601 1996 2641 de-

232 2658 437 2702 clarandis
467 2661 821 2704 mansuetissimus
847 2662 1026 2705 viderer.
1087 2666 1151 2706 Ita
1170 2667 1299 2720 magis
1321 2665 1479 2707 affectis
1500 2664 1646 2706 animis
1666 2662 1849 2705 iudicum
1870 2676 1994 2719 quam

234 2722 387 2772 doctis,
418 2728 512 2773 tua,
547 2724 722 2780 Sulpici,
756 2731 819 2766 est
848 2740 873 2767 a
901 2727 1023 2768 nobis
1053 2731 1140 2769 tum
1171 2730 1379 2770 accusatio
1410 2729 1529 2770 victa.
1587 2729 1634 2768 L.
1667 2728 1763 2769 202.
1797 2727 1875 2767 Hic
1902 2727 1995 2767 Sul-

184 2786 386 2839 topicius,
419 2789 528 2830 Vere
558 2787 751 2836 hercule,
782 2789 938 2844 inquit,
968 2791 1143 2840 Antoni,
1173 2792 1252 2832 ista
1282 2803 1596 2834 commemoras.
1654 2791 1758 2831 Nam
1789 2802 1867 2844 ego
1890 2786 1992 2829 nihil

326 2887 360 2918 1.
387 2895 518 2928 semper
542 2888 706 2920 molestae
723 2888 766 2920 R.
789 2904 828 2911 -
854 2889 888 2921 5.
909 2889 1080 2922 libertatis
1101 2892 1228 2932 populi
1245 2893 1394 2924 Romani
1410 2891 1453 2924 A.
1475 2907 1512 2913 —-
1538 2891 1572 2924 7.
1601 2893 1659 2933 qui
1685 2891 1794 2924 Codd.
1815 2890 1886 2923 aL:
1914 2890 1992 2932 quis

237 2929 345 2972 (AB‘z)
371 2934 445 2966 RE.
475 2951 515 2957 —-
542 2934 577 2967 8.
604 2937 642 2966 in
666 2936 804 2978 nefario
830 2937 972 2968 crimine
999 2947 1066 2970 om.
1094 2940 1143 2978 A,
1171 2948 1310 2972 servans
1328 2963 1336 2978 ,
1365 2942 1405 2970 ut
1429 2939 1590 2979 videtur,
1618 2944 1732 2980 atque.
1782 2937 1846 2970 Vv.
1873 2939 1912 2968 in
1935 2944 1992 2968 ne—

235 2980 329 3019 fario
365 2982 506 3014 crimine
542 2985 644 3021 atque
680 2985 804 3014 omissa
838 2991 856 3014 a
891 2983 1000 3015 Codd.
1030 2985 1111 3025 aliq.
1139 2985 1220 3026 Lag.
1256 2987 1399 3018 seclusit
1424 2985 1574 3019 Ellendt.
1615 3002 1652 3008 -
1699 2984 1844 3026 Quodsi]
1870 2993 1938 3024 qao
1961 2983 1992 3014 si

236 3025 309 3056 AB.
338 3043 377 3049 —
420 3028 454 3060 9.
484 3029 654 3060 incitatus
678 3029 737 3060 AB
763 3029 916 3070 aliique:
959 3034 1153 3064 concitatus
1179 3032 1254 3064 RE.
1294 3048 1329 3054 —
1376 3033 1431 3063 10.
1460 3042 1570 3065 causa
1593 3032 1669 3064 AR.
1695 3049 1738 3055 —
1779 3032 1835 3064 15.
1863 3040 1885 3061 a
1910 3029 1989 3072 quo]

237 3079 305 3111 quo
330 3072 432 3105 ABT.
460 3091 502 3097 —
531 3075 677 3107 alienati
701 3076 859 3108 Leclerc.
888 3077 955 3110 Sed
982 3088 1020 3111 ex
1046 3080 1075 3110 A
1102 3084 1241 3111 notatur
1264 3079 1467 3111 abalienati.
1491 3097 1528 3104 -
1557 3083 1661 3120 atque
1685 3078 1890 3111 revocabam
1916 3085 1985 3108 om.

236 3117 310 3149 AB.
331 3119 509 3153 Seclusere
527 3121 609 3160 ET;
631 3131 693 3154 nos
711 3132 794 3155 non.
817 3138 856 3145 —
876 3124 932 3155 16.
949 3126 1201 3163 possessionem
1217 3126 1276 3156 AB
1294 3126 1445 3167 aliique:
1476 3128 1691 3166 possessione
1709 3126 1784 3157 RE.
1805 3139 1844 3149 —-
1862 3122 1916 3155 18.
1935 3125 1990 3155 ius

238 3172 307 3195 om.
327 3165 397 3197 AB.
420 3183 460 3189 -
485 3168 542 3199 20.
570 3174 642 3201 tum
666 3178 684 3201 e
712 3169 823 3202 Codd.
851 3170 893 3202 Τ.
921 3171 969 3203 Ex
994 3172 1053 3203 ΑΒ
1079 3173 1165 3204 nihil
1188 3176 1341 3205 notatur.
1359 3190 1401 3194 —-
1429 3173 1485 3205 23.
1514 3174 1625 3206 locum
1641 3173 1713 3205 ΑΒ.
1735 3187 1775 3196 -
1801 3171 1857 3203 28.
1884 3171 1915 3201 si
1927 3171 1989 3211 pio

239 3219 309 3242 om.
335 3211 407 3242 AB.
438 3229 474 3235 —
512 3214 569 3246 29.
596 3217 818 3249 concederent
844 3226 913 3249 om.
940 3218 1012 3248 AB.
1042 3235 1082 3241 —
1121 3219 1178 3251 34.
1207 3221 1539 3252 commendationem
1562 3237 1577 3244 ·
1600 3237 1614 3243 -
1639 3219 1906 3252 concitationem
1928 3216 1988 3249 AB

239 3257 392 3297 aliique:
420 3260 683 3294 concitationem
707 3280 720 3286 -
744 3280 758 3286 -
784 3264 1115 3298 commendationem
1139 3265 1211 3298 RE.
1243 3282 1277 3289 -
1307 3265 1354 3306 (et
1380 3267 1493 3299 altera
1517 3267 1578 3306 A.)
1606 3282 1645 3290 —
1672 3267 1728 3298 35.
1759 3265 1849 3297 artis
1873 3264 1915 3295 R.
1945 3280 1984 3287 -

238 3304 296 3335 36.
324 3308 372 3335 est
395 3314 417 3335 a
440 3313 494 3335 me
519 3305 595 3347 illa]
637 3313 684 3340 est
709 3315 827 3342 tamen
850 3310 914 3344 illa
945 3312 1004 3345 AB
1021 3337 1030 3354 ,
1067 3316 1116 3347 est
1141 3322 1164 3346 α
1187 3320 1241 3345 me
1265 3317 1339 3347 tum
1363 3314 1427 3346 illa
1450 3314 1494 3348 R.
1530 3331 1576 3338 -
1613 3311 1736 3356 causa]
1773 3312 1850 3352 *Ῥδα
1874 3310 1917 3344 Α·
1947 3327 1985 3336 “·“

237 3351 297 3384 140.
323 3351 432 3386 hercle
455 3351 498 3385 Τ.
524 3369 569 3376 —-
593 3353 724 3390 Antoni
748 3366 816 3391 om.
843 3358 888 3391 R.
