2117 3762
282 275 360 316 126
945 275 1014 314 DE
1053 272 1380 315 INVENTIONE

276 393 368 422 mus
399 385 440 421 et
469 393 556 421 rem
586 377 722 421 verbis
753 390 874 432 quam
907 378 1084 417 maxime
1115 383 1210 418 ante
1242 377 1382 419 oculos
1414 378 1526 423 eius,
1573 377 1682 430 apud
1714 390 1838 429 quem
1870 375 2035 425 dicitur,

275 443 493 497 ponimuS,
525 448 571 483 ut
600 443 664 489 id,
698 439 809 496 quod
840 438 1055 492 indignum
1088 444 1173 486 est,
1209 440 1379 494 perinde
1410 439 1467 480 illi
1501 439 1691 480 videatur
1720 437 1956 492 indignum,
1991 452 2037 480 ac

277 505 310 544 si
340 505 426 559 ipse
456 503 689 544 interfuerit
718 516 763 542 ac
795 514 992 555 praesens
1023 502 1186 542 viderit.
1262 501 1509 542 Undecimus
1539 500 1654 542 locus
1686 504 1774 547 est,
1806 513 1881 554 per
1912 514 2037 554 quem

276 567 533 607 ostendimus
565 568 615 605 ab
648 578 697 604 eo
729 563 881 604 sactum
901 594 911 611 ,
961 576 984 603 a
1015 577 1096 617 quo
1128 564 1298 604 minime
1330 564 1563 619 oportuerit
1596 568 1637 603 et
1668 577 1691 603 a
1721 576 1825 617 quo,
1870 561 1904 602 si
1934 564 2039 604 alius

247 628 454 676 §facerem
486 626 695 682 prohiberi
718 626 972 669 conveniret.
1032 624 1309 666 Duodecimus
1339 625 1455 666 locus
1486 630 1575 673 est,
1608 638 1684 679 per
1707 638 1831 679 quem
1852 623 2040 678 indigna—

275 704 391 739 mur,
424 692 534 745 quod
566 687 685 729 nobis
715 690 794 728 hoc
823 688 967 742 primis
998 687 1194 727 acciderit
1223 701 1358 741 neque
1389 687 1510 728 alicui
1542 700 1723 742 unquam
1756 700 1834 728 usu
1855 686 2032 727 venerit.

277 755 368 794 105.
400 752 559 792 Tertius
599 749 785 791 decimus
825 751 942 791 locus
980 756 1063 797 cst,
1111 748 1146 790 si
1184 763 1277 789 cum
1318 748 1468 790 iniuria
1501 749 1751 790 contumelia
1796 748 1936 788 iuncta
1967 751 2040 789 de-

273 819 543 859 monstratur,
588 826 665 867 per
705 825 828 867 quem
865 813 1004 852 locum
1046 811 1088 852 in
1119 808 1356 864 superbiam
1387 817 1427 852 et
1456 813 1735 865 arrogantiam
1767 810 1909 851 odium
1941 823 2041 851 con-

274 876 435 916 citatur.
513 875 694 923 Quartus
740 874 925 915 decimus
972 873 1086 915 locus
1128 879 1210 920 est,
1259 885 1336 926 per
1376 885 1498 926 quem
1534 872 1714 925 petimus
1753 871 1803 913 ab
1849 871 1922 919 iis,
1968 872 2039 927 qui

222 953 258 977 10
273 937 462 983 audiunt,
493 943 538 977 ut
567 939 617 978 ad
648 950 741 978 suas
773 950 838 978 res
869 942 1030 977 nostras
1060 934 1232 976 iniurias
1254 933 1463 983 reserant3
1498 935 1531 975 si
1553 937 1603 975 ad
1624 949 1779 990 pueros
1802 933 2038 990 pertinebit,

272 999 323 1041 de
355 1000 499 1040 liberis
530 1000 613 1040 suis
645 998 857 1052 cogitent3
900 997 932 1039 si
964 997 1013 1039 ad
1045 997 1269 1045 mulieres,
1303 996 1354 1037 de
1384 996 1613 1047 uxoribus3
1662 1000 1696 1039 si
1727 998 1778 1040 ad
1809 1012 1953 1046 seneS,
1988 999 2040 1038 de

270 1062 457 1115 patribus
487 1067 557 1102 aut
586 1062 843 1116 parentibus.
905 1059 1082 1109 Quintus
1113 1058 1298 1100 decimus
1328 1058 1444 1100 locus
1476 1065 1558 1106 est,
1591 1073 1666 1114 per
1696 1074 1820 1114 quem
1842 1061 2035 1108 dicimus,

270 1123 447 1164 inimicis
478 1137 644 1179 quoque
676 1128 717 1164 et
746 1124 936 1163 hostibus
974 1136 1043 1170 ea,
1092 1135 1198 1173 quae
1235 1120 1355 1162 nobis
1397 1120 1651 1170 acciderint,
1700 1122 1870 1176 indigna
1902 1120 2037 1164 videri

272 1187 423 1227 solere.
481 1189 531 1227 Et
561 1185 787 1240 indignatio
818 1186 987 1240 quidem
1017 1186 1081 1225 his
1112 1183 1200 1224 fere
1233 1183 1282 1224 de
1314 1183 1415 1224 locis
1447 1184 1689 1237 gravissime
1719 1190 1918 1226 sumetur.

220 1262 255 1287 15
383 1251 466 1291 LV.
514 1250 606 1290 106.
658 1248 978 1303 Conquestionis
1018 1252 1154 1288 autem
1195 1245 1434 1287 huiusmodi
1474 1244 1524 1286 de
1563 1247 1688 1286 rebus
1724 1252 1864 1301 partes
1893 1251 2035 1302 petere

270 1310 495 1364 oportebit.
559 1311 811 1366 Conquestio
843 1315 904 1350 est
934 1308 1065 1349 oratio
1097 1307 1332 1349 auditorum
1363 1308 1692 1348 misericordiam
1733 1313 1914 1363 captans.
1990 1310 2038 1350 In

269 1373 346 1415 hac
376 1372 556 1429 primum
588 1374 768 1414 animum
801 1371 1002 1413 auditoris
1034 1372 1176 1411 mitem
1209 1377 1248 1412 et
1279 1370 1594 1411 misericordem
1626 1369 1830 1412 conficere
1853 1376 2035 1426 oportet,

270 1449 353 1491 quo
393 1435 553 1477 facilius
593 1436 893 1490 conquestione
935 1432 1190 1475 commoveri
1223 1435 1365 1487 possit.
1424 1435 1469 1475 Id
1499 1433 1602 1474 locis
1634 1432 1922 1475 communibus
1952 1432 2040 1474 effi-

270 1513 367 1541 cere
398 1500 631 1554 oportebit,
679 1511 755 1552 per
794 1511 898 1552 quos
935 1496 1125 1537 fortunae
1162 1496 1224 1536 vis
1254 1494 1296 1535 in
1329 1509 1472 1536 omnes
1504 1501 1544 1537 et
1573 1497 1790 1537 hominum
1821 1495 2038 1537 infirmitas

220 1574 256 1599 20
271 1562 537 1611 ostenditur-3
572 1573 654 1615 qua
683 1560 874 1600 oratione
905 1557 1045 1599 hahita
1075 1557 1256 1611 graviter
1287 1563 1328 1599 et
1357 1558 1639 1607 sententiose,
1680 1559 1862 1599 maxime
1894 1559 2040 1599 demit-

271 1623 370 1666 titur
401 1624 561 1664 animus
599 1622 818 1663 hominum
860 1625 901 1661 et
931 1619 982 1661 ad
1012 1619 1337 1661 misericordiam
1370 1627 1656 1675 comparatur,
1705 1635 1798 1662 cum
1829 1622 1871 1661 in
1900 1621 2037 1661 alieno

270 1687 379 1728 malo
425 1700 540 1727 suam
587 1682 868 1724 infirmitatem
916 1681 1210 1722 considerabit.
1272 1685 1366 1723 107.
1412 1683 1569 1724 Deinde
1614 1682 1771 1736 primus
1816 1682 1930 1724 locus
1976 1687 2039 1724 est

270 1747 604 1794 misericordiae,
647 1759 723 1800 per
763 1759 906 1799 quem,
952 1745 1102 1800 quibus
1140 1744 1183 1785 in
1220 1744 1342 1785 bonis
1377 1745 1533 1785 suerint
1571 1750 1611 1785 et
1649 1759 1757 1785 nunc
1797 1743 1948 1800 quibus
1994 1745 2037 1785 in

270 1814 389 1854 malis
420 1814 523 1859 sint,
556 1810 802 1851 ostenditur.
865 1810 1103 1854 Secundus,
1135 1808 1205 1862 qui
1235 1808 1275 1848 in
1306 1813 1494 1862 tempora
1526 1807 1744 1856 tribuitur,
1782 1821 1859 1862 per
1888 1821 2030 1862 quem,

220 1890 255 1917 25
271 1874 420 1931 quibus
462 1875 504 1914 in
536 1873 652 1914 malis
692 1870 847 1912 suerint
885 1876 926 1911 et
964 1870 1045 1911 sint
1087 1875 1127 1910 et
1162 1869 1288 1910 suturi
1320 1871 1425 1917 sint,
1474 1869 1792 1911 demonstratur.
1852 1868 2033 1917 Tertius,

268 1953 344 1996 per
388 1951 511 1993 quem
550 1950 679 1977 unum
720 1933 914 1990 quodque
955 1934 1196 1986 deploratur
1236 1934 1568 1981 incommodum,
1614 1938 1660 1973 ut
1698 1934 1739 1973 in
1779 1927 1913 1973 mo'rte
1942 1931 2033 1980 filii,

269 2000 472 2057 pueritiae
503 1997 739 2043 delectatio,
777 2009 918 2043 amor,
953 2009 1068 2049 speS‚
1100 1994 1316 2043 solatium,
1351 1995 1541 2035 educatio
1574 2000 1631 2042 et,
1664 1994 1698 2035 si
1728 2008 1806 2050 qua
1838 1993 1964 2035 simili
1993 1996 2036 2034 in

269 2077 424 2118 genere
456 2061 644 2117 quolibet
674 2061 724 2100 de
756 2058 1021 2099 incommodo
1053 2071 1127 2112 per
1156 2059 1497 2112 conquestionem
1530 2056 1609 2098 dici
1631 2062 1839 2112 poterunt.
1902 2058 2036 2106 Quar-

268 2132 359 2174 tus,
405 2138 482 2180 per
518 2137 643 2178 quein
683 2135 751 2163 res
789 2127 929 2176 turpes
970 2126 1010 2161 et
1049 2119 1227 2160 humiles
1271 2126 1311 2161 et
1348 2119 1577 2160 illiberales
1609 2120 1875 2174 proferentur
1906 2125 1946 2160 et
1975 2121 2037 2159 in-

220 2204 256 2230 ao
270 2188 419 2242 dignae
450 2192 606 2234 aetate,
649 2198 826 2239 genere,
866 2185 1055 2231 fortuna,
1089 2182 1263 2236 pristino
1294 2185 1475 2230 honore,
1508 2181 1749 2231 beneficiis;
1792 2197 1894 2238 quas
1925 2180 2037 2236 passi

268 2249 561 2306 perpessurive
600 2248 692 2289 sint.
771 2248 973 2297 Quintus,
1020 2260 1097 2301 per
1135 2259 1258 2301 quem
1297 2245 1437 2286 omnia
1473 2250 1566 2286 ante
1606 2246 1751 2286 oculos
1794 2244 2034 2298 singillatim

267 2313 533 2354 incommoda
553 2316 783 2365 ponentur,
817 2315 863 2353 ut
882 2311 1075 2352 videatur
1096 2308 1151 2357 is,
1184 2310 1254 2364 qui
1275 2307 1409 2355 audit,
1442 2307 1585 2349 videre
1610 2313 1650 2348 et
1670 2323 1714 2349 re
1738 2321 1906 2362 quoque
1926 2308 2032 2361 ipsa,

269 2376 388 2432 quasi
417 2374 546 2423 adsit,
579 2387 663 2415 non
692 2374 833 2415 verbis
864 2374 999 2414 solum
1028 2373 1079 2412 ad
1109 2369 1442 2411 misericordiam
1472 2370 1658 2414 ducatur.
1720 2373 1814 2411 108.
1864 2372 2031 2416 Sextus,

267 2451 344 2494 per
373 2451 498 2493 quem
526 2441 691 2492 praeter
720 2449 835 2491 spem
866 2436 907 2475 in
938 2433 1117 2475 miseriis
1147 2435 1453 2474 demonstratur
1483 2447 1602 2483 esse;
1648 2438 1709 2481 et,
1751 2446 1845 2473 cum
1876 2431 2032 2486 aliquid

220 2516 255 2543 ³5
270 2504 554 2555 exspectaret,
602 2512 686 2540 non
723 2500 848 2540 modo
888 2497 929 2539 id
969 2512 1053 2539 non
1090 2499 1263 2549 adeptus
1296 2509 1411 2544 esse,
1459 2494 1532 2536 sed
1562 2496 1605 2536 in
1634 2508 1815 2536 summas
1845 2494 2032 2534 miserias

268 2561 478 2604 incidisse.
538 2563 772 2615 Septimus,
821 2575 895 2616 per
925 2574 1047 2616 quein
1079 2559 1130 2601 ad
1160 2561 1294 2611 ipSOS,
1348 2558 1419 2614 qui
1449 2558 1643 2606 audiunt,
1687 2556 1862 2598 similem
1893 2569 2033 2596 casum

269 2627 548 2668 convertimus
586 2630 626 2666 et
660 2624 862 2680 petimus,
908 2630 953 2665 ut
991 2626 1043 2664 de
1081 2623 1165 2665 suis
1203 2621 1344 2663 liberis
1382 2626 1451 2662 aut
1485 2619 1724 2676 parentibus
1764 2624 1835 2660 aut
1872 2617 2029 2672 aliquo,

269 2692 340 2747 qui
379 2689 460 2731 illis
492 2702 612 2730 carus
643 2687 794 2729 debeat
833 2701 948 2735 esse,
996 2700 1072 2727 nos
1112 2698 1206 2726 cum
1244 2685 1434 2732 videant,
1486 2684 1769 2724 recordentur.
1832 2681 2028 2728 Octavus,

268 2766 346 2808 per
389 2766 514 2809 quem
554 2752 711 2806 aliquid
749 2751 898 2791 dicitur
937 2763 1026 2790 esse
1056 2747 1233 2794 factum,
1285 2748 1398 2800 quod
1428 2760 1513 2786 non
1544 2744 1798 2799 oportuerit,
1847 2748 2032 2785 autnon

221 2829 256 2855 tao
271 2817 445 2864 factum,
478 2816 591 2870 quod
621 2814 870 2869 oportuerit,
902 2811 980 2853 hoc
1010 2812 1162 2852 modo:
1210 2811 1303 2849 Non
1334 2807 1455 2856 affui,
1488 2820 1572 2848 non
1602 2805 1707 2854 vidi,
1754 2820 1839 2846 non
1868 2809 2031 2860 postre-

272 2893 380 2919 mam
422 2878 510 2919 eius
539 2890 685 2919 vocem
717 2874 875 2923 audivi,
924 2889 1008 2915 non
1048 2879 1281 2914 extremum
1318 2870 1508 2926 spiritum
1545 2870 1634 2909 eius
1672 2867 1835 2921 excepi.
1896 2869 2026 2908 Item:

272 2941 541 2981 Inimicorum
570 2939 613 2980 in
641 2938 831 2980 manibus
862 2942 1050 2978 mortuus
1081 2941 1166 2984 est,
1212 2933 1355 2974 hostili
1394 2932 1439 2973 in
1472 2937 1582 2972 terra
1612 2930 1788 2986 turpiter
1817 2929 1941 2971 iacuit
1969 2929 2031 2970 in-

273 3002 481 3056 sepultus,
515 3017 540 3043 a
568 3002 666 3043 feris
696 3000 766 3042 diu
795 3005 990 3047 vexatus,
1023 2996 1234 3039 communi
1265 3008 1431 3049 quoque
1461 2996 1621 3035 honore
1650 2993 1693 3035 in
1722 2998 1856 3035 morte
1886 2993 2029 3033 caruit.

274 3065 367 3105 109.
397 3066 559 3113 Nonus,
606 3077 684 3117 per
724 3077 848 3118 quem
887 3061 1020 3102 oratio
1054 3062 1106 3101 ad
1135 3064 1268 3100 mutas
1299 3063 1339 3098 et
1370 3063 1564 3110 expertes
1593 3055 1722 3098 animi
1750 3069 1818 3097 res
1847 3053 2030 3096 refertur

271 3128 2022 3147 ffl—*ffl———ffld-——ffl

365 3168 398 3200 3.
427 3167 482 3209 ac]
509 3173 540 3201 et
564 3169 670 3201 ART.
701 3185 740 3191 —
767 3168 801 3200 6.
827 3175 936 3207 neque
961 3165 1107 3197 PART:
1145 3174 1204 3196 nec
1242 3164 1281 3196 E.
1317 3180 1356 3186 —-
1395 3164 1525 3194 venerit
1549 3162 1697 3193 PART:
1736 3161 1883 3193 evenerit
1915 3160 1956 3191 E.
1986 3174 2027 3182 —

271 3215 330 3248 24.
357 3215 578 3247 distribuitur
602 3217 675 3247 AT.
705 3232 744 3238 —
772 3215 828 3247 29.
857 3214 1004 3255 indiqna
1028 3213 1102 3244 AT.
1133 3229 1171 3234 —
1200 3210 1256 3242 30.
1285 3219 1373 3250 quae
1397 3209 1530 3240 PART.
1559 3225 1598 3232 —
1625 3209 1682 3239 31.
1711 3208 1856 3248 Quintus
1881 3205 2024 3238 PART:

274 3263 423 3303 Quintus
451 3265 497 3292 est
516 3262 557 3294 E.
584 3279 625 3286 —
651 3262 853 3304 sinyulatim
879 3262 920 3292 T.
950 3276 990 3282 -
1017 3259 1073 3291 3-2.
1098 3261 1281 3299 ponuntur
1305 3256 1438 3288 PART.
1471 3273 1510 3279 —
1538 3255 1596 3288 35.
1623 3255 1787 3294 adeptum
1801 3253 1921 3284 PART
1948 3261 2028 3284 cum

275 3311 397 3342 ceteris
424 3310 527 3340 notis.
579 3309 733 3341 Correxit
756 3308 961 3341 Lambinus.
990 3323 1031 3330 --
1073 3306 1130 3338 41.
1157 3313 1271 3336 vocem
1297 3306 1368 3337 eius
1391 3303 1492 3337 PAT.
1521 3320 1563 3327 —
1596 3303 1761 3343 spiritum
1784 3303 1854 3333 eius
1878 3299 2025 3332 PART:

273 3357 345 3390 eius
368 3355 533 3397 spiritum
558 3355 584 3387 E
600 3379 610 3393 ‚
637 3357 707 3388 eius
732 3365 801 3388 om.
830 3355 942 3389 Oxou.
970 3362 1085 3393 unus,
1112 3351 1235 3384 Lamb.
