2117 3762
839 278 881 322 C.
914 279 953 319 7.
988 280 1027 319 8.
1060 281 1099 319 9.
1760 282 1838 322 3115

93 387 340 438 Protagoras
370 387 608 432 Abderites,
659 382 854 425 Prodicus
886 386 1013 432 Ceus,
1069 384 1236 439 llippias
1267 384 1390 426 Eleus
1421 385 1462 425 in
1493 385 1654 425 honore
1687 398 1836 437 magno

93 447 190 497 suit;
222 448 371 504 aliique
404 448 518 490 multi
550 446 806 501 temporibus
837 446 987 487 eisdem
1021 449 1171 488 docere
1203 461 1245 488 se
1277 446 1602 502 profitebantur,
1640 460 1839 500 arrogan-

92 510 201 551 tibus
231 524 328 551 sane
360 509 522 558 verbis,
570 508 915 565 quemadmodum
947 523 1066 550 rausa
1097 511 1268 550 inferior
1311 509 1377 561 (ita
1409 508 1515 550 enim
1547 507 1836 563 loquebantur)

92 571 268 614 dicendo
298 571 386 613 lieri
416 571 606 626 superior
636 578 788 624 posset.
850 574 917 612 31.
953 571 1025 612 llis
1055 574 1247 627 opposuit
1277 586 1365 613 sese
1398 574 1609 618 Socrates,
1642 570 1713 626 qui
1743 572 1840 611 sub-

91 634 235 676 tilitate
278 635 452 691 quadam
497 633 730 689 disputandi
772 633 960 675 refellere
1007 648 1151 675 eorum
1193 634 1374 676 instituta
1416 634 1573 675 solebat
1614 632 1642 684 †
1684 630 1872 674 verbis.s

92 698 224 740 lluius
256 712 308 740 ex
338 696 554 739 uberrimis
585 695 842 737 sermonibus
873 696 1117 738 exstiterunt
1156 696 1380 738 doctissimi
1428 697 1530 745 viri3
1580 694 1842 751 primumque

91 766 178 803 tum
209 761 491 815 philosophia,
538 772 622 800 non
653 759 721 799 illa
753 758 802 799 de
834 765 998 806 natura,
1045 772 1150 813 quae
1181 757 1314 799 fuerat
1343 759 1574 814 antiquior,
1616 758 1688 798 sed
1718 759 1840 804 haec,

90 824 133 864 in
164 836 243 877 qua
273 821 324 863 de
353 821 473 864 bonis
504 824 627 863 rebus
659 828 697 862 et
728 823 846 863 malis
877 821 1010 876 deque
1042 821 1254 862 hominum
1285 822 1368 861 vita
1398 826 1439 861 et
1477 819 1661 860 moribus
1702 818 1844 872 dispu-

90 890 219 932 tatur,
249 885 411 926 inventa
443 883 606 925 dicitur.
670 884 791 934 Quod
822 884 1016 939 quoniam
1038 897 1168 938 genus
1189 885 1240 924 ab
1261 885 1365 930 hoc,
1400 885 1511 937 quod
1538 881 1841 937 proposuimus,

90 945 303 997 abhorret,
333 945 603 1001 philosophos
633 947 742 988 aliud
774 949 814 988 in
847 953 1008 999 tempus
1038 945 1295 993 reiiciamus;
1327 943 1378 985 ad
1409 950 1617 991 oratores,
1650 959 1672 986 a
1694 946 1891 1000 quibusm

89 1008 263 1064 digressi
294 1022 458 1057 sumus,
492 1016 761 1050 revertamur.
822 1011 889 1050 32.
923 1008 1087 1049 Exstitit
1122 1007 1250 1061 igitur
1282 1006 1360 1047 iam
1391 1007 1557 1048 senibus
1588 1007 1693 1055 illis,
1736 1019 1839 1061 quos

87 1070 224 1127 paullo
255 1077 349 1112 ante
377 1071 577 1118 diximus,
609 1074 834 1119 Isocrates,
869 1072 985 1111 cuius
1008 1072 1154 1111 domus
1176 1075 1343 1110 cunctae
1367 1070 1562 1110 Graeciae
1583 1069 1698 1123 quasi
1719 1069 1841 1110 ludus

89 1131 257 1188 quidam
285 1136 416 1186 patuit
447 1140 568 1189 atque
601 1133 762 1175 officina
793 1133 979 1182 dicendi;
1030 1146 1203 1184 magnus
1235 1137 1376 1172 orator
1407 1137 1447 1171 et
1476 1130 1683 1185 perfectus
1714 1131 1842 1183 magi-

87 1202 194 1245 ster,
228 1209 474 1251 quamquam
506 1196 660 1237 forensi
691 1198 781 1237 luce
813 1195 943 1236 caruit
973 1196 1165 1248 intraque
1196 1195 1372 1248 parietes
1402 1193 1502 1234 aluit
1535 1207 1623 1234 eam
1655 1191 1841 1246 gloriam,

88 1271 210 1313 quam
240 1271 362 1299 nemo
395 1272 488 1300 meo
519 1258 684 1313 quidem
718 1258 870 1299 iudicio
901 1263 962 1298 est
992 1263 1134 1312 postea
1164 1260 1425 1297 consecutus.
1484 1257 1521 1296 Is
1551 1261 1591 1296 et
1620 1256 1706 1309 ipse
1743 1254 1890 1297 scri-1⁵

87 1320 168 1376 psit
197 1322 324 1361 multa
355 1323 566 1374 praeclare
597 1327 636 1362 et
667 1320 810 1362 docuit
839 1321 964 1370 alios;
1018 1325 1057 1360 et
1095 1332 1188 1360 cum
1226 1323 1361 1359 cetera
1392 1317 1538 1358 melius
1569 1331 1691 1372 quam
1724 1330 1843 1372 supe-

88 1384 242 1430 riores,
293 1389 377 1423 tum
423 1384 580 1436 primus
625 1382 827 1423 intellexit
871 1384 990 1423 etiam
1035 1383 1075 1422 in
1117 1381 1249 1422 soluta
1288 1380 1493 1427 oratione,
1542 1381 1638 1421 dum
1678 1392 1842 1420 versum

89 1445 316 1501 effugeres,
364 1447 531 1486 modum
571 1450 707 1485 tamen
749 1451 789 1485 et
821 1458 1038 1486 numerum
1069 1443 1271 1498 quendam
1302 1448 1499 1497 oportere
1531 1443 1705 1484 servari.
1769 1443 1839 1482 33.

88 1512 190 1550 Ante
219 1511 325 1549 hunc
357 1509 466 1548 enim
496 1509 722 1548 verborum
753 1508 868 1561 quasi
899 1513 1103 1548 structura
1133 1511 1171 1547 et
1202 1505 1404 1561 quaedam
1435 1505 1485 1546 ad
1508 1518 1724 1546 numerum
1748 1516 1845 1544 con-

89 1570 218 1612 clusio
253 1570 362 1611 nulla
393 1575 505 1618 erat;
539 1576 627 1617 aut,
661 1571 694 1610 si
725 1568 888 1623 quando
920 1575 1024 1616 erat,
1057 1582 1138 1609 non
1168 1567 1394 1621 apparebat
1425 1582 1515 1609 eam
1548 1566 1684 1608 dedita
1716 1579 1843 1621 opera
1858 1583 1893 1609 20

88 1646 178 1675 esse
207 1633 457 1686 quaesitam:
504 1646 608 1688 quac
643 1630 815 1673 forsitan
852 1631 940 1672 laus
980 1631 1052 1681 sit;
1098 1636 1380 1672 verumtamen
1415 1636 1560 1672 natura
1594 1630 1723 1684 magis
1757 1635 1843 1669 tum

88 1708 266 1749 casuque
308 1708 602 1749 nonnunquam
641 1708 761 1748 quam
803 1700 872 1735 aut
909 1693 1068 1734 ratione
1103 1693 1240 1747 aliqua
1275 1698 1345 1733 aut
1381 1691 1671 1733 observatione
1703 1690 1840 1731 fiebat.

88 1760 156 1799 34.
199 1760 289 1811 ipsa
327 1757 436 1798 enim
474 1763 620 1797 natura
651 1756 1029 1811 circumscriptione
1061 1754 1235 1810 quadam
1268 1757 1491 1796 verborum
1521 1754 1839 1808 comprehendit

88 1819 378 1874 concluditque
419 1820 687 1867 sententiam,
740 1833 844 1874 quae
886 1833 977 1859 cum
1015 1819 1118 1873 aptis
1160 1817 1380 1858 constricta
1425 1816 1562 1858 verbis
1609 1822 1689 1864 est,
1739 1813 1846 1856 cadit

89 1882 213 1923 etiam
247 1883 494 1937 plerumque
526 1895 759 1923 numerose.
819 1884 917 1922 Nam
959 1886 998 1921 et
1033 1893 1153 1920 aures
1190 1882 1326 1933 ipsae,
1375 1879 1473 1934 quid
1512 1879 1700 1933 plenum,
1747 1876 1893 1934 quid2s

87 1947 210 1986 inane
251 1944 322 1990 sit,
367 1943 572 1993 iudicant,
621 1950 662 1985 et
699 1945 847 1997 spiritu
886 1943 1002 1999 quasi
1032 1942 1275 1983 necessitate
1307 1941 1442 1996 aliqua
1474 1944 1697 1982 verborum
1730 1953 1844 1981 com-

85 2007 306 2064 prehensio
338 2007 604 2047 terminatur:
637 2008 677 2047 in
708 2019 791 2061 quo
823 2019 906 2047 non
937 2007 1062 2047 modo
1093 2003 1236 2053 defici,
1270 2004 1340 2045 sed
1363 2005 1485 2045 etiam
1507 2004 1695 2045 laborare
1726 2008 1845 2057 turpe

88 2075 163 2112 est.
224 2071 297 2110 IX.
331 2072 398 2113 35.
442 2072 547 2110 Tum
586 2068 661 2110 fuit
698 2071 862 2123 Lysias,
913 2070 1001 2124 ipse
1042 2067 1208 2123 quidem
1250 2068 1290 2108 in
1328 2068 1460 2108 causis
1500 2065 1734 2108 forensibus
1765 2078 1847 2105 non

85 2137 295 2179 versatus,
346 2130 417 2172 sed
449 2133 614 2187 egregie
646 2130 806 2172 subtilis
836 2133 1015 2185 scriptor
1044 2137 1166 2185 atque
1198 2130 1386 2183 elegans,
1439 2143 1560 2184 quem
1598 2127 1676 2168 iam
1716 2139 1847 2180 prope

88 2197 240 2237 audeas
266 2200 474 2235 oratorem
506 2193 734 2249 perfectum
765 2192 917 2234 dicere.
976 2195 1078 2234 Nam
1110 2192 1229 2247 plane
1260 2192 1425 2247 quidem
1456 2192 1681 2244 perfectum
1713 2195 1753 2230 et
1783 2189 1897 2230 cuiso

86 2256 189 2299 nibil
229 2256 451 2297 admodum
492 2255 597 2297 desit
640 2255 961 2297 Demosthenem
1002 2255 1122 2296 facile
1154 2254 1323 2296 dixeris.
1384 2253 1493 2294 Nihil
1523 2260 1640 2294 acute
1670 2253 1845 2293 inveniri

87 2320 222 2376 potuit
251 2320 292 2360 in
325 2320 384 2359 eis
416 2317 573 2366 causis,
625 2332 726 2372 quas
757 2318 938 2374 scripsit,
971 2318 1102 2366 nihil,
1144 2323 1189 2358 ut
1227 2317 1283 2358 ita
1323 2316 1477 2365 dicam,
1519 2315 1713 2363 subdole,
1751 2313 1851 2355 nibil

90 2386 279 2429 versute,
324 2379 437 2437 quod
467 2380 534 2422 ille
564 2394 646 2421 non
680 2380 852 2429 viderit3
900 2380 1001 2420 nihil
1032 2379 1238 2421 subtiliter
1265 2379 1364 2427 dici,
1407 2379 1507 2421 nihil
1541 2392 1708 2434 presse,
1750 2375 1850 2418 nihil

89 2443 327 2492 enucleate,
375 2457 456 2498 quo
490 2441 579 2483 fieri
610 2443 737 2497 possit
767 2442 922 2497 aliquid
954 2443 1160 2491 limatius;
1213 2442 1313 2483 nihil
1345 2448 1486 2482 contra
1523 2443 1705 2496 grande,
1750 2437 1849 2480 nibil

87 2506 323 2555 incitatum,
373 2505 475 2546 nibil
505 2511 693 2546 ornatum
726 2506 788 2546 vel
819 2507 1043 2546 verborum
1075 2505 1274 2559 gravitate
1305 2504 1370 2545 vel
1403 2504 1721 2552 sententiarum,
1767 2514 1847 2556 quo
1862 2514 1896 2540 ³⁵

90 2571 315 2625 quidquam
347 2573 456 2610 esset
487 2567 646 2608 elatius.
709 2570 775 2611 36.
814 2567 918 2608 Iluic
949 2566 1180 2622 Hyperides
1210 2568 1425 2621 proximus
1456 2572 1496 2608 et
1525 2567 1744 2608 Aeschines
1776 2562 1850 2603 fuit

88 2638 128 2674 et
156 2634 367 2689 Lycurgus
398 2637 439 2672 et
467 2631 696 2671 Dinarchus
737 2635 777 2671 et
814 2631 872 2678 is,
925 2630 1041 2670 cuius
1081 2629 1193 2670 nulla
1234 2635 1393 2670 exstant
1422 2629 1596 2684 scripta,
1646 2625 1847 2669 Demades

88 2693 238 2750 aliique
279 2694 436 2748 plures.
499 2694 612 2734 Haec
652 2694 759 2734 enim
800 2698 911 2733 aetas
949 2691 1094 2733 effudit
1132 2694 1236 2733 hanc
1282 2693 1465 2747 copiam3
1518 2696 1581 2739 et,
1625 2695 1668 2730 ut
1708 2687 1848 2744 opinio

180 2850 215 2882 4.
242 2850 308 2882 His
332 2851 393 2892 Lg.
421 2861 539 2885 omnes
568 2855 705 2891 praeter
731 2850 786 2882 35.
806 2874 814 2887 ,
865 2851 946 2881 item
975 2850 1061 2882 Ven.
1098 2851 1130 2881 1.
1171 2849 1240 2881 Gu.
1277 2850 1311 2881 1.
1348 2850 1409 2881 2.:
1450 2849 1498 2880 Iis
1525 2848 1565 2878 E.
1605 2861 1639 2867 —
1675 2845 1708 2876 5.
1736 2844 1846 2876 verbis

89 2907 171 2931 sane
199 2903 361 2937 corrupte
388 2899 489 2936 libri,
517 2900 660 2932 seclusit
685 2897 738 2933 T;
767 2896 848 2928 mihi
876 2898 971 2927 venit
997 2898 1030 2928 in
1058 2900 1209 2929 mentem
1236 2896 1489 2931 urbanissime,
1518 2895 1576 2933 qui
1604 2891 1845 2923 adverbiorum

87 2944 317 2985 superlativus
342 2947 375 2975 in
402 2945 512 2977 Codd.
534 2946 709 2978 interdum
730 2944 893 2976 scribitur
911 2945 977 2974 sic:
1010 2944 1185 2975 urbaniss.
1209 2942 1277 2975 On.
1300 2958 1337 2966 —
1365 2944 1420 2973 11.
1449 2940 1595 2981 diqressi
1614 2938 1688 2970 libri
1711 2946 1844 2976 omneS,

93 2993 148 3024 T:
175 2992 327 3031 degressi
351 2991 392 3022 E.
419 3008 462 3013 —-
501 2993 558 3025 15.
585 3001 683 3024 nemo
710 2991 847 3031 quidem
871 2998 944 3020 meo
972 2989 1013 3020 Ι).
1043 2990 1109 3020 (iu.
1139 2991 1170 3021 1.
1199 2989 1279 3021 Asc.
1308 2989 1346 3019 L.
1375 2988 1488 3020 Peter.
1539 2985 1582 3017 Ut
1607 2994 1691 3023 nos,
1720 2984 1847 3024 reliqui

93 3039 169 3072 libri
198 3042 232 3070 et
256 3038 299 3069 R.
330 3054 367 3060 —-
393 3043 519 3077 postea
544 3039 654 3070 Codd.
684 3040 754 3070 noti
774 3061 782 3074 ,
813 3037 863 3068 R:
889 3039 994 3075 potita
1021 3044 1058 3068 ex
1088 3036 1213 3068 Rufino
1241 3035 1283 3066 de
1312 3034 1431 3073 Cornp.
1462 3037 1528 3065 cet.
1559 3030 1690 3069 (Schol.
1717 3030 1789 3062 Cic.
1818 3031 1845 3062 1.

90 3095 125 3127 p.
154 3082 250 3125 189.)
278 3083 367 3115 Edd.
401 3089 484 3116 vett.
513 3084 611 3117 Giut.
632 3085 673 3116 E.
705 3102 741 3107 —
771 3083 829 3114 22.
856 3090 1108 3121 nonnunquam
1133 3091 1236 3122 quam
1264 3079 1339 3119 aut]
1367 3081 1468 3111 Varie
1497 3080 1551 3110 hic
1580 3078 1715 3109 turbant
1735 3076 1845 3108 Codd.

89 3136 228 3173 praeter
267 3130 352 3162 Cod.
381 3130 466 3170 Reg.
495 3130 523 3162 Α
565 3133 613 3170 (et
638 3129 682 3170 R)
711 3138 829 3162 omnes
857 3130 1022 3160 omittunt
1047 3137 1161 3167 quam.
1212 3128 1294 3159 Post
1332 3127 1359 3157 It
1401 3135 1518 3158 rursus
1552 3127 1699 3156 correxit
1725 3124 1845 3157 Lamb.

88 3177 174 3219 (non
197 3186 352 3218 unquam
378 3182 439 3209 aut
467 3176 542 3218 (sic)
568 3178 670 3209 Peter
697 3174 802 3215 cont.)
832 3191 871 3197 —
913 3176 968 3207 24.
999 3176 1196 3214 conscripta
1222 3174 1307 3205 Cod.
1337 3173 1421 3213 Reg.
1449 3172 1476 3203 Α
1495 3195 1503 3209 ,
1545 3169 1612 3203 Gu.
1640 3171 1672 3201 2.
1707 3170 1845 3209 Dresd.,

89 3225 359 3264 circumscripta
384 3223 426 3253 1).
456 3225 534 3255 Asc.
563 3224 644 3256 Sch.
675 3225 707 3254 in
735 3223 798 3254 Ed.
827 3223 908 3253 mai.
938 3238 977 3243 —
1024 3220 1079 3252 30.
1108 3226 1139 3252 et
1164 3222 1200 3251 in
1228 3228 1294 3259 quo
1321 3219 1388 3251 Cu.
1411 3218 1444 3249 2.
1475 3217 1598 3250 Dresd.
1621 3217 1699 3249 Asc.
1721 3217 1846 3255 Peter;

90 3271 286 3310 corruptela
327 3276 398 3301 orla
437 3278 475 3302 ex
511 3272 653 3310 antiqua
681 3271 851 3308 scriptura
880 3272 909 3299 et
935 3269 1015 3309 quoi
1041 3267 1101 3307 Lg.
1129 3266 1186 3298 35.
1214 3265 1271 3297 58.
1297 3266 1355 3297 70.
1373 3288 1382 3302 ,
1413 3273 1515 3304 quam
1543 3266 1664 3296 ascivit
1695 3264 1842 3296 Ellendt.

88 3335 128 3343 -
158 3318 216 3350 36.
244 3315 343 3357 esset]
370 3319 413 3348 sit
439 3317 566 3350 mavolt
591 3316 741 3348 Ellendt.
763 3331 803 3338 —-
832 3314 888 3348 38.
916 3314 1106 3355 complures
1132 3313 1254 3345 Lamb.
1273 3335 1281 3351 ,
1310 3311 1407 3352 quod
1435 3313 1470 3343 in
1497 3311 1589 3344 nullo
1617 3311 1732 3344 adhuc
1759 3309 1843 3342 eod.

100 3369 277 3405 repertum
306 3368 368 3397 est.
