2117 3762
523 910 897 961 ln'CERTl
948 907 1446 959 SCRIPTORI
1455 907 1497 957 S

766 1051 1268 1098 RHETORICORUM

980 1186 1048 1224 AD

334 1323 437 1395 C·
531 1318 1698 1393 HERENNIUM

723 1496 904 1536 Llssm
950 1495 1306 1549 QUATTUOR.

773 1855 972 1893 LIBER
1007 1854 1270 1893 PRIMUS·

140 1997 173 2036 Ι.
211 1998 247 2037 1.
293 1982 401 2038 Etsi
431 1994 612 2049 negotiis
642 1993 917 2035 familiaribus
948 1995 1138 2048 impediti
1177 1995 1247 2035 vix
1289 1993 1385 2033 satis
1416 1992 1545 2032 otium
1577 1992 1712 2032 studio
1747 2005 1896 2045 suppe-

141 2060 272 2100 ditare
302 2072 522 2111 possumus
562 2063 602 2098 et
631 2059 672 2098 id
702 2059 861 2111 ipsum,
904 2061 1015 2114 quod
1047 2060 1167 2098 datur
1198 2057 1295 2105 otii,
1328 2055 1525 2097 libentius
1556 2055 1596 2094 in
1630 2055 1898 2108 philosophia

141 2120 388 2163 co'nsumere
429 2123 745 2170 consuevimus,
789 2128 927 2162 tamen
967 2128 1037 2162 tua
1079 2136 1176 2168 nos,
1224 2121 1268 2161 C.
1303 2119 1514 2166 Herenni,
1556 2117 1745 2158 voluntas
1785 2131 1898 2156 com-

142 2186 299 2233 movit,
331 2190 377 2225 ut
407 2186 457 2226 de
488 2186 649 2225 ratione
681 2186 845 2225 dicendi
868 2186 1253 2233 conscriberemus„
1288 2197 1339 2223 ne
1371 2187 1442 2222 aut
1472 2186 1541 2221 tua
1572 2194 1694 2220 causa
1714 2178 1896 2220 noluisse

141 2252 212 2288 aut
246 2247 399 2302 fugisse
429 2261 506 2288 nos
536 2248 725 2288 laborem
755 2253 937 2302 putares.
999 2249 1051 2287 Et
1081 2260 1130 2287 eo
1163 2246 1386 2287 studiosius
1419 2246 1498 2284 hoc
1526 2244 1736 2297 negotium
1760 2252 1927 2283 susce-⁵

142 2310 300 2363 pimus,
334 2310 445 2365 quod
477 2315 515 2351 te
546 2324 630 2351 non
662 2311 749 2351 sine
781 2325 903 2351 causa
932 2311 1040 2351 velle
1072 2323 1326 2363 cognoscere
1358 2307 1607 2348 rhetoricam
1639 2307 1898 2359 intelligeba-

142 2386 246 2412 mus.
308 2373 400 2412 Non
431 2374 541 2413 enim
572 2374 613 2413 in
645 2387 688 2413 se
709 2386 855 2427 parum
886 2371 1043 2413 fructus
1071 2373 1198 2412 habet
1228 2372 1348 2424 copia
1377 2371 1542 2411 dicendi
1565 2375 1605 2410 et
1626 2369 1898 2409 commoditas

142 2435 361 2482 orationis,
396 2435 429 2474 si
460 2440 573 2476 recta
601 2436 876 2489 intelligentia
906 2440 946 2475 et
977 2435 1147 2475 definita
1167 2435 1456 2474 moderatione
1479 2433 1604 2473 animi
1628 2434 1895 2485 gubernetur.

142 2498 254 2547 Quas
284 2500 338 2539 ob
370 2512 436 2541 res
466 2500 560 2547 illa,
611 2513 717 2552 quae
758 2499 904 2539 Graeci
946 2499 1170 2550 scriptores
1201 2498 1335 2537 inanis
1366 2497 1626 2549 arrogantiae
1659 2509 1779 2535 causa
1822 2494 1898 2533 sibi

142 2567 475 2614 assumpserunt,
523 2561 781 2615 reliquimus.
844 2563 947 2601 Nam
987 2560 1075 2608 illi,
1125 2574 1178 2600 ne
1218 2574 1365 2613 parum
1396 2561 1524 2599 multa
1554 2560 1679 2599 scisse
1710 2559 1949 2598 vaureu-10

142 2628 232 2672 tur,
275 2638 325 2665 ea
354 2624 696 2679 conquisierunt,
745 2638 851 2679 quae
882 2624 986 2664 nihil
1017 2623 1268 2671 attinebant,
1320 2627 1366 2662 ut
1395 2636 1461 2662 ars
1493 2620 1701 2661 difficilior
1731 2620 1898 2671 cognitu

143 2692 382 2739 putaretur:
427 2702 505 2728 nos
535 2691 674 2727 autem
714 2701 788 2735 ea,
837 2701 943 2741 quae
986 2687 1234 2726 videbantur
1263 2686 1313 2725 ad
1346 2686 1548 2725 rationem
1581 2683 1740 2723 dicendi
1775 2682 1900 2734 perti-

144 2762 243 2790 nere
260 2781 271 2799 ‚
296 2752 546 2804 sumpsimus
566 2765 576 2800 ;
608 2764 694 2790 non
725 2750 835 2790 enim
867 2764 940 2802 spe
964 2753 1159 2803 quaestus
1181 2752 1251 2788 aut
1272 2749 1403 2801 gloria
1426 2747 1621 2787 commoti
1641 2746 1826 2785 venimus
1848 2746 1899 2784 ad

146 2813 409 2854 scribendum
427 2845 439 2863 ,
473 2811 825 2869 quemadmodum
851 2812 1007 2861 ceteri,
1041 2812 1114 2852 sed
1143 2815 1189 2851 ut
1216 2811 1419 2851 industria
1447 2814 1586 2850 nostra
1616 2813 1707 2848 tuae
1740 2821 1898 2847 morem

240 2984 272 3018 1.
314 2984 356 3017 V.
384 2987 490 3019 otium
515 2986 557 3019 de
583 2986 623 3019 L.
653 2986 744 3018 cont.
781 2984 849 3018 del·
877 2984 957 3017 Sch.
993 2985 1105 3015 minus
1141 2987 1233 3016 recte
1269 2983 1367 3023 prob.
1397 2981 1497 3012 Lind.
1526 2976 1728 3012 Ἀντὶῧεσιν
1753 2980 1899 3018 scriptor

148 3035 320 3074 quaesivit
355 3034 444 3065 inter
466 3035 608 3075 neyott'a
634 3039 668 3066 et
692 3034 812 3064 otium.
841 3049 882 3054 —
923 3032 1038 3063 studio
1073 3040 1141 3061 om.
1182 3039 1232 3070 pr.
1272 3032 1312 3062 Λ.
1352 3030 1458 3060 l’atat.
1497 3033 1641 3067 quartus
1678 3027 1828 3058 (ii-uteri.
1858 3043 1895 3048 —-

147 3081 181 3113 4.
208 3081 357 3112 notuisse
383 3084 443 3111 aut
469 3079 596 3121 favisse
620 3089 683 3111 nos
709 3078 913 3111 PABFRT:
941 3078 1092 3109 noluisse
1118 3085 1180 3108 'nos
1206 3081 1267 3108 αιιι
1292 3078 1420 3117 sicqisse
1449 3075 1485 3106 Ε.
1516 3089 1555 3096 —-—
1589 3074 1624 3105 7.
1650 3074 1689 3103 in
1713 3082 1748 3103 se
1771 3081 1899 3112 parum

148 3127 260 3159 Pssn:
284 3136 415 3168 parum
438 3128 475 3158 in
499 3135 532 3158 ce
556 3127 688 3158 AFTE.
719 3144 754 3149 —-
783 3126 886 3156 habet
911 3126 1043 3166 fructus
1069 3124 1168 3155 AFT.
1196 3140 1240 3144 --
1280 3124 1314 3154 8.
1349 3123 1585 3153 moderatione
1611 3121 1721 3150 animi
1756 3120 1894 3150 l‘Flt'l':

149 3176 258 3206 animi
281 3174 521 3205 moderatione
545 3173 648 3204 ABE.
677 3171 821 3213 (Omnes
849 3173 956 3203 nostri
983 3175 1121 3204 servant
1145 3179 1176 3202 v.
1198 3170 1363 3210 definita,
1393 3169 1485 3208 quod
1512 3177 1529 3199 a
1549 3167 1757 3207 quibusdam
1777 3167 1898 3197 abesse

148 3224 295 3253 testatur
319 3219 375 3262 L.)
404 3236 442 3242 —
486 3221 541 3251 10.
571 3228 785 3260 assumpsere
810 3218 941 3250 AFRT.
969 3234 1012 3239 -
1057 3218 1113 3248 12.
1141 3221 1259 3247 autem
1285 3225 1351 3247 om.
1381 3216 1435 3246 1⁸⁷1*
1463 3220 1497 3247 et
1523 3223 1572 3253 pr.
1601 3214 1643 3246 A.
1674 3231 1708 3237 —
1756 3213 1810 3243 13.
1845 3221 1899 3242 as-

149 3269 356 3308 sumpsimus
382 3267 432 3306 R,
460 3271 499 3298 ut
524 3266 619 3298 dedit
643 3266 681 3297 L.
722 3281 762 3288 --
803 3266 936 3306 ¹qloriae
962 3265 1011 3301 R,
1047 3263 1140 3303 quod
1168 3272 1206 3295 ex
1233 3264 1308 3294 aliis
1336 3263 1433 3302 prob.
1464 3261 1627 3294 Oudend.
1657 3262 1790 3299 recepit
1815 3259 1894 3290 sch.

150 3314 219 3348 Sed
245 3315 360 3357 yloria
385 3315 419 3346 h.
447 3313 469 3346 l.
497 3317 547 3347 est
571 3313 707 3355 ylariae
731 3313 870 3348 studio,
898 3311 1061 3354 qloriola.
1092 3327 1129 3334 —
1159 3311 1326 3342 commodi
1354 3310 1434 3342 Ern.
1468 3317 1608 3350 operae.

225 3387 318 3414 Cicero
337 3385 367 3414 T.
387 3386 407 3414 L
1386 3381 1408 3422 1
