2117 3762
259 257 339 300 226
954 255 1024 295 DE
1065 254 1310 297 ORATORE

257 365 543 407 commovent?
588 365 657 402 aut
686 359 967 414 importunum
996 364 1156 414 tempus
1186 360 1227 402 in
1257 364 1369 402 tanto
1400 360 1509 407 otio,
1543 358 1655 412 quod
1685 362 1727 398 et
1754 370 1850 399 raro
1881 357 2003 400 datur

258 433 299 468 et
318 439 426 467 nunc
445 428 664 479 peroptato
686 421 804 462 nobis
825 421 964 460 datum
996 423 1085 461 est?
1134 427 1204 462 aut
1232 422 1417 464 homines
1448 423 1499 462 ab
1530 423 1609 461 hoc
1640 432 1791 474 genere
1822 419 2006 474 disputa-

256 489 379 531 tionis
409 487 556 533 alieni‚
590 486 660 539 qui
691 495 835 523 omnes
864 481 893 522 ii
925 495 1090 530 sumus,
1122 487 1168 522 ut
1200 483 1286 526 sine
1317 485 1381 526 his
1412 482 1555 525 studiis
1585 483 1711 523 vitam
1741 481 1892 522 nullam
1915 496 2004 523 esse

258 552 485 592 ducamus?
534 550 601 589 21.
636 544 784 586 Omnia
813 545 915 592 ista,
956 543 1090 599 inquit
1121 546 1311 596 Crassus,
1352 561 1428 602 ego
1461 546 1542 587 alio
1574 543 1698 586 modo
1730 543 2003 599 interpretor,

227 612 329 667 squi
358 611 537 666 primum
567 610 816 662 palaestram
847 613 887 648 et
926 606 1045 648 sedes
1077 611 1117 647 et
1144 610 1327 660 porticus
1357 609 1479 650 etiam
1504 608 1642 662 ipsos,
1679 608 1845 655 Catule,
1881 607 2008 648 Grae-

258 688 327 716 cos
373 672 678 715 exercitationis
725 675 766 711 et
806 669 1087 711 delectationis
1133 683 1280 719 causa,
1332 685 1414 712 non
1461 670 1753 724 disputationis
1800 669 2006 711 invenisse

255 736 447 778 arbitror.
509 737 611 775 Nam
642 738 682 774 et
711 733 860 774 seculis
890 734 1028 773 multis
1059 737 1152 773 ante
1183 732 1393 788 gymnasia
1422 733 1589 775 inventa
1631 739 1749 782 sunt,
1800 745 1923 788 quam
1963 730 2007 771 in

255 800 305 841 iis
360 795 595 851 philosophi
639 795 796 850 garrire
842 800 1094 849 coeperunt,
1146 800 1187 836 et
1225 797 1303 836 hoc
1342 793 1431 848 ipso
1470 800 1680 850 tempore,
1731 808 1825 836 cum
1869 792 2008 835 omnia

257 859 465 916 gymnasia
494 858 729 914 philosophi
760 864 942 905 teneant,
974 863 1113 899 tamen
1143 871 1288 899 eorum
1309 858 1519 899 auditores
1541 858 1697 900 discum
1719 857 1863 899 audire
1885 870 2008 912 quam

207 942 242 966 10
260 923 557 979 philosophum
586 921 766 972 malunt;
801 921 870 976 qui
903 920 1024 962 simul
1052 925 1099 961 ut
1127 919 1353 975 increpuit,
1386 920 1427 959 in
1457 920 1593 962 media
1623 922 1810 962 oratione
1842 919 1892 961 de
1924 933 2009 960 ma-

261 987 382 1027 ximis
426 987 552 1027 rebus
591 990 630 1026 et
671 982 925 1038 gravissimis
966 984 1241 1038 disputantem
1285 980 1575 1037 philosophum
1619 997 1761 1025 omnes
1802 982 2008 1025 unctionis

252 1063 374 1090 causa
419 1047 674 1102 relinquunt.
744 1048 804 1087 Ita
846 1045 1098 1088 levissimam
1141 1043 1457 1086 delectationem
1500 1045 1812 1098 gravissimae‚.
1838 1051 1884 1087 ut
1926 1042 2009 1098 ipsi

250 1110 412 1160 ierunt,
444 1109 609 1152 utilitati
630 1113 904 1163 anteponunt.
965 1111 1033 1149 22.
1069 1108 1207 1149 Otium
1229 1111 1367 1148 autem
1388 1108 1498 1161 quod
1519 1105 1621 1147 dicis
1644 1122 1748 1157 esse,
1780 1109 2005 1156 assenti0r3

250 1187 395 1216 verum
435 1172 509 1215 otii
538 1171 697 1214 fruetus
730 1176 792 1213 est
820 1184 905 1213 non
935 1171 1145 1212 contentio
1175 1168 1322 1217 animi,
1373 1168 1446 1210 sed
1483 1169 1700 1211 relaxatio.
1760 1173 1829 1214 VI.
1876 1171 2009 1225 Saepe

201 1252 236 1277 15
251 1251 304 1279 ex
334 1249 479 1278 socero
511 1249 604 1276 meo
635 1233 798 1284 audivi,
852 1247 945 1275 cum
983 1232 1018 1274 is
1055 1231 1210 1274 diceret
1250 1246 1440 1274 socerum
1475 1245 1596 1273 suum
1625 1233 1811 1274 Laelium
1842 1246 2006 1288 semper

250 1301 338 1342 fere
379 1313 474 1341 cum
516 1296 705 1353 Scipione
752 1296 918 1339 solitum
953 1296 1143 1336 rusticari
1181 1309 1335 1351 eosque
1374 1293 1678 1336 incredibiliter
1710 1308 2008 1348 repuerascere

252 1377 344 1405 esse
390 1361 557 1410 solitos,
608 1373 702 1401 cum
742 1373 812 1401 rus
853 1372 905 1400 ex
942 1356 1048 1399 urbe
1083 1363 1293 1413 tamquam
1332 1372 1354 1398 e
1392 1357 1534 1398 vinclis
1565 1357 1856 1399 evolavissent.
1916 1360 2008 1399 Non

251 1425 384 1467 audeo
416 1425 555 1465 dicere
586 1422 636 1465 de
667 1421 815 1464 talibus
845 1421 968 1470 viris,
999 1420 1073 1462 sed
1101 1426 1239 1462 tamen
1259 1420 1317 1461 ita
1337 1419 1443 1461 solet
1463 1433 1632 1461 narrare
1654 1421 1875 1469 Scaevola,
1908 1433 2006 1461 con-

251 1489 349 1529 chas
379 1500 450 1529 eos
482 1491 523 1528 et
551 1485 771 1528 umbilicos
803 1483 855 1526 ad
887 1485 1068 1526 Caietam
1101 1489 1140 1524 et
1169 1485 1220 1524 ad
1250 1485 1503 1525 Laurentum
1540 1485 1682 1539 legere
1718 1496 1938 1525 consuesse
1969 1487 2010 1523 et

200 1566 236 1593 20
252 1550 303 1592 ad
333 1564 501 1592 omnem
532 1548 659 1590 animi
689 1547 980 1590 remissionem
1010 1546 1236 1601 ludumque
1273 1548 1542 1588 descendere.
1603 1549 1671 1587 23.
1707 1545 1773 1588 Sic
1803 1545 1911 1587 enim
1942 1558 2008 1586 res

252 1626 342 1655 sese
382 1612 532 1660 habet,
579 1617 649 1660 ut,
698 1609 1049 1667 quemadmodum
1090 1611 1283 1651 volucres
1319 1608 1506 1650 videmus
1545 1608 1846 1664 procreationis
1887 1613 2009 1664 atque

252 1674 438 1717 utilitatis
469 1688 567 1716 suae
600 1688 722 1715 causa
752 1675 951 1728 effingere
982 1678 1022 1713 et
1051 1671 1304 1714 constituere
1335 1673 1476 1720 nidos,
1510 1674 1674 1713 easdem
1706 1676 1868 1720 autem,
1916 1683 2010 1712 cum

251 1737 407 1792 aliquid
450 1736 688 1786 effecerint,
739 1735 905 1777 levandi
944 1733 1100 1776 laboris
1142 1735 1205 1776 sui
1247 1748 1369 1776 causa
1408 1736 1560 1788 passim
1601 1749 1648 1775 ac
1685 1732 1817 1776 libere
1857 1732 2009 1775 solutas

252 1813 382 1854 opere
412 1799 612 1849 volitare,
656 1798 714 1840 sic
745 1798 878 1840 nostri
907 1798 1033 1839 animi
1064 1797 1240 1851 negotiis
1269 1797 1507 1839 forensibus
1537 1804 1659 1852 atque
1690 1795 1848 1838 urbano
1880 1809 2010 1852 opere

200 1879 235 1905 25
252 1862 403 1904 defessi
447 1863 622 1916 gestiant
659 1875 706 1902 30
742 1862 916 1902 volitare
958 1860 1125 1914 cupiant
1164 1860 1283 1902 vacui
1322 1874 1417 1902 cura
1467 1874 1513 1901 ac
1543 1859 1701 1901 labore.
1763 1862 1832 1900 24.
1867 1861 2010 1913 Itaque

250 1924 375 1972 illud,
428 1938 506 1978 ego
547 1923 660 1979 quod
694 1925 737 1964 in
768 1937 889 1964 causa
920 1922 1095 1964 Curiana
1127 1922 1347 1964 Scaevolae
1378 1921 1488 1971 dixi,
1540 1935 1624 1963 non
1656 1920 1744 1963 dixi
1774 1935 1916 1969 secus,
1962 1933 2010 1961 ac

251 1989 491 2029 sentiebam.
555 1989 682 2027 “Nam
716 1988 776 2035 si,
809 1985 1001 2041 inquam,
1036 1986 1258 2034 Scaevola,
1291 1984 1449 2026 nullum
1479 1983 1557 2025 erit
1587 1988 1876 2025 testamentum
1897 1988 2009 2024 recte

250 2049 429 2099 factum,
475 2048 554 2090 nisi
584 2048 695 2103 quod
725 2054 769 2089 tu
798 2047 1038 2103 scripseris,
1086 2061 1229 2088 omnes
1269 2050 1319 2088 ad
1351 2053 1391 2088 te
1422 2046 1530 2089 cives
1561 2061 1655 2088 cum
1688 2045 1838 2088 tabulis
1867 2044 2010 2087 venie—

251 2126 368 2160 mus,
401 2113 586 2153 omnium
616 2116 858 2152 testamenta
880 2116 924 2152 tu
944 2108 1099 2151 scribes
1119 2124 1240 2151 1111115.
1302 2108 1411 2159 Quid
1431 2110 1584 2163 igitur?
1614 2109 1808 2165 inquam:
1843 2109 2009 2162 quando

203 2189 348 2230 :mages
389 2175 601 2229 negotium
641 2172 882 2227 publicum?
932 2174 1097 2228 quando
1139 2171 1391 2213 amicorum?
1443 2171 1609 2228 quando
1645 2174 1792 2214 tuum?
1842 2172 2008 2226 quando

253 2236 430 2292 denique
461 2236 564 2278 nihil
592 2239 746 2290 ages?„
779 2238 884 2276 Tum
914 2235 1016 2276 illud
1045 2235 1206 2276 addidi:
1242 2234 1364 2276 “Mihi
1385 2234 1494 2276 enim
1524 2233 1630 2276 liber
1660 2247 1750 2275 esse
1779 2247 1864 2275 non
1893 2233 2008 2275 vide-

252 2306 345 2350 tur,
379 2299 451 2354 qui
480 2313 563 2340 non
593 2298 814 2353 aliquando
844 2296 948 2338 nihil
974 2298 1100 2351 agit.»
1160 2299 1205 2338 In
1228 2311 1308 2351 qua
1328 2310 1579 2352 permaneo,
1614 2296 1776 2346 Catule,
1807 2296 2010 2338 sententia

252 2377 423 2418 meque,
457 2375 551 2402 cum
580 2360 660 2403 huc
689 2359 802 2408 veni,
836 2361 917 2401 hoc
946 2359 1081 2414 ipsum
1111 2358 1214 2400 nihil
1244 2372 1366 2413 agere
1399 2365 1438 2401 et
1468 2360 1588 2415 plane
1618 2372 1782 2402 cessare
1812 2358 2003 2401 delectat.

254 2427 323 2467 25.
355 2427 476 2473 Nam,
507 2425 619 2480 quod
639 2422 832 2465 addidisti
853 2423 1043 2472 tertium,
1077 2435 1149 2464 vos
1177 2436 1248 2463 eos
1279 2435 1393 2473 esse,
1426 2423 1497 2479 qui
1526 2424 1652 2466 vitam
1681 2423 1897 2465 insuavem
1917 2421 2007 2464 sine

350 2590 383 2621 1.
411 2593 623 2621 commonent
649 2588 693 2620 R.
723 2605 760 2611 —-
788 2592 852 2620 aut
875 2596 958 2619 mim
980 2588 1221 2628 importunum
1245 2585 1303 2618 ΑΒ
1320 2609 1329 2624 ,
1356 2591 1418 2620 aut
1441 2588 1479 2619 in
1505 2592 1736 2628 opportunum
1761 2587 1872 2620 Codd.
1898 2587 1942 2620 al.
1962 2587 2006 2620 R.

258 2636 328 2669 err.
348 2637 425 2668 Lib.
445 2635 478 2674 3,
498 2637 532 2673 5,
552 2635 607 2668 18.
629 2652 670 2658 -
697 2634 731 2666 3.
758 2636 785 2665 it
801 2635 831 2666 A
848 2635 998 2675 aliique:
1026 2635 1060 2665 hi
1078 2633 1131 2675 (B)
1154 2634 1225 2665 RE.
1251 2649 1284 2654 —
1307 2633 1340 2665 6.
1363 2639 1395 2666 et
1411 2635 1648 2667 delectationis
1666 2644 1733 2667 orn.
1752 2635 1834 2676 Lag.
1851 2636 2008 2676 quinque

257 2684 440 2721 meliores;
467 2684 606 2715 seclusit
630 2681 780 2720 Ellendt,
808 2686 838 2713 et
855 2682 1094 2713 delectationis
1112 2689 1220 2713 causa
1238 2689 1306 2712 om.
1329 2682 1402 2717 ΑΒ,
1426 2697 1459 2702 -
1486 2690 1558 2713 non
1575 2682 1821 2721 disputationis
1847 2690 1924 2713 cum
1944 2682 2005 2723 Lg.

258 2731 419 2763 omnibus
437 2739 506 2762 om.
525 2732 628 2761 etiam
645 2729 746 2761 ABR.
776 2728 924 2761 Seclusit
939 2728 1088 2760 Ellendt.
1115 2727 1160 2759 At
1178 2736 1255 2759 curn
1275 2729 1308 2758 in
1326 2727 1529 2761 Abrincensi
1551 2732 1586 2760 et
1604 2729 1804 2769 Erlangensi
1821 2729 1910 2761 desit
1925 2731 2008 2761 item

257 2779 490 2810 necessarium
516 2786 546 2808 v.
586 2785 713 2814 causa,
752 2784 923 2813 vetem„—
935 2783 978 2806 ne
1006 2774 1243 2807 tantummodo
1270 2780 1411 2814 propter
1434 2776 1717 2808 terminationum
1744 2775 2008 2808 similitudinem

260 2834 312 2857 vv.
346 2827 409 2856 ista
439 2826 564 2856 omissa
599 2824 689 2861 sint,
733 2830 751 2853 a
777 2822 886 2854 Codd.
923 2823 1045 2861 utique
1080 2821 1258 2860 peioribus
1283 2826 1437 2860 servata,
1483 2822 1526 2854 ab
1551 2822 1723 2854 Ellendtio
1758 2831 1798 2855 ex
1823 2822 2007 2854 meliorum

262 2873 468 2904 auctoritate
494 2871 627 2903 seclusa
644 2893 652 2908 ,
691 2878 781 2909 quae
819 2873 932 2900 tamen
960 2877 1022 2908 per
1045 2875 1082 2899 se
1109 2872 1201 2902 certe
1227 2873 1380 2907 spectata
1405 2877 1448 2900 ne
1474 2869 1651 2900 minimam
1677 2869 1820 2910 quidem
1844 2869 2007 2902 offensio-

258 2926 341 2948 nem
367 2926 483 2957 neque
509 2918 614 2949 ullam
640 2915 915 2955 interpolationis
952 2917 1104 2954 speciem
1138 2916 1280 2948 habent.
1331 2916 1394 2954 Et,
1419 2916 1446 2946 si
1472 2917 1521 2947 sic
1549 2915 1695 2956 legeris:
1735 2916 1951 2957 palaestram
1974 2919 2006 2949 et

260 2964 354 2995 sedes
379 2969 410 2995 et
430 2966 586 3003 porticus
607 2963 711 2996 etiam
726 2966 838 3003 ipsos,
867 2961 1005 3000 Catule,
1035 2960 1186 2994 Graecos
1210 2962 1472 2994 exercitationis
1499 2971 1606 2994 causa
1629 2963 1799 2995 invenisse
1823 2962 2004 2994 arbitror:

261 3010 347 3041 nibil
374 3011 528 3049 profecto
555 3012 694 3043 tenuius
720 3015 824 3050 atque
850 3010 1000 3042 ieiunius
1026 3011 1211 3050 excogitari
1238 3011 1375 3047 poterit.
1402 3024 1445 3029 -
1470 3008 1504 3040 8.
1534 3010 1577 3041 iis
1599 3008 1654 3040 A:
1694 3010 1748 3040 his
1773 3009 1829 3048 (B)
1853 3009 1927 3040 RE.
1964 3025 2003 3033 -

262 3056 316 3086 14.
345 3059 515 3089 contentio
540 3067 613 3089 non
637 3056 709 3088 AB.
737 3073 774 3080 —
804 3055 859 3088 16.
886 3064 1122 3096 repuerescere
1147 3058 1186 3094 Β,
1213 3063 1450 3094 repuerassere
1466 3056 1508 3088 R.
1537 3072 1578 3078 —
1606 3055 1662 3088 17.
1687 3055 1811 3088 vinclis
1829 3055 1938 3089 Codd.
1958 3054 2003 3086 al.

260 3102 315 3133 R:
343 3104 490 3135 vinculis
515 3103 570 3145 (B)
597 3104 636 3136 E.
666 3121 704 3127 -
747 3103 804 3135 20.
831 3111 884 3134 res
909 3112 977 3135 sese
1004 3103 1113 3135 Codd.
1140 3103 1184 3135 al.
1203 3125 1212 3140 ‚
1239 3102 1291 3133 R:
1325 3110 1360 3133 se
1384 3111 1436 3133 res
1461 3100 1516 3143 (B)
1542 3103 1583 3134 E.
1623 3120 1666 3126 —
1702 3103 1763 3134 21.
1799 3106 1841 3135 ut
1863 3102 2006 3135 seclusit

262 3149 453 3181 Ernestius.
485 3165 519 3172 -
560 3152 616 3182 22.
646 3150 804 3193 effingere
829 3153 860 3180 et
885 3151 1088 3182 constituere
1113 3149 1163 3187 A,
1202 3148 1284 3189 ng.
1313 3157 1432 3181 omnes
1459 3153 1596 3189 praeter
1619 3149 1676 3182 81.
1692 3172 1701 3189 ‚
1727 3149 1782 3182 R:
1819 3149 1948 3191 fingere
1973 3151 2005 3179 et

263 3201 460 3227 construere
484 3196 522 3228 E.
550 3197 620 3236 (De
647 3197 674 3228 B
701 3206 770 3229 non
797 3194 932 3236 liquet.)
960 3215 996 3223 -
1025 3196 1084 3228 24.
1108 3196 1256 3238 110901ῐί5
1280 3195 1471 3237 forensibus
1495 3196 1539 3235 Α,
1567 3195 1632 3229 Gu.
1659 3195 1693 3227 3.
1722 3195 1822 3228 Voss.
1840 3195 1941 3228 Leid.
1971 3198 2006 3227 et

263 3241 340 3273 alii:
382 3241 571 3281 forensibus
607 3245 754 3285 neyotiis
780 3240 860 3283 (ΒΤ)
886 3243 959 3274 RE.
1000 3259 1042 3266 —
1083 3243 1140 3274 25.
1175 3243 1329 3283 yestiant
1352 3259 1366 3264 -
1392 3244 1533 3282 cupiant
1568 3242 1680 3275 Codd.
1716 3242 1802 3284 Reg·
1836 3242 1940 3275 7704.
1969 3246 2004 3274 et

261 3289 389 3321 7753.:
417 3289 564 3328 ,qestiunt
588 3305 601 3310 -
625 3292 770 3330 cupiunt
793 3290 925 3322 ABRE.
956 3308 992 3313 —
1022 3299 1063 3322 ac
1088 3290 1158 3322 lab.
1186 3289 1295 3321 Codd.
1321 3289 1364 3320 31.
1382 3312 1391 3328 ,
1417 3290 1472 3321 R:
1499 3293 1600 3331 atque
1623 3290 1692 3323 lab.
1719 3288 1775 3332 (B)
1801 3289 1839 3322 E.
1862 3305 1908 3312 -—-
1943 3288 2002 3322 26.

261 3344 323 3377 090
348 3335 440 3377 quod
464 3334 548 3367 AB:
575 3337 667 3375 quod
692 3345 753 3377 eqo
778 3337 850 3370 RE.
880 3353 918 3359 -
944 3337 1001 3370 27.
1027 3346 1180 3379 unquam
1202 3336 1245 3369 R.
1275 3353 1312 3360 -
1341 3335 1399 3370 34.
1426 3344 1495 3370 esse
1518 3345 1573 3371 eos
1596 3335 1640 3370 A.
