2117 3762
237 207 316 249 1476
764 197 1066 241 ORATORIAE
1096 197 1443 239 PARTITIONES

235 314 456 369 peroratio.
515 311 558 353 C.
587 311 630 351 F.
669 304 805 357 Quid?
844 303 1040 354 Quaestio
1071 317 1271 358 quasnam
1301 305 1426 344 habet
1454 303 1623 357 partes?
1668 301 1713 343 C.
1746 302 1792 344 P.
1835 301 1975 344 Infini-

236 380 346 425 tam,
379 390 501 432 quam
532 371 871 415 consultationem
900 366 1090 421 appello,
1122 371 1163 407 et
1183 365 1416 414 definitam,
1449 378 1572 421 quam
1603 377 1766 406 causam
1790 366 1974 407 nomino.

237 440 290 480 ΙΙ.
324 441 364 480 5.
398 441 440 481 C.
469 440 512 482 F,
544 433 745 485 Quoniam
774 432 899 484 igitur
928 429 1114 471 invenire
1134 428 1314 482 primum
1335 434 1397 470 est
1416 427 1620 475 oratoris,
1654 426 1753 481 quid
1774 431 1978 482 quaeret?

239 502 283 543 C.
313 502 358 541 P.
400 502 448 541 Ut
476 498 677 544 inveniat,
728 490 1077 550 quemadmodum
1116 490 1239 533 fidem
1276 490 1399 533 faciat
1429 492 1509 538 eis,
1557 488 1707 545 quibus
1745 491 1856 532 volet
1884 503 1980 545 per-

208 565 432 610 ssuadere‚
464 566 504 603 et
523 557 868 616 quemadmodum
899 559 1056 596 motum
1087 554 1233 595 animis
1264 567 1409 595 eorum
1440 557 1600 596 afferat.
1663 554 1706 595 C.
1739 555 1784 594 F.
1820 552 1980 603 Quibus

237 628 361 667 rebus
400 623 500 664 fides
539 621 609 663 fit?
669 622 711 663 C.
741 621 785 664 P.
825 617 1112 673 ArgumentiS,
1158 628 1263 671 quae
1304 617 1508 658 ducuntur
1548 631 1600 658 ex
1629 615 1730 657 locis
1761 617 1905 657 autin
1935 629 1980 657 re

237 689 325 740 ipsa
362 686 491 727 insitis
532 688 603 725 aut
645 682 877 738 assumptiS.
956 681 1000 722 C.
1033 682 1077 721 F.
1126 680 1241 729 Quos
1281 691 1405 720 vocas
1444 678 1592 721 locos?
1639 680 1682 720 C.
1722 679 1765 719 P.
1811 680 1858 719 In
1888 679 1980 733 qui-

237 751 312 790 bus
340 748 466 789 latent
503 750 756 801 argumenta.
816 744 860 784 C.
893 745 936 785 F.
980 741 1090 793 Quid
1131 746 1192 783 est
1229 745 1544 795 argumentum?
1595 743 1637 783 C.
1668 743 1713 782 P.
1759 738 1981 782 Probabile

236 813 444 851 inventum
490 812 541 850 ad
581 808 809 850 faciendam
848 805 986 847 fidem.
1047 807 1085 846 6.
1134 805 1179 845 C.
1212 805 1258 845 F.
1307 803 1529 853 Quomodo
1559 804 1685 859 igitur
1715 806 1796 845 duo
1829 817 1982 858 genera

188 872 308 914 wista
341 870 522 913 dividis?
569 872 614 912 C.
649 874 692 912 P.
744 872 859 919 Quae
901 868 988 909 sine
1030 873 1117 910 arte
1147 870 1369 923 putantur,
1423 880 1469 907 ea
1507 872 1668 908 remota
1706 865 1890 922 appello,
1935 872 1983 908 ut

236 933 482 975 testimonia.
544 934 587 976 C.
618 936 661 975 F.
695 934 802 984 Quid
833 932 984 973 insita?
1028 933 1071 972 C.
1095 932 1141 971 P.
1176 930 1292 979 Quae
1323 927 1539 969 inhaerent
1568 930 1609 970 in
1638 928 1726 982 ipsa
1757 942 1818 970 re.
1869 929 1911 969 C.
1932 930 1979 970 F.

235 998 582 1038 Testimoniorum
613 1009 718 1051 quae
751 1007 900 1050 genera
929 996 1055 1034 sunt?
1107 993 1150 1033 C.
1185 993 1231 1032 P.
1272 990 1464 1033 Divinum
1505 1000 1546 1032 et
1582 993 1833 1033 humanum:
1877 990 1984 1032 divi-

235 1074 356 1109 num,
389 1064 434 1100 ut
463 1060 653 1108 oracula,
699 1063 745 1099 ut
773 1056 978 1113 auspicia,
1023 1061 1069 1096 ut
1098 1055 1437 1103 vaticinationes,
1486 1060 1533 1095 ut
1561 1068 1761 1110 responsa
1792 1057 1984 1096 sacerdo-

235 1128 342 1170 tum,
373 1121 655 1177 haruspicum,
689 1122 993 1169 coniectorum3
1026 1120 1271 1166 humanum,
1306 1119 1416 1173 quod
1439 1122 1645 1173 spectatur
1667 1131 1719 1159 ex
1740 1119 1984 1159 auctoritate

188 1191 277 1227 1⁵et
307 1199 359 1226 ex
388 1186 599 1227 voluntate
630 1189 671 1225 et
700 1198 751 1225 ex
782 1181 971 1224 oratione
999 1186 1070 1222 aut
1098 1179 1228 1221 libera
1268 1186 1338 1223 aut
1377 1194 1596 1234 expressa,
1642 1180 1684 1222 in
1722 1194 1804 1235 quo
1844 1180 1986 1222 insunt

236 1248 412 1303 scripta,
454 1253 597 1302 pacta,
641 1246 865 1300 promissa,
897 1247 1050 1291 iurata,
1090 1242 1291 1298 quaesita.
1354 1245 1394 1283 7.
1442 1244 1485 1285 C.
1519 1246 1563 1284 F.
1608 1244 1723 1293 Quae
1754 1247 1850 1284 sunt
1879 1257 1984 1297 quae

237 1310 337 1351 dicis
365 1310 513 1352 insita?
565 1310 608 1350 C.
641 1310 686 1350 P.
732 1310 846 1358 Quae
875 1306 1003 1348 infixa
1033 1311 1126 1347 sunt
1155 1304 1279 1346 rebus
1309 1304 1411 1359 ipsis
1430 1336 1441 1354 ,
1483 1310 1530 1345 ut
1560 1304 1772 1354 definitio,
1813 1314 1858 1348 ut
1888 1319 1986 1347 con-

238 1375 426 1420 trarium,
458 1378 503 1414 ut
524 1385 593 1420 ea,
625 1385 729 1427 quae
760 1376 854 1412 sunt
882 1371 963 1426 ipsi
992 1368 1254 1411 contrariove
1286 1369 1374 1409 eius
1406 1372 1476 1408 aut
1506 1367 1653 1409 similia
1680 1374 1750 1409 aut
1771 1367 1987 1410 dissimilia

237 1440 308 1475 aut
336 1440 609 1476 consentanea
638 1440 708 1475 aut
737 1436 1023 1481 dissentanea;
1057 1436 1104 1471 ut
1134 1444 1203 1479 ea,
1235 1445 1340 1486 quae
1372 1436 1466 1471 sunt
1496 1431 1611 1486 quasi
1642 1432 1882 1479 coniuncta,
1915 1436 1986 1474 aut

187 1507 224 1534 2⁰
239 1512 311 1546 ea,
354 1511 460 1554 quae
490 1502 584 1539 sunt
614 1496 731 1553 quasi
760 1496 984 1550 pugnantia
1013 1495 1121 1535 inter
1163 1508 1231 1545 se;
1278 1499 1324 1535 ut
1363 1508 1506 1535 earum
1535 1508 1702 1544 rerum,
1751 1496 1802 1536 de
1834 1493 1984 1549 quibus

237 1560 394 1615 agitur,
440 1574 608 1610 eausae;
657 1565 726 1601 aut
769 1573 985 1600 causarum
1017 1562 1211 1605 eventus,
1256 1556 1298 1598 id
1337 1562 1418 1604 est,
1469 1570 1574 1612 quae
1614 1562 1710 1598 sunt
1749 1559 1896 1598 effecta
1934 1556 1986 1598 de

239 1624 398 1673 causis;
435 1630 480 1664 ut
510 1622 845 1671 distributiones,
884 1626 928 1663 ut
958 1634 1111 1675 genera
1140 1619 1318 1676 partium
1349 1632 1597 1673 generumve
1629 1625 1783 1675 partes;
1828 1624 1874 1661 ut
1903 1620 1988 1675 pri-

238 1687 397 1727 mordia
427 1700 565 1727 rerum
596 1691 635 1727 et
666 1685 783 1740 quasi
802 1685 1138 1739 praecurrentia,
1170 1685 1212 1724 in
1243 1684 1394 1737 quibus
1424 1683 1531 1723 inest
1551 1682 1708 1738 aliquid
1728 1684 1986 1737 argumenti3

237 1753 282 1788 ut
311 1762 449 1789 rerum
480 1749 764 1790 contentiones
783 1779 794 1797 ,
837 1749 936 1803 quid
966 1748 1123 1795 maius,
1163 1746 1262 1801 quid
1292 1758 1388 1798 par,
1427 1745 1525 1800 quid
1557 1745 1691 1787 minus
1722 1747 1794 1792 sit,
1825 1746 1868 1786 in
1899 1747 1989 1800 qui-

188 1819 224 1846 2⁵
239 1812 314 1851 hus
345 1815 414 1851 aut
442 1816 610 1853 naturae
641 1825 782 1852 rerum
813 1816 882 1852 aut
910 1809 1122 1851 facultates
1153 1813 1457 1862 comparantur.
1516 1809 1589 1849 ΙΙΙ.
1637 1809 1677 1850 8.
1728 1808 1771 1850 C.
1802 1810 1846 1849 F.
1891 1809 1989 1850 Om-

237 1872 409 1914 nibusne
453 1874 579 1928 igitur
624 1889 677 1915 ex
720 1873 807 1915 istis
838 1873 939 1915 locis
973 1877 1215 1927 argumenta
1245 1873 1492 1913 sumemus?
1544 1871 1588 1911 C.
1630 1872 1674 1912 P.
1723 1872 1856 1912 Immo
1885 1884 1987 1913 vero

238 1935 512 1977 scrutabimur
543 1941 583 1978 et
612 1950 857 1992 quaeremus
889 1950 941 1977 cx
972 1933 1190 1985 omnibus3
1239 1936 1311 1975 sed
1342 1933 1631 1975 adhibebimus
1672 1932 1897 1982 iudicium,
1942 1939 1989 1974 ut

236 1998 345 2041 levia
373 2012 537 2055 semper
567 1999 801 2048 eiiciamus,
853 2011 1149 2053 nonnunquam
1189 1998 1313 2038 etiam
1343 1998 1581 2038 communia
1610 1997 1987 2051 praetermittamus

240 2066 280 2102 et
309 2074 391 2102 non
420 2064 663 2104 necessaria.
727 2064 770 2104 C.
802 2063 847 2102 F.
897 2060 1102 2110 Quoniam
1134 2063 1184 2102 de
1215 2059 1294 2101 fide
1326 2060 1600 2116 respondisti,
1634 2061 1731 2100 volo
1762 2060 1905 2100 audire
1937 2061 1988 2100 de

190 2137 226 2164 ³0
240 2128 368 2164 motu.
430 2124 472 2165 C.
503 2126 548 2165 P.
595 2127 705 2166 Loco
738 2129 783 2165 tu
815 2123 982 2178 quidem
1015 2123 1200 2177 quaeriS,
1236 2122 1309 2164 sed
1338 2123 1500 2176 planius
1536 2121 1647 2177 quod
1672 2123 1735 2163 vis
1765 2120 1989 2176 explicabi-

239 2191 329 2235 tur,
363 2200 453 2227 cum
484 2186 535 2228 ad
565 2188 763 2228 orationis
792 2187 921 2240 ipsius
952 2185 1323 2241 quaestionumque
1353 2185 1559 2227 rationem
1591 2198 1759 2227 venero.

347 2250 387 2291 9.
439 2250 482 2291 C.
515 2252 560 2291 F.
612 2249 722 2301 Quid
752 2249 940 2305 sequitur
969 2248 1123 2303 igitur?
1171 2249 1215 2289 C.
1248 2251 1293 2290 P.
1337 2250 1439 2291 Cum
1468 2248 1704 2297 inveneris,
1748 2248 1985 2299 collocare;

329 2402 363 2433 2.
389 2403 662 2434 controversiam
687 2410 829 2434 causam
855 2401 920 2433 Gu.
939 2425 948 2440 ‚
974 2402 1246 2433 controversiam
1273 2404 1305 2432 et
1329 2409 1474 2432 causam
1500 2398 1587 2432 Cod.
1609 2408 1699 2432 unus
1719 2399 1840 2431 Lamb.
1857 2424 1866 2440 ‚
1894 2399 1987 2432 unde

240 2449 319 2481 hic:
347 2451 620 2481 controversiam
644 2459 702 2481 seu
728 2457 882 2480 causam.
913 2465 951 2471 -
982 2447 1016 2480 3.
1041 2449 1194 2488 primum
1218 2449 1326 2489 iyitur
1351 2448 1504 2478 invenire
1528 2452 1577 2479 est
1602 2447 1643 2478 V.
1671 2445 1728 2488 (Ut
1752 2456 1814 2478 nos
1830 2470 1839 2484 ‚
1866 2445 1924 2487 R.)
1951 2461 1991 2470 -

238 2495 273 2527 [ι.
299 2496 379 2528 velit
407 2496 482 2527 RV.
511 2511 551 2517 —
577 2497 610 2528 5.
638 2497 764 2528 animis
790 2504 908 2527 eorum
932 2495 982 2527 V:
1012 2504 1131 2526 eorum
1155 2495 1281 2526 animis
1307 2494 1379 2526 RE.
1411 2511 1448 2516 —
1475 2494 1509 2525 7.
1538 2495 1580 2525 In
1607 2493 1691 2532 RV,
1717 2493 1867 2526 Lamb.:
1906 2495 1988 2532 Eos,

238 2543 277 2572 *in
302 2542 340 2573 E.
372 2560 409 2565 —
438 2542 493 2574 12.
519 2551 646 2584 =qenera
671 2547 748 2574 sunt
774 2543 853 2574 RV:
880 2546 963 2573 sunt
987 2550 1116 2583 genera
1142 2542 1182 2574 E.
1210 2556 1250 2564 -
1278 2541 1333 2573 17.
1363 2549 1448 2581 quae
1474 2542 1550 2573 iure
1576 2541 1690 2582 infixa
1715 2541 1765 2579 R,
1793 2550 1882 2581 quae
1907 2541 1990 2572 ‘iura

240 2589 350 2630 infima
374 2589 457 2628 Yv,
485 2589 576 2621 unde
602 2590 727 2622 Brutus
752 2589 1018 2629 suspicabatur:
1063 2597 1152 2629 quae
1175 2593 1310 2620 natura
1334 2588 1457 2629 infima.
1499 2605 1537 2611 —
1580 2587 1663 2619 Post
1697 2596 1750 2620 vv.
1778 2587 1879 2619 rebus
1903 2588 1990 2627 ipsis

241 2640 320 2667 ante
346 2636 428 2668 Ern.
456 2635 692 2668 inculcabatur
717 2636 811 2669 locus
838 2645 877 2668 ex
903 2636 993 2675 Top.
1028 2636 1072 2672 2.,
1099 2635 1133 2667 8.
1172 2637 1206 2667 in
1233 2635 1479 2674 compendium
1506 2634 1690 2667 redactus:
1732 2638 1805 2665 tum
1831 2642 1875 2666 ex
1900 2637 1987 2672 toto,

242 2685 313 2712 tum
337 2691 379 2714 ex
404 2683 586 2722 partibus,
629 2688 703 2714 tum
733 2692 774 2714 ex
799 2684 980 2715 notatione
996 2706 1004 2720 ,
1044 2687 1118 2714 tum
1142 2691 1184 2714 ex
1209 2683 1251 2713 iis
1277 2682 1400 2719 rebus,
1427 2690 1515 2722 quae
1540 2681 1692 2721 quodam
1715 2680 1819 2712 modo
1845 2679 1990 2722 affectae

242 2731 321 2759 sunt
350 2728 396 2759 ad
421 2730 476 2767 id,
505 2729 545 2759 de
570 2738 635 2770 quo
660 2730 865 2769 quaeritur,
893 2733 923 2761 et
948 2730 994 2761 ad
1019 2730 1055 2760 id
1081 2733 1212 2765 totum,
1241 2729 1282 2759 de
1306 2737 1373 2769 quo
1400 2729 1605 2765 disseritur,
1648 2732 1722 2759 tum
1747 2727 1902 2769 definitio
1930 2728 1991 2758 ad-

243 2775 391 2808 hibetur.
432 2780 505 2807 tum
534 2778 692 2815 partium
727 2778 962 2810 enumeratio,
1010 2779 1082 2807 tum
1117 2776 1254 2807 notatio
1291 2776 1398 2809 verbi.
1447 2775 1504 2806 EJ:
1527 2776 1571 2805 iis
1596 2777 1710 2806 autem
1733 2774 1860 2810 rebus,
1905 2782 1992 2813 quae

244 2822 518 2863 quodamynodo
545 2823 684 2864 affectae
708 2826 788 2853 sunt
813 2822 859 2853 ad
883 2824 941 2858 id,
983 2823 1023 2853 de
1058 2831 1125 2862 quo
1163 2822 1368 2862 quaeritur,
1411 2822 1484 2853 alia
1521 2822 1714 2861 coniugyata
1751 2821 1988 2860 appellantur,

244 2867 316 2897 alia
341 2876 381 2899 ew
404 2877 545 2909 ywere,
574 2869 646 2900 alia
671 2878 711 2900 em
736 2868 849 2908 forma
866 2893 873 2904 ,
902 2870 976 2900 alia
1003 2878 1044 2900 ea:
1068 2869 1317 2905 similitudine,
1346 2869 1420 2899 alia
1446 2877 1487 2899 ecc
1511 2868 1726 2909 differentia,
1754 2867 1828 2899 alia
1852 2876 1894 2900 eoe
1914 2876 1992 2898 con-

246 2914 377 2951 trario,
421 2915 493 2946 alia
519 2923 560 2945 ex
586 2916 798 2952 coniunctis,
833 2916 907 2947 alia
932 2926 974 2947 ex
999 2916 1275 2947 antecedentibus
1292 2940 1299 2953 ,
1342 2916 1415 2946 alia
1441 2923 1482 2945 ea:
1508 2914 1810 2954 consequentibus,
1851 2914 1925 2945 alia
1950 2923 1992 2945 ea:

245 2962 512 2998 repugnantibus
529 2986 537 2998 ,
577 2962 650 2992 alia
677 2971 720 2992 ea>
747 2964 858 2993 causis
875 2986 883 2997 ,
924 2963 997 2994 alia
1032 2971 1073 2993 ea:
1099 2963 1239 3005 effectis,
1276 2962 1350 2994 alia
1376 2970 1418 2993 eae
1443 2963 1705 3000 comparatione
1728 2962 1901 2992 maiorum
1927 2963 1991 2992 aut

242 3007 382 3044 parium
416 3011 475 3038 aut
510 3010 696 3039 minorum.
747 3009 878 3040 Horum
906 3018 958 3042 vv.
988 3018 1135 3049 «pars»,
1176 3013 1214 3040 ut
1239 3009 1342 3041 refert
1369 3008 1447 3039 Ern.
1467 3031 1475 3045 ,
1517 3007 1614 3038 abest
1641 3016 1658 3039 a
1685 3008 1736 3044 B,
1777 3007 1920 3045 eadem,
1955 3008 1990 3038 ni

248 3051 368 3088 fallor,
396 3062 483 3092 quae
510 3057 542 3085 in
570 3055 596 3086 R
623 3055 767 3092 desunt,
796 3057 829 3086 in
855 3056 896 3087 V.
918 3057 1060 3096 margini
1088 3056 1265 3087 dumtaxat
1290 3055 1463 3094 adscripta
1490 3059 1591 3085 sunt:
1620 3054 1694 3085 alia
1718 3063 1760 3086 ex
1785 3053 1898 3094 forma
1917 3070 1930 3076 -
1947 3070 1991 3076 --

248 3098 322 3128 alia
349 3106 389 3127 ea:
414 3101 617 3132 coniunctis.
661 3102 822 3133 Ceterum
850 3103 1154 3141 interpolationem
1173 3102 1416 3134 animadvertit
1434 3104 1500 3133 iam
1519 3100 1640 3132 Lamb.
1664 3118 1704 3123 —
1730 3101 1786 3132 20.
1816 3104 1855 3131 ut
1872 3108 1991 3131 earum

249 3143 314 3175 Gu.
343 3144 422 3175 RV:
450 3151 510 3177 aut
537 3156 655 3177 earum
680 3148 719 3180 E.
751 3164 785 3169 —
815 3149 870 3181 26.
898 3149 975 3180 istis
1002 3148 1068 3180 Gu.
1097 3149 1181 3181 RV:
1220 3149 1270 3179 his
1299 3149 1337 3180 E.
1365 3164 1408 3169 -
1448 3148 1503 3179 28.
1531 3147 1710 3179 eiiciamus
1734 3147 1821 3179 RV:
1856 3148 1991 3178 reiicia-

245 3199 322 3221 onus
346 3190 384 3221 E.
414 3189 481 3223 Cir.
512 3192 552 3224 de
579 3193 674 3224 Orat.
700 3195 743 3231 2,
771 3192 807 3234 §.
837 3197 915 3227 102.
952 3211 993 3218 --
1033 3204 1286 3236 nonnunquam
1311 3195 1416 3225 etiam
1439 3194 1761 3234 praetermittamus
1784 3201 1855 3225 non
1877 3201 1990 3224 neces-

245 3236 346 3267 saria
371 3235 453 3276 (om.
481 3246 532 3270 vv.
560 3241 750 3272 communia
775 3245 880 3282 atque
908 3240 951 3282 et)
990 3241 1057 3273 Gu.
1087 3242 1159 3275 Rv.
1188 3242 1385 3274 schutzius.
1428 3258 1465 3263 -—
1509 3241 1564 3272 30.
1606 3239 1696 3271 Loco
1722 3245 1760 3272 tu
1786 3240 1922 3280 quidem
1945 3239 1988 3279 R,

244 3282 394 3317 Lamb.:
424 3283 473 3315 Τιι
498 3284 569 3316 loco
596 3287 731 3326 quidem
755 3288 808 3327 V,
836 3289 925 3320 Loco
952 3289 1088 3330 quidem
1114 3287 1196 3334 (om.
1226 3288 1275 3330 tu)
1302 3289 1343 3321 E.
1373 3305 1409 3311 —
1435 3287 1571 3328 plenius
1597 3287 1700 3318 YRV.
