2117 3762
248 264 330 307 368
1019 254 1220 298 BRUTUS

248 369 413 427 sophia,
446 382 469 410 a
494 369 589 409 iure
621 362 753 410 civili,
798 361 848 401 ab
879 358 1051 400 historia
1079 359 1225 400 fuisset
1253 356 1509 399 instructior.
1569 355 1714 396 XLIV.
1748 356 1841 395 162.
1883 354 1998 402 Erit,

246 433 379 488 inquit
406 434 579 476 Brutus,
612 431 682 467 aut
710 423 790 464 iam
821 426 883 463 est
911 422 1011 468 iste,
1044 433 1168 475 quem
1198 421 1436 474 exspectas?
1468 417 1643 463 Nescio,
1674 417 1856 470 inquam.
1917 417 1999 457 Sed

248 500 310 536 est
339 495 460 536 etiam
490 494 536 532 L.
562 485 697 529 Crassi
727 487 770 526 in
800 483 1016 526 consulatu
1044 495 1120 537 pro
1154 482 1203 531 Q.
1234 483 1440 536 Caepione
1472 479 1712 521 defensione
1743 479 1881 519 iuncta
1909 491 1995 520 non

248 556 389 599 brevis
426 559 472 595 ut
509 550 709 596 laudatio,
756 552 802 588 ut
841 545 972 587 oratio
1003 550 1140 586 autem
1178 544 1339 594 brevis;
1390 549 1600 598 postrema
1630 539 1812 582 censoris
1843 541 1998 588 oratio,

219 633 329 676 ⁵qua
358 632 464 660 anno
496 609 980 665 duodequinquagesimo
1011 620 1111 648 usus
1143 610 1218 646 est.
1278 607 1326 646 In
1362 606 1425 646 his
1462 605 1655 647 omnibus
1694 603 1801 644 inest
1836 601 2005 657 quidam

250 683 337 724 sine
368 680 450 721 ullo
481 677 576 718 suco
608 671 793 716 veritatis
825 672 957 712 color.
1020 669 1130 718 Quin
1160 666 1283 708 etiam
1313 668 1629 723 comprehensio
1661 671 1702 707 et
1730 666 1909 706 ambitus
1939 663 2008 705 ille

249 746 473 786 verborum
520 736 566 792 (si
596 736 654 778 sic
694 738 893 791 περίοδον
939 731 1141 787 appellari
1171 730 1322 785 placet)
1363 737 1449 771 erat
1487 732 1595 786 apud
1624 729 1740 771 illum
1771 732 2008 770 contractus

251 813 291 849 et
321 804 477 848 brevis,
525 806 566 842 et
594 801 638 840 in
669 800 857 840 membra
888 797 1114 853 quaedam,
1163 806 1267 849 quae
1304 794 1421 834 κῶλα
1456 792 1602 834 Graeci
1632 796 1798 840 vocant,
1848 790 2010 844 disper-

251 867 376 911 tiebat
406 864 638 907 orationem
668 861 892 904 lubentius.
957 861 1051 900 163.
1101 858 1192 898 Hoc
1232 855 1324 896 loco
1363 858 1533 902 Brutus,
1587 853 1935 910 Quandoquidem
1963 858 2011 894 tu

198 946 234 971 10
249 934 350 973 istos
381 934 594 976 oratores,
627 926 785 980 inquit,
817 928 930 964 tanto
963 933 1092 976 opere
1122 918 1287 967 laudas3
1321 917 1473 959 vellem
1503 917 1657 974 aliquid
1686 918 1866 959 Antonio
1891 929 2011 971 prae-

251 1000 315 1035 ter
344 992 460 1034 illum
491 992 543 1032 de
575 990 739 1031 ratione
770 984 934 1029 dicendi
965 996 1063 1025 sane
1094 980 1244 1022 exilem
1275 978 1480 1029 libellum,
1512 980 1629 1035 plura
1655 981 1803 1023 Crasso
1824 981 2012 1023 libuisset

250 1058 454 1106 scribere3
502 1066 595 1094 cum
641 1052 749 1092 enim
796 1046 989 1090 omnibus
1035 1042 1281 1086 memoriam
1327 1043 1410 1090 sui,
1452 1047 1539 1082 tum
1585 1043 1708 1084 etiam
1754 1043 2012 1098 disciplinam

249 1120 413 1162 dicendi
450 1114 571 1159 nobis
610 1113 888 1169 reliquissent.
946 1111 1050 1150 Nam
1093 1106 1314 1148 Scaevolae
1352 1103 1516 1145 dicendi
1555 1105 1799 1159 elegantiam
1830 1107 1926 1148 satis
1957 1119 2013 1147 ex

249 1184 299 1225 iis
330 1180 616 1227 orationibus,
657 1190 758 1233 quas
786 1174 974 1228 reliquit,
1015 1172 1220 1212 hahemus
1250 1167 1472 1222 cognitam.
1537 1168 1630 1209 1614.
1677 1170 1730 1208 Et
1763 1182 1865 1224 ego,
1911 1167 2013 1211 Mihi

199 1258 235 1283 1⁵
251 1245 417 1301 quidem
449 1258 472 1284 a
501 1239 678 1298 pueritia
708 1238 825 1293 quasi
856 1237 1055 1289 magistra
1084 1231 1184 1279 suit,
1224 1230 1417 1286 inquam,
1457 1229 1525 1271 illa
1555 1231 1598 1271 in
1627 1229 1762 1285 legem
1793 1230 2012 1285 Caepionis

251 1308 411 1352 oratio:
444 1308 487 1348 in
517 1318 598 1360 qua
628 1309 669 1344 et
698 1298 921 1342 auctoritas
952 1300 1125 1339 ornatur
1154 1299 1340 1342 senatuS‚
1371 1306 1453 1348 quo
1483 1307 1561 1346 pro
1595 1294 1741 1334 ordine
1770 1293 1838 1335 illa
1869 1293 2013 1335 dicun-

251 1377 342 1421 tur,
376 1376 417 1412 et
445 1365 600 1410 invidia
629 1363 861 1406 concitatur
890 1361 933 1400 in
953 1357 1139 1400 iudicum
1161 1363 1202 1398 et
1221 1357 1263 1396 in
1285 1361 1575 1397 accusatorum
1596 1354 1838 1405 factionem,
1871 1360 2014 1397 contra

251 1446 427 1491 quorum
457 1427 684 1486 potentiam
714 1423 968 1481 populariter
997 1426 1084 1463 tum
1115 1417 1334 1461 dicendum
1360 1416 1452 1459 fuit.
1514 1417 1654 1459 Multa
1674 1418 1715 1459 in
1737 1419 1805 1460 illa
1825 1420 2013 1460 oratione

253 1497 453 1552 graviter,
503 1493 632 1534 multa
660 1488 836 1536 leniter,
885 1484 1014 1527 multa
1043 1496 1209 1539 aspere,
1255 1480 1382 1522 multa
1421 1480 1555 1522 facete
1586 1480 1695 1523 dicta
1725 1487 1842 1523 sunt:
1895 1480 2014 1535 plura

202 1575 239 1602 20
254 1562 376 1602 etiam
415 1558 524 1598 dicta
562 1566 685 1609 quam
725 1549 898 1605 scripta,
945 1548 1057 1603 quod
1096 1560 1148 1587 ex
1185 1544 1431 1600 quibusdam
1474 1542 1675 1599 capitibus
1706 1543 1906 1599 expositis
1936 1557 2014 1584 nec

253 1621 465 1679 explicatis
494 1615 670 1669 intelligi
700 1618 850 1669 potest.
910 1612 1004 1666 Ipsa
1033 1608 1103 1649 illa
1135 1608 1322 1648 censoria
1354 1612 1498 1648 contra
1528 1608 1602 1649 Cn.
1632 1607 1858 1648 Domitium
1889 1605 2015 1647 colle-

253 1700 346 1741 gam
377 1698 460 1726 non
490 1686 552 1723 est
583 1679 737 1725 oratio,
779 1677 849 1717 sed
881 1673 999 1730 quasi
1031 1670 1167 1727 capita
1197 1683 1339 1711 rerum
1372 1675 1413 1711 et
1443 1669 1641 1711 orationis
1672 1669 2014 1711 commentarium

252 1749 393 1804 paullo
437 1743 610 1802 plenius.
670 1738 789 1781 Nulla
834 1743 895 1778 est
939 1734 1049 1777 enim
1091 1734 1304 1774 altercatio
1350 1730 1600 1773 clamoribus
1646 1746 1827 1788 unquam
1873 1729 2014 1773 habita

251 1810 494 1853 maioribus.
556 1806 648 1847 165.
693 1805 745 1843 Et
782 1814 884 1843 vero
923 1797 1002 1840 fuit
1039 1798 1083 1837 in
1113 1796 1192 1837 hoc
1221 1796 1342 1836 etiam
1373 1794 1586 1850 popularis
1619 1794 1744 1836 dictio
1777 1793 2014 1836 excellens:

204 1889 241 1915 2⁵
254 1874 419 1918 Antonii
450 1883 577 1926 genus
609 1864 771 1909 dicendi
800 1864 932 1905 multo
963 1862 1097 1916 aptius
1128 1859 1290 1900 iudiciis
1321 1871 1445 1912 quam
1477 1856 1758 1899 contionibus.

365 1935 491 1977 XLV.
537 1933 629 1973 Hoc
658 1929 749 1971 loco
781 1929 916 1982 ipsum
946 1923 1175 1965 Domitium
1205 1934 1289 1962 non
1319 1920 1527 1974 relinquo.
1589 1922 1691 1961 Nam
1722 1919 1798 1962 etsi
1827 1934 1910 1962 non
1939 1918 2015 1962 fuit

253 2002 297 2042 in
329 2003 543 2041 oratorum
572 2006 771 2039 numero,
817 1994 955 2029 tamen
985 1999 1095 2041 pono
1130 1984 1226 2024 satis
1257 1983 1300 2023 in
1331 1996 1380 2024 eo
1410 1981 1538 2023 fuisse
1569 1982 1770 2023 orationis
1799 1989 1921 2039 atque
1950 1982 2015 2024 in-

254 2062 390 2119 genii,
440 2072 523 2115 quo
555 2062 596 2098 et
624 2053 884 2110 magistratus
915 2062 1137 2105 personam
1168 2051 1208 2087 et
1237 2044 1495 2087 consularem
1527 2043 1765 2097 dignitatem
1800 2050 2010 2086 tueretur:

255 2127 368 2182 quod
396 2122 506 2165 idem
539 2119 588 2161 de
621 2121 665 2161 C.
696 2115 834 2159 Caelio
866 2112 1070 2159 dixerim,
1104 2108 1347 2150 industriam
1378 2106 1421 2147 in
1452 2120 1502 2148 eo
1533 2120 1734 2148 summam
1755 2108 1882 2149 fuisse
1905 2122 2016 2150 sum-

207 2201 243 2228 30
256 2200 426 2242 masque
456 2185 653 2229 virtutes,
686 2177 945 2233 eloquentiae
976 2178 1156 2220 tantum,
1190 2171 1302 2224 quod
1333 2175 1441 2210 esset
1470 2171 1512 2210 in
1531 2171 1658 2211 rebus
1680 2170 1849 2224 privatis
1870 2171 2015 2212 amicis

257 2252 371 2299 eius,
404 2250 447 2290 in
476 2260 523 2288 re
551 2242 717 2300 publica
746 2241 877 2294 ipsius
908 2234 1098 2291 dignitati
1127 2233 1237 2276 satis.
1299 2234 1391 2276 166.
1437 2234 1595 2273 Eodem
1626 2238 1815 2288 tempore
1846 2236 1901 2275 Μ,
1932 2235 2015 2275 He-

256 2311 424 2356 rennius
467 2309 510 2351 in
550 2303 832 2349 mediocribus
875 2297 1109 2342 oratoribus
1149 2296 1291 2336 Latine
1325 2300 1367 2335 et
1396 2293 1613 2349 diligenter
1643 2295 1910 2350 loquentibus
1940 2309 2015 2337 nu-

256 2380 437 2418 meratus
468 2376 550 2413 est:
585 2368 656 2424 qui
684 2373 821 2409 tamen
853 2376 1012 2406 summa
1042 2358 1258 2401 nobilitate
1288 2357 1528 2406 hominem,
1562 2357 1832 2411 cognatione,
1865 2358 2014 2400 sodali-

257 2445 361 2488 tate,
408 2432 608 2488 collegio,
656 2442 814 2472 summa
858 2427 982 2467 etiam
1027 2421 1289 2478 eloquentia,
1336 2423 1381 2461 L.
1422 2422 1657 2475 Philippum
1698 2422 1740 2462 in
1779 2420 2014 2463 consulatus

208 2522 244 2549 ³⁵
257 2499 455 2558 petitione
486 2494 710 2551 superavit.
767 2491 926 2532 Eodem
957 2493 1145 2540 tempore
1177 2487 1220 2527 C.
1249 2483 1462 2531 Claudius,
1507 2483 1584 2524 etsi
1611 2489 1785 2539 propter
1813 2497 2014 2526 summam

257 2561 514 2606 nobilitatem
546 2562 586 2599 et
616 2556 864 2609 singularem
895 2551 1123 2607 potentiam
1152 2559 1326 2601 magnus
1357 2551 1467 2596 erat,
1499 2551 1635 2587 tamen
1665 2547 1788 2589 etiam
1815 2548 2015 2603 eloquen-

258 2629 339 2669 tiae
370 2624 577 2681 quandam
606 2618 935 2660 mediocritatem
964 2610 1177 2654 afferebat.
1242 2611 1333 2650 167.
1363 2608 1560 2650 Eiusdem
1588 2608 1678 2650 fere
1707 2610 1906 2665 temporis
1936 2609 2015 2651 fuit

259 2702 386 2746 eques
414 2690 624 2729 Romanus
655 2684 698 2724 C.
727 2680 882 2727 Titius,
929 2677 999 2730 qui
1038 2688 1130 2716 meo
1167 2671 1322 2714 iudicio
1354 2685 1405 2713 eo
1436 2672 1672 2726 pervenisse
1700 2671 1887 2721 videtur,
1928 2686 2012 2728 quo

258 2751 392 2808 potuit
420 2749 508 2791 fere
539 2746 708 2788 Latinus
741 2747 883 2783 orator
912 2738 1001 2780 sine
1034 2737 1201 2778 Graecis
1236 2734 1382 2775 litteris
1414 2739 1454 2775 et
1483 2735 1571 2775 sine
1602 2734 1730 2776 multo
1761 2750 1840 2777 usu
1867 2749 2014 2789 perve-

210 2834 246 2861 40
259 2817 366 2857 nire.
426 2811 560 2854 Huius
591 2806 800 2849 orationes
831 2807 986 2845 tantum
1016 2799 1292 2853 argutiarum,
1324 2800 1481 2837 tantum
1512 2797 1821 2852 exemplorum,
1854 2803 2014 2840 tantum

259 2873 505 2920 urbanitatis
541 2869 719 2916 habent,
766 2871 812 2908 ut
847 2878 979 2919 paene
1009 2862 1146 2903 Attico
1176 2859 1268 2902 stilo
1299 2861 1474 2913 scriptae
1504 2872 1593 2900 esse
1624 2861 1855 2902 videantur.
1914 2863 2014 2902 Eas-

261 2940 355 2982 dem
386 2936 564 2992 argutias
594 2934 636 2974 in
667 2929 900 2984 tragoedias
931 2925 1026 2967 satis
1055 2924 1124 2966 ille
1166 2923 1332 2978 quidem
1370 2926 1512 2971 acute,
1563 2925 1634 2964 sed
1674 2936 1819 2978 parum
1856 2923 2013 2977 tragice

264 2999 2014 3023 ff*—

353 3048 388 3078 2.
414 3047 545 3078 Brutus
580 3041 658 3073 libri
694 3038 874 3079 plerique:
906 3034 958 3067 M.
977 3034 1110 3065 Brutus
1134 3032 1195 3071 Lg.
1222 3031 1279 3063 51.
1307 3030 1364 3063 58.
1401 3029 1466 3062 Gu.
1494 3030 1527 3061 2.
1562 3030 1686 3063 Dresd.
1712 3031 1802 3064 Ven.
1829 3033 1862 3063 2.
1891 3031 2009 3064 ottob.

262 3095 340 3127 Vat.
368 3094 441 3124 RE.
480 3105 522 3115 -
559 3086 635 3128 aut]
663 3095 712 3118 an
737 3084 955 3123 Heusingero
982 3086 1123 3112 auctore
1150 3078 1345 3110 Schutzius.
1374 3075 1442 3108 err.
1473 3077 1575 3109 Hand
1610 3078 1711 3110 Turs.
1736 3078 1766 3110 Ι.
1800 3087 1834 3118 ρ.
1861 3079 1941 3110 551.
1970 3094 2008 3101 -

262 3142 295 3174 3.
321 3140 516 3182 defensione
540 3145 609 3169 om.
636 3135 680 3166 D.
710 3149 746 3156 —
785 3131 820 3163 7.
847 3127 1026 3173 περίοδον
1052 3135 1132 3159 nos:
1157 3124 1343 3164 periodum
1368 3131 1446 3155 cum
1472 3124 1567 3156 libris
1593 3125 1631 3156 E.
1660 3141 1704 3146 —-
1737 3124 1771 3156 8.
1797 3123 1901 3157 κῶλα
1925 3132 2008 3156 nos:

263 3188 342 3220 cola
367 3194 446 3218 cum
470 3185 565 3217 libris
594 3183 635 3215 E.
668 3195 702 3202 -
743 3178 799 3211 13.
825 3185 867 3208 em
889 3175 946 3213 iis]
972 3175 1015 3205 iis
1049 3175 1109 3214 Lg.
1137 3171 1172 3203 8.
1199 3170 1256 3202 35.
1284 3172 1340 3203 56.
1381 3171 1466 3204 Ven.
1495 3173 1527 3202 1.
1557 3171 1677 3203 Ottob.
1721 3170 1804 3212 (om.
1830 3179 1873 3203 ew
1895 3171 1939 3202 iis
1965 3170 2008 3202 D.

263 3235 333 3267 Gu.
360 3234 393 3264 1.
420 3233 452 3263 2.
481 3230 618 3265 Dresd.)
646 3243 687 3250 -·
723 3226 780 3257 24.
807 3225 910 3256 etiam
937 3221 1013 3252 libri
1040 3227 1160 3253 omnes
1187 3223 1220 3250 et
1244 3218 1296 3249 R:
1333 3222 1365 3250 et
1389 3217 1512 3250 Lamb.
1541 3219 1582 3250 E.
1612 3233 1651 3241 —
1690 3217 1747 3250 35.
1776 3218 1812 3250 C,
1842 3216 2011 3249 Claudius

264 3290 343 3314 cum
368 3279 476 3310 Fastis
504 3277 614 3316 Capit.
643 3272 719 3316 (sed
745 3266 928 3311 suppletis)
954 3277 985 3300 a.
1014 3277 1050 3299 u.
1078 3276 1108 3299 c.
1137 3264 1216 3297 661.
1242 3264 1385 3307 Meyer:
1426 3265 1462 3296 C.
1491 3264 1633 3297 Clodius
1652 3273 1728 3296 cum
1749 3263 1842 3295 libris
1866 3263 1939 3295 RE.
1966 3280 2012 3286 -.

263 3328 322 3360 42.
348 3326 404 3357 ille
429 3323 566 3364 quidem
590 3323 650 3360 Lg.
677 3320 734 3352 35.
759 3320 803 3350 D.
831 3317 896 3349 Gu.
925 3319 1093 3355 uterque,
1119 3313 1162 3344 R.
1191 3311 1295 3343 Sch.:
1340 3311 1476 3352 quidem
1506 3312 1564 3343 ille
1599 3320 1678 3345 cum
1707 3310 1788 3343 Asc.
1817 3310 1941 3343 Lamb.
1966 3310 2008 3343 Ε.

265 3373 343 3417 (iste
367 3371 503 3414 quidem
528 3371 587 3410 Lg.
613 3369 693 3408 20„
719 3366 824 3400 ceteri
850 3362 1000 3406 (praeter
1025 3361 1099 3402 35.)
1127 3361 1288 3399 corrupte
1312 3358 1365 3392 ica
1390 3356 1554 3400 quidem.)
