2117 3762
741 220 840 261 LIB.
880 220 947 262 lv.
1006 221 1049 263 C.
1084 222 1123 263 7.
1159 224 1196 267 8.
1230 225 1267 267 9.
1825 235 1875 275 55

127 329 358 384 pulsassent
390 325 568 381 aliquem
598 331 668 366 aut
705 330 915 381 postremo
954 334 1190 375 necassent,
1238 331 1422 371 maxima
1462 334 1660 387 supplicia
1697 336 1874 379 maiores

128 387 493 445 consumpserunt,
526 390 618 430 huic
650 389 998 431 truculentissimo
1029 405 1074 430 ac
1107 391 1264 433 nefario
1295 392 1467 434 facinori
1497 395 1744 449 singularem
1776 411 1874 452 poe-

126 467 219 496 nam
267 453 533 508 reliquerunt.
608 454 740 505 Atque
774 451 814 492 in
856 452 945 493 aliis
992 455 1203 494 maleficiis
1242 454 1292 496 ad
1324 456 1508 508 singulos
1539 463 1609 497 aut
1639 460 1689 499 ad
1721 472 1873 514 paucos

126 529 178 558 ex
209 517 345 556 alieno
376 520 544 570 peccato
575 512 721 554 iniuria
752 517 967 568 pervenit;
1003 516 1124 557 huius
1156 518 1324 558 sceleris
1355 518 1423 572 qui
1455 524 1549 559 sunt
1579 518 1745 568 affines,
1789 536 1871 562 uno

126 580 299 622 consilio
330 578 532 620 universis
565 576 723 617 civibus
754 579 1032 619 atrocissimas
1064 578 1314 620 calamitates
1344 581 1644 622 machinantur.
1707 584 1740 622 Ο
1763 581 1902 626 seross

124 643 308 685 animos!
353 655 377 680 0
411 640 597 680 crudeles
628 638 926 691 cogitationesl
977 655 999 681 0
1032 639 1251 681 derelictos
1283 643 1472 683 homines
1504 645 1555 684 ab
1587 645 1869 687 humanitate!

125 707 194 761 qui
225 706 265 746 id
295 716 416 757 agere
449 701 535 742 ausi
567 708 660 742 sunt
681 707 749 742 aut
771 704 950 757 cogitare
971 709 1221 758 potuerunt,
1255 717 1336 756 quo
1358 710 1478 759 pacto
1500 706 1666 755 hostes,
1700 708 1872 750 revulsis

123 769 325 810 maiorum
355 764 611 817 sepulchris,
653 764 823 805 deiectis
854 766 1089 812 moenibus,
1136 772 1304 806 ovantes
1336 767 1538 808 irruerent
1567 767 1609 810 in
1640 770 1869 820 civitatem3

122 842 205 886 quo
235 829 358 869 modo
392 829 515 868 deum
546 828 707 881 templis
737 829 946 882 spoliatis,
988 829 1252 882 optimatibus
1284 831 1493 872 trucidatis
1512 863 1523 880 ,
1570 832 1660 874 aliis
1690 835 1871 890 abreptis

122 894 163 933 in
194 891 459 936 servitutem,
507 888 883 931 matribusfamilias
914 895 954 931 et
983 891 1172 944 ingenuis
1205 889 1279 932 sub
1309 892 1499 933 hostilem
1531 893 1743 938 libidinem
1775 899 1871 939 sub-
1885 913 1919 938 ιο

120 954 236 995 iectis
254 983 264 1001 ,
297 953 396 992 urbs
426 952 694 992 acerbissimo
726 953 916 993 concidat
945 951 1135 993 incendio
1159 955 1432 1006 conflagrata;
1467 957 1536 1010 qui
1558 971 1601 998 se
1622 971 1706 1000 non
1727 965 1871 1014 putant

120 1018 186 1065 id,
234 1015 346 1070 quod
374 1014 603 1060 voluerint,
656 1015 707 1053 ad
749 1013 905 1054 exitum
946 1014 1219 1070 perduxisse,
1270 1017 1350 1056 nisi
1390 1018 1668 1061 sanctissimae
1711 1023 1869 1075 patriae

120 1078 397 1120 miserandum
437 1075 626 1116 scelerati
665 1077 845 1116 viderint
875 1078 1068 1119 cinerem.
1127 1080 1299 1132 Nequeo
1329 1081 1469 1121 verbis
1499 1082 1722 1137 consequi,
1762 1083 1870 1126 iudi-

120 1156 211 1190 ces,
259 1140 545 1193 indignitatem
591 1138 681 1188 rei;
731 1141 803 1180 sed
848 1141 1124 1194 negligentius
1166 1139 1208 1181 id
1249 1139 1363 1189 fero,
1409 1142 1505 1197 quia
1546 1157 1619 1185 vos
1662 1146 1743 1187 mei
1784 1161 1867 1189 non

112 1203 260 1259 egetis.
317 1204 464 1243 Vester
494 1202 602 1242 enim
633 1214 707 1243 vos
739 1201 897 1243 animus
928 1202 1230 1244 amantissimus
1261 1204 1322 1245 rei
1350 1205 1542 1259 publicae
1563 1205 1682 1248 facile
1703 1210 1864 1259 edocet,
1882 1223 1915 1249 1⁵

117 1274 164 1310 ut
193 1279 316 1314 eum,
351 1263 421 1320 qui
451 1262 637 1305 fortunas
669 1265 852 1305 omnium
883 1264 1061 1306 voluerit
1091 1268 1294 1318 prodere,
1327 1267 1594 1322 praecipitem
1615 1273 1867 1324 proturbetis

118 1346 170 1372 ex
213 1343 262 1371 ea
307 1328 498 1375 civitate,
545 1340 667 1384 quam
707 1328 783 1368 iste
823 1326 1004 1369 hostium
1049 1328 1412 1382 spurcissimorum
1455 1330 1668 1373 dominatu
1710 1333 1867 1377 nefario

117 1391 295 1435 voluerit
325 1392 519 1432 obruere.

228 1455 299 1495 IX.
334 1455 396 1494 13.
428 1455 473 1493 In
503 1451 704 1493 mediocri
735 1450 866 1506 figura
894 1453 1127 1494 versabitur
1157 1455 1314 1503 oratio,
1348 1456 1382 1496 si
1411 1456 1536 1504 haec,
1570 1463 1616 1499 ut
1646 1464 1740 1501 ante
1764 1461 1864 1511 dixi,

117 1517 415 1574 aliquantulum
446 1514 732 1556 demiserimus
763 1529 898 1569 neque
928 1521 1064 1557 tamen
1095 1518 1145 1558 ad
1179 1516 1362 1559 infimum
1394 1520 1750 1569 descenderimus,
1781 1524 1915 1564 sic:2o

118 1582 373 1631 Quibuscum
403 1577 557 1619 bellum
590 1577 793 1628 gerimus,
827 1579 1005 1627 iudices,
1039 1579 1212 1630 videtis;
1247 1595 1339 1622 cum
1370 1583 1521 1632 sociis,
1556 1585 1626 1639 qui
1645 1597 1722 1638 pro
1745 1587 1866 1627 nohis

115 1657 299 1698 pugnare
331 1647 371 1682 et
400 1641 619 1696 imperium
648 1645 833 1681 nostrum
863 1640 1081 1682 nobiscum
1122 1643 1242 1685 simul
1280 1644 1430 1686 virtute
1468 1650 1509 1686 et
1537 1645 1739 1689 industria
1769 1662 1866 1690 cou-

116 1719 280 1748 servare
312 1704 422 1746 soliti
453 1709 560 1744 sunt.
623 1702 677 1743 Hi
709 1716 800 1743 cum
833 1717 875 1744 se
907 1710 945 1745 et
967 1718 1066 1760 opes
1087 1720 1180 1747 suas
1202 1713 1243 1748 et
1263 1708 1424 1762 copiam
1445 1709 1678 1750 necessario
1700 1712 1859 1760 norint,

115 1774 201 1809 tum
230 1781 332 1809 vero
364 1766 492 1807 nihilo
525 1766 660 1806 minus
689 1771 859 1820 propter
887 1768 1236 1823 propinquitatem
1274 1774 1314 1810 et
1343 1771 1528 1811 omnium
1558 1784 1698 1812 rerum
1731 1772 1862 1815 socie-

114 1836 266 1877 tatem,
299 1830 397 1883 quid
427 1830 470 1868 in
501 1826 693 1868 omnibus
725 1830 849 1868 rebus
879 1829 1056 1884 populus
1088 1832 1296 1872 Romanus
1326 1838 1493 1887 posset,
1526 1835 1632 1875 scire
1662 1839 1704 1875 et
1724 1836 1910 1876 existi-2⁵

113 1906 226 1934 mare
256 1896 461 1947 poterant.
523 1889 600 1938 Hi,
634 1903 726 1930 cum
757 1891 1057 1943 deliberassent
1076 1895 1292 1935 nobiscum
1313 1892 1467 1937 bellum
1488 1909 1655 1949 gerere,
1690 1910 1859 1953 quaeso,

114 1968 220 2010 quae
250 1967 315 1995 res
345 1958 454 2001 erat,
489 1965 570 2008 qua
598 1950 692 1992 freti
722 1952 879 1993 bellum
910 1955 1118 2008 suscipere
1142 1961 1415 2005 conarentur,
1450 1971 1543 1999 cum
1573 1959 1701 2000 multo
1732 1961 1862 2001 maxi-

114 2031 223 2059 mam
264 2021 423 2071 partem
467 2017 675 2056 sociorum
712 2014 755 2056 in
801 2014 937 2056 officio
977 2030 1143 2058 manere
1181 2017 1487 2073 intelligerent?
1531 2033 1623 2061 cum
1662 2019 1739 2062 sibi
1777 2036 1862 2062 non

113 2077 416 2121 multitudinem
445 2078 620 2118 militum
640 2108 651 2126 ‚
698 2090 782 2119 non
812 2077 987 2119 idoneos
1016 2079 1314 2135 imperatores,
1356 2095 1441 2122 non
1472 2083 1688 2135 pecuniam
1726 2082 1862 2139 publi-

114 2152 213 2185 cam·
235 2147 398 2196 praesto
432 2153 522 2181 esse
552 2140 773 2180 viderent?
804 2154 888 2182 non
918 2142 1097 2196 denique
1127 2142 1254 2183 ullam
1283 2157 1397 2192 rem,
1432 2158 1537 2200 quae
1568 2159 1633 2187 res
1658 2148 1862 2201 pertineat
1875 2160 1909 2186 ³0

113 2205 165 2247 ad
195 2204 348 2246 bellum
379 2203 776 2244 administrandum?
810 2203 851 2243 Si
884 2215 975 2243 cum
1005 2202 1186 2245 finitimis
1217 2206 1268 2246 de
1298 2204 1448 2247 finibus
1479 2207 1631 2249 bellum
1653 2215 1856 2262 gererent,

114 2269 147 2309 si
178 2272 309 2309 totum
339 2271 547 2307 certamen
583 2266 626 2306 in
671 2278 755 2307 uno
798 2265 959 2321 proelio
1003 2268 1182 2320 positum
1227 2273 1443 2322 putarent,
1491 2275 1628 2312 tamen
1669 2270 1858 2313 omnibus

113 2331 238 2372 rebus
267 2329 551 2370 instructiores
583 2333 624 2369 et
652 2329 933 2384 apparatiores
953 2332 1165 2381 venirent3
1201 2333 1349 2372 nedum
1379 2333 1481 2374 illud
1502 2332 1723 2388 imperium
1746 2336 1857 2376 orbis

113 2398 247 2435 terrae
267 2423 278 2441 ,
324 2391 391 2433 cui
418 2392 593 2447 imperio
626 2405 770 2432 omnes
802 2397 968 2446 gentes,
1017 2406 1162 2447 reges,
1207 2395 1396 2436 nationes
1426 2395 1576 2448 partim
1606 2397 1666 2444 vi,
1711 2398 1857 2452 partim

112 2458 322 2499 voluntate
354 2459 675 2503 concesserunt,
708 2468 801 2495 cum
831 2459 901 2496 aut
930 2455 1053 2496 armis
1083 2460 1152 2497 aut
1180 2454 1424 2499 liberalitate
1452 2471 1476 2498 a
1494 2459 1648 2514 populo
1670 2462 1854 2501 Romano
1870 2471 1903 2498 ³5

113 2520 295 2573 superati
325 2522 488 2566 essent,
535 2518 587 2558 ad
628 2531 670 2558 se
702 2515 922 2558 transferre
954 2518 1120 2558 tantulis
1150 2518 1307 2559 viribus
1338 2526 1599 2561 conarentur.
1676 2522 1855 2570 Quaeret

113 2583 289 2637 aliquis:
337 2579 476 2630 Quid?
519 2579 747 2634 Fregellani
776 2593 859 2621 non
890 2593 963 2621 sua
993 2585 1138 2635 sponte
1170 2582 1305 2622 conati
1336 2585 1458 2623 sunt?
1502 2585 1562 2624 Eo
1593 2583 1757 2638 quidem
1788 2583 1860 2624 istiv

112 2644 246 2686 minus
276 2641 395 2684 facile
428 2648 699 2690 conarentur,
747 2641 859 2697 quod
895 2641 954 2683 illi
994 2644 1342 2697 quemadmodum
1384 2645 1693 2695 discessissent,
1740 2647 1854 2687 vide-

205 2750 238 2782 3.
265 2750 478 2790 reliquerunt
501 2749 525 2781 F
552 2747 601 2788 (id
618 2752 689 2786 est,
727 2749 896 2787 «posteris
923 2757 997 2781 eam
1025 2751 1285 2791 excogitandam
1310 2751 1520 2791 siverunt»):
1547 2762 1616 2784 non
1641 2754 1851 2795 reliquerunt

115 2805 193 2830 cum
221 2799 345 2830 ceteris
373 2797 464 2832 libris
493 2795 517 2826 E
554 2795 627 2835 (sed
666 2795 721 2826 bic
758 2804 828 2826 non
861 2796 1100 2835 reliquerunt?
1143 2807 1220 2830 cum
1256 2802 1418 2840 interrog.
1455 2802 1572 2839 sign0,
1614 2800 1713 2831 aliter
1747 2805 1852 2840 atque

115 2843 250 2881 ceteri.)
269 2861 307 2866 —
334 2843 440 2883 Atqui
466 2841 535 2874 Eri.
563 2842 603 2874 L.
640 2858 680 2864 —
707 2841 741 2873 7.
782 2843 839 2883 qui
862 2843 899 2873 id
923 2851 1010 2874 corr.
1030 2843 1056 2874 P
1082 2847 1116 2875 et
1142 2845 1223 2877 Ern.
1246 2844 1359 2877 Ceteri
1382 2847 1476 2887 quid.
1500 2863 1536 2868 —
1561 2851 1705 2885 possunt
1723 2847 1850 2880 PuFT.

117 2908 155 2914 —
185 2892 239 2923 11.
265 2889 308 2920 V.
337 2889 559 2932 conflayrata
584 2889 656 2921 sine
684 2896 783 2919 causa
811 2890 950 2921 seclusit
977 2890 1019 2921 Ε.
1056 2906 1096 2912 -
1135 2893 1191 2923 15.
1218 2893 1378 2933 indigetis
1405 2893 1431 2923 T
1458 2891 1550 2923 solus
1577 2901 1615 2924 ex
1644 2896 1780 2926 nostris.
1810 2911 1851 2917 —

115 2937 170 2969 17.
199 2938 345 2969 hostium
369 2937 668 2975 spurcissimorum
694 2935 811 2967 PBRT
837 2941 871 2967 et
898 2945 983 2968 corr.
1004 2936 1049 2968 F:
1078 2939 1378 2978 spurcissimorum
1404 2940 1547 2970 hostium
1564 2939 1644 2978 ΑΕ,
1669 2942 1852 2982 spurcissi-

112 2993 246 3017 morum
273 2981 354 3023 (om.
380 2982 540 3021 hostium)
567 2991 618 3021 pr.
638 2981 675 3013 F.
703 2998 745 3003 —
780 2982 835 3013 18.
861 2983 969 3014 voluit
995 2983 1092 3016 PFR.
1123 3001 1161 3008 —
1195 2985 1252 3027 23.
1280 2985 1342 3016 Vv.
1369 2986 1414 3017 Et
1438 2987 1571 3024 copiam
1596 2986 1662 3018 del.
1689 2987 1852 3021 censebat

114 3031 196 3063 Ern.
221 3031 271 3063 vel
297 3030 360 3069 leg.
380 3033 411 3060 et
435 3030 574 3068 copias3
601 3033 635 3059 at
659 3037 739 3061 vero
766 3029 830 3060 hoc
855 3028 1015 3070 (militum
1042 3030 1240 3071 numerum)
1268 3034 1376 3069 ipsum
1400 3032 1568 3071 significat
1595 3035 1696 3065 etiam
1722 3036 1846 3075 singul.

115 3094 154 3100 —
182 3077 376 3108 necessario
404 3075 563 3106 PABFT:
590 3076 863 3107 necessariorum
883 3077 953 3109 RE.
975 3094 1015 3100 -
1040 3083 1173 3109 norunt
1198 3077 1351 3109 PABFT.
1374 3095 1411 3101 —
1437 3078 1493 3110 28.
1518 3083 1652 3118 partem
1677 3083 1849 3114 sociorum

113 3124 285 3156 PABRT:
311 3124 483 3155 sociorum
504 3125 640 3161 partem
664 3123 731 3154 FE.
760 3139 800 3144 —
835 3123 890 3155 30.
917 3133 1005 3164 quae
1030 3133 1083 3157 res
1107 3124 1271 3156 PAFRT:
1300 3132 1387 3163 quae
1413 3127 1494 3158 (om.
1519 3125 1583 3164 res)
1609 3127 1677 3159 BE.
1707 3145 1746 3152 —-
1771 3137 1849 3169 per-

114 3172 221 3203 tineat
248 3170 307 3202 BR
334 3174 367 3201 et
393 3177 481 3200 corr.
500 3171 549 3198 A:
572 3169 721 3207 pertinet
744 3168 827 3200 PFT
853 3174 888 3202 et.
912 3179 963 3209 pr.
991 3170 1040 3208 Α,
1064 3173 1249 3212 pertineret
1275 3170 1313 3202 E.
1342 3172 1432 3203 coni.
1471 3189 1510 3195 —
1555 3173 1610 3205 33.
1639 3178 1670 3206 et
1696 3184 1847 3216 appara-

115 3219 217 3249 τίον-ει
243 3217 384 3250 PABR:
414 3219 443 3246 et
465 3215 662 3255 paratiores
687 3215 761 3253 FT,
789 3225 829 3247 ac
849 3219 1052 3256 paratiores
1079 3217 1114 3249 E.
1145 3234 1182 3240 -
1210 3218 1265 3248 35.
1293 3223 1527 3251 concesserunt
1547 3219 1645 3253 Voss.
1667 3226 1742 3253 tert.
1758 3221 1843 3254 Cod.

116 3264 279 3300 Sufl'ridi‘,
309 3263 399 3297 Crat.
427 3262 474 3299 L,
503 3260 603 3292 Scb.:
630 3267 872 3293 consenserunt
897 3263 1112 3295 PABFRTE.
1134 3279 1174 3285 -
1200 3263 1256 3295 37.
1283 3263 1340 3294 isti
1363 3266 1473 3298 minus
1496 3266 1633 3301 PAFT:
1658 3269 1771 3300 ‘minus
1788 3269 1847 3300 isti

114 3310 186 3344 RE.
217 3329 255 3335 —
283 3310 339 3343 38.
365 3310 547 3343 descissent
571 3307 737 3347 PABFR,
763 3309 923 3342 desissent
948 3310 988 3341 T.
1041 3310 1194 3344 Correxit
1218 3310 1407 3345 Ernestius.
