2117 3762
703 265 800 306 LIB.
832 263 863 305 1.
923 264 965 306 C.
997 265 1063 305 27.
1097 264 1165 305 28.
1201 265 1268 306 29.
1789 271 1864 310 107

115 372 264 409 morS.³
304 368 564 422 Disparatum
595 374 731 410 autem
764 375 825 409 est
856 370 916 417 id,
965 371 1076 425 quod
1117 372 1168 410 ab
1209 372 1344 426 aliqua
1384 386 1427 413 re
1458 385 1533 427 per
1562 375 1864 428 oppositionem

116 431 346 485 negationis
377 438 613 486 separatur,
646 433 726 472 hoc
755 434 905 473 modo:
941 447 1113 485 sapere,
1148 447 1228 473 non
1251 447 1413 487 sapere.
1476 437 1612 475 Genus
1633 442 1718 484 est,
1755 440 1865 492 quod

115 500 252 548 partes
283 492 439 548 aliquas
469 493 753 548 amplectitur,
787 500 832 534 ut
862 497 1076 550 cupiditas,
1139 498 1235 536 Pars
1266 503 1352 544 cst,
1385 511 1491 551 quae
1522 499 1665 538 subest
1695 500 1862 552 generi,

114 562 159 596 ut
188 569 333 603 amor,
385 556 568 595 avaritia.
626 556 807 596 Eventus
847 564 906 598 est
943 559 1075 598 exitus
1106 557 1278 598 alicuius
1310 560 1492 611 negotii,
1537 560 1579 601 in
1609 574 1692 615 quo
1723 562 1864 616 quaeri

114 620 243 667 solet,
275 617 373 674 quid
403 631 454 658 ex
485 630 646 671 quaque
679 632 721 658 re
754 619 960 667 evenerit,
995 620 1182 667 eveniat,
1216 627 1458 661 eventurum
1489 620 1555 662 sit.
1618 624 1755 672 Quare
1788 626 1894 665 hocs

114 683 155 721 in
187 693 364 735 genere,
398 685 442 720 ut
471 678 753 729 commodius,
788 683 885 737 quid
917 690 1160 723 eventurum
1191 683 1266 729 sit,
1308 689 1401 722 ante
1432 684 1569 724 animo
1601 685 1739 740 colligi
1769 699 1867 739 pos-

113 744 186 791 sit,
235 744 333 798 quid
374 756 537 798 quaque
569 755 620 783 ex
651 758 694 784 re
726 745 854 785 soleat
885 746 1076 791 evenire,
1110 742 1455 785 considerandum
1487 750 1571 793 est,
1604 752 1684 794 hoc
1715 753 1861 792 modo:

112 808 173 848 Ex
204 806 437 859 arrogantia
467 804 630 853 odium,
665 819 715 847 ex
745 807 962 849 insolentia
992 807 1245 858 arrogantia.

223 868 288 911 [43.
319 868 474 916 Quarta
506 874 642 908 autem
675 882 769 921 pars
796 878 857 911 est
878 886 927 912 ex
950 872 999 910 iis
1014 901 1024 917 ,
1058 882 1158 923 quas
1180 868 1357 921 negotiis
1378 868 1616 911 dicebamus
1639 884 1728 912 esse
1750 872 1865 912 attri-

110 933 254 978 butas,
287 929 542 971 consecutio.
604 932 647 971 ln
679 935 753 972 hac
787 948 860 974 eae
892 947 960 974 res
984 936 1270 988 quaeruntur,
1319 945 1424 985 quae
1455 938 1616 985 gestum
1649 936 1862 987 negotium
1878 948 1914 973 ιο

111 998 444 1048 consequuntur:
479 994 682 1045 primum,
717 995 830 1049 quod
859 994 1012 1035 sactum
1044 999 1126 1040 est,
1165 1006 1247 1047 quo
1278 992 1317 1032 id
1351 994 1515 1034 nomine
1547 996 1746 1049 appellari
1767 1009 1866 1037 con-

109 1056 266 1103 veniat;
313 1053 463 1095 deinde
496 1056 583 1095 cius
615 1056 709 1096 sacti
741 1059 810 1111 qui
844 1059 924 1098 sint
954 1056 1163 1111 principes
1194 1061 1234 1095 et
1265 1056 1526 1103 inventores,
1572 1059 1641 1110 qui
1687 1058 1866 1113 denique

109 1117 362 1158 auctoritatis
408 1117 495 1157 eius
541 1124 580 1158 et
625 1119 872 1160 inventionis
918 1117 1256 1173 comprobatores
1303 1123 1425 1173 atque
1481 1120 1660 1167 aemuli3
1713 1121 1862 1162 deinde

109 1192 265 1236 ecquae
304 1193 352 1220 ea
395 1181 446 1220 de
490 1195 532 1220 re
579 1186 647 1221 aut
686 1181 774 1222 eius
812 1183 870 1222 rei
903 1184 953 1222 sit
984 1183 1072 1227 lex,
1125 1183 1405 1228 consuetudo,
1458 1182 1591 1229 actio,
1639 1181 1861 1231 iudicium,

108 1243 278 1282 scientia
295 1273 306 1290 ,
339 1241 580 1290 artilicium;
615 1245 763 1284 deinde
787 1250 933 1285 natura
957 1245 1045 1284 eius
1079 1242 1244 1283 evenire
1265 1243 1389 1296 vulgo
1420 1244 1551 1284 soleat
1572 1257 1620 1283 an
1642 1245 1912 1287 insolenteris

108 1310 150 1345 et
178 1317 297 1353 rar03
343 1311 487 1357 postea
517 1304 711 1345 homines
743 1304 782 1346 id
814 1319 887 1347 sua
917 1305 1160 1346 auctoritate
1193 1306 1465 1359 comprobare
1496 1320 1546 1346 an
1579 1305 1789 1348 offendere
1822 1308 1863 1348 in

107 1367 158 1408 iis
198 1368 458 1413 consuerint,
505 1373 545 1407 et
587 1373 747 1414 cetera,
794 1382 899 1422 quae
939 1368 1089 1409 sactum
1130 1367 1300 1421 aliquod
1331 1368 1520 1408 similiter
1550 1368 1763 1409 confestim
1796 1376 1865 1409 aut

107 1444 159 1471 ex
188 1428 403 1469 intervallo
436 1430 571 1469 solent
601 1433 812 1484 consequi.
871 1432 1030 1471 Deinde
1061 1436 1272 1485 postremo
1305 1431 1597 1470 attendendum
1630 1437 1718 1479 est,
1764 1445 1862 1472 num

107 1505 216 1547 quae
247 1504 315 1532 res
348 1505 399 1532 ex
431 1493 479 1532 iis
510 1493 654 1539 rebus,
695 1506 800 1547 quae
831 1494 989 1547 positae
1021 1499 1113 1533 sunt
1144 1494 1183 1532 in
1216 1493 1401 1547 partibus
1432 1494 1658 1534 honestatis
1687 1499 1757 1534 aut
1785 1495 1865 1534 uti-

107 1556 259 1602 litatis,
294 1559 621 1608 consequantur;
653 1555 703 1594 de
735 1553 884 1608 quibus
914 1555 955 1595 in
988 1554 1260 1596 deliberativo
1282 1569 1435 1608 genere
1458 1569 1606 1597 causae
1634 1555 1863 1597 distinctius
1878 1570 1913 1596 20

107 1617 186 1658 erit
216 1618 449 1658 dicendum.
508 1618 566 1656 Ac
599 1617 775 1671 negotiis
806 1616 974 1672 quidem
1003 1616 1091 1658 sere
1129 1630 1194 1658 res
1238 1630 1332 1666 cae,
1382 1631 1483 1672 quas
1522 1619 1864 1659 commemoravi-

105 1692 216 1726 mus,
249 1685 343 1719 sunt
373 1680 621 1737 attributae„
644 1691 665 1737 ι4

218 1742 371 1781 XXIX.
403 1742 471 1782 44.
520 1737 662 1782 Omnis
705 1747 842 1783 autem
883 1743 1207 1796 argumentatio,
1262 1756 1366 1798 quae
1407 1758 1459 1785 ex
1497 1744 1546 1785 iis
1587 1746 1710 1795 locis,
1756 1759 1860 1800 quos

105 1803 543 1849 commemoravimus,
584 1811 790 1851 sumetur,
835 1811 904 1845 aut
935 1805 1162 1857 probabilis
1192 1811 1260 1845 aut
1292 1807 1522 1847 necessaria
1554 1808 1720 1849 debebit
1750 1823 1855 1850 esse.

103 1865 292 1912 Etenim,
337 1870 384 1906 ut
422 1866 604 1906 breviter
642 1866 946 1914 describamus,
994 1868 1296 1920 argumentatio
1332 1867 1497 1909 videtur
1527 1882 1617 1910 esse
1647 1871 1857 1911 inventum
1874 1880 1909 1906 2⁵

105 1930 244 1985 aliquo
276 1941 328 1968 ex
359 1941 537 1980 genere,
586 1941 674 1969 rem
707 1929 885 1983 aliquam
917 1935 987 1969 aut
1016 1930 1289 1983 probabiliter
1318 1930 1538 1971 ostendens
1571 1937 1642 1973 aut
1671 1946 1860 1973 necessa-

102 1992 164 2032 rie
195 1992 498 2031 demonstrans.
559 1992 799 2032 Necessarie
831 1993 1164 2032 demonstrantur
1194 2005 1264 2039 ea,
1299 2005 1403 2046 quae
1435 1994 1553 2033 aliter
1580 2008 1627 2034 ac
1658 1996 1847 2035 dicuntur

104 2067 180 2094 nec
211 2051 300 2094 fieri
329 2066 406 2093 nec
435 2053 603 2107 probari
635 2059 829 2108 possunt,
871 2055 950 2094 hoc
979 2055 1126 2094 modo:
1169 2055 1209 2094 Si
1241 2055 1423 2108 peperit,
1459 2068 1552 2095 cum
1583 2055 1674 2096 viro
1707 2069 1857 2096 concu-

103 2115 207 2158 buit.
267 2116 358 2156 Hoc
387 2129 516 2168 genus
546 2116 884 2170 argumentandi,
919 2118 1030 2170 quod
1062 2117 1104 2156 in
1138 2116 1369 2157 necessaria
1393 2119 1745 2160 demonstratione
1768 2133 1859 2159 ver-

103 2184 237 2227 satur,
302 2177 482 2218 maxime
522 2183 720 2219 tractatur
760 2180 802 2219 in
842 2177 1018 2219 dicendo
1063 2184 1133 2219 aut
1174 2191 1251 2233 per
1295 2179 1626 2234 complexionem
1672 2186 1740 2221 aut
1785 2190 1907 2235 perso

104 2241 457 2283 enumerationem
492 2244 564 2280 aut
598 2253 673 2294 per
711 2240 939 2294 simplicem
981 2241 1304 2282 conclusionem.
1367 2243 1435 2282 45.
1485 2243 1728 2298 Complexio
1778 2249 1852 2291 est,

102 2306 144 2345 in
175 2317 277 2359 qua,
309 2307 446 2344 utrum
476 2303 756 2351 concesseris,
788 2305 1127 2356 reprehenditur,
1159 2306 1210 2344 ad
1241 2306 1349 2345 hunc
1380 2307 1575 2346 modum:
1628 2307 1670 2346 Si
1704 2307 1858 2360 impro-

102 2368 180 2408 hus
210 2371 292 2413 est,
324 2378 398 2405 cur
428 2364 591 2406 uteris?
633 2367 667 2406 si
697 2364 871 2420 probus,
905 2379 979 2406 cur
1008 2369 1210 2406 accusas?
1254 2367 1521 2407 Enumeratio
1553 2373 1644 2416 est,
1687 2369 1728 2408 in
1760 2381 1854 2422 qua,

101 2427 290 2486 pluribus
329 2428 455 2469 rebus
498 2427 696 2482 expositis
738 2433 778 2468 et
823 2429 972 2469 ceteris
1014 2427 1253 2477 infirmatis,
1305 2443 1384 2469 una
1422 2429 1584 2485 reliqua
1622 2431 1854 2471 necessario

103 2489 395 2538 confirmatur,
427 2492 506 2531 hoc
536 2496 679 2545 pacto:
712 2492 888 2532 Necesse
919 2496 980 2531 est
1010 2496 1079 2531 aut
1109 2490 1418 2532 inimicitiarum
1449 2506 1569 2533 causa
1590 2494 1640 2533 ab
1665 2491 1742 2533 hoc
1766 2506 1904 2536 esse³5

102 2553 284 2596 occisum
312 2558 383 2594 aut
410 2559 544 2594 metus
573 2558 642 2594 aut
671 2552 757 2606 spei
789 2560 859 2595 aut
889 2555 1061 2594 alicuius
1091 2553 1213 2594 amici
1245 2555 1377 2606 gratia
1397 2560 1491 2603 aut,
1525 2555 1559 2596 si
1581 2555 1726 2596 horum
1752 2555 1855 2594 nihil

103 2623 188 2665 est,
229 2617 281 2657 ab
319 2618 398 2657 hoc
435 2629 517 2657 non
556 2629 646 2657 esse
686 2615 890 2666 occisum;
936 2629 1028 2656 nam
1069 2616 1158 2656 sine
1191 2629 1312 2657 causa
1342 2616 1591 2658 maleficium
1622 2622 1854 2670 susceptum

103 2693 193 2720 esse
222 2691 306 2720 non
335 2684 490 2733 potest:
522 2680 594 2720 sed
625 2691 761 2734 neque
790 2679 1028 2720 inimicitiae
1059 2679 1224 2719 fuerunt
1254 2693 1330 2720 nee
1361 2686 1494 2720 metus
1525 2682 1633 2721 ullus
1664 2693 1737 2720 nec
1759 2692 1854 2733 spes

103 2753 155 2781 ex
184 2746 318 2781 morte
345 2740 456 2782 illius
485 2740 656 2782 alicuius
687 2741 895 2782 commodi
929 2755 1062 2796 neque
1093 2743 1143 2781 ad
1173 2743 1350 2782 amicum
1382 2742 1504 2782 huius
1534 2742 1711 2795 aliquem
1744 2754 1855 2781 mors

102 2803 212 2844 illius
240 2802 481 2858 pertinebat.
538 2804 800 2858 Relinquitur
829 2803 978 2858 igitur,
1012 2809 1056 2844 ut
1086 2805 1136 2844 ab
1159 2805 1239 2845 hoc
1261 2818 1345 2844 non
1366 2805 1417 2845 sit
1438 2804 1608 2847 occisus.
1672 2804 1855 2857 Simplex
1868 2819 1904 2845 ω

103 2872 240 2908 autem
277 2865 489 2907 conclusio
529 2881 580 2908 ex
618 2865 851 2907 neccssaria
882 2867 1174 2907 consecutione
1207 2866 1445 2913 coniicitur,
1495 2868 1572 2906 hoc
1603 2867 1758 2907 modo:
1812 2866 1853 2906 Si

193 3017 228 3048 2.
257 3025 402 3056 sapere,
428 3026 499 3049 non
524 3018 573 3055 V,
601 3018 700 3050 Voss.
728 3018 756 3049 1.
784 3017 884 3049 Leid,
913 3018 1001 3049 111.:
1030 3026 1152 3057 sapere
1177 3022 1208 3049 et
1231 3022 1303 3049 ‘non
1328 3017 1491 3048 PARTE.
1519 3032 1562 3037 —
1592 3015 1627 3047 4.
1653 3017 1766 3047 exitus
1790 3016 1855 3047 ali-

101 3065 200 3096 cuiue
226 3063 398 3101 VPART,
425 3064 473 3095 L:
501 3065 647 3096 alicuius
673 3066 784 3097 exitus
813 3065 850 3095 E.
879 3065 1066 3105 (aliquoius
1081 3063 1224 3103 AT.)—
1250 3065 1283 3096 5.
1303 3068 1566 3101 eventurumque
1583 3062 1687 3094 ΛΚΤ.
1716 3063 1757 3093 Ut
1776 3070 1852 3101 nos,

101 3111 128 3142 P
149 3116 183 3143 et
202 3111 368 3142 Victorini
396 3110 481 3141 Cod.
509 3111 610 3143 Basti.
632 3128 672 3133 —
699 3112 733 3144 6.
762 3113 935 3142 commode
962 3111 989 3142 V
1015 3116 1048 3141 et
1075 3119 1124 3148 pr.
1156 3111 1192 3142 P.
1223 3127 1261 3133 -
1288 3110 1320 3139 9.
1350 3118 1494 3150 quaen
1511 3110 1682 3140 attributa
1708 3109 1805 3141 Leid.
1823 3110 1851 3141 Ι.

103 3157 244 3190 Omnib.
273 3158 352 3190 Sch.
382 3156 579 3190 «Excidisse
606 3159 740 3190 videtur
767 3159 823 3188 hie
848 3159 985 3189 rebus.»
1016 3157 1106 3188 Oud.
1140 3173 1178 3179 —-
1207 3157 1262 3187 15.
1290 3157 1408 3187 deinde
1433 3156 1516 3195 quid
1541 3164 1583 3186 ex
1605 3161 1738 3187 natura
1758 3156 1850 3186 V.—

103 3204 161 3236 16.
187 3205 355 3247 offendere
383 3203 460 3234 AT:
488 3203 614 3244 offendi
641 3205 665 3236 E
690 3213 767 3235 cuin
797 3204 857 3235 VR
884 3210 917 3236 et
942 3207 974 3235 in
1002 3212 1117 3236 rasura
1145 3203 1183 3234 P.
1212 3219 1251 3224 —
1292 3203 1346 3233 17.
1375 3202 1425 3233 his
1451 3202 1612 3235 PARTE.
1644 3219 1682 3225 —
1719 3210 1854 3233 consue-

102 3253 175 3282 rint
199 3252 283 3283 AT:
310 3254 531 3282 'consuerunt
559 3250 634 3290 (per
659 3251 923 3288 compendium)
952 3251 993 3288 P,
1031 3251 1266 3281 consueverint
1300 3248 1403 3279 VRE.
1442 3264 1482 3270 —
1525 3249 1580 3280 19.
1617 3251 1751 3288 positae
1774 3251 1854 3280 sime

103 3297 243 3329 PART:
271 3300 352 3329 sunt
369 3298 504 3337 positae
525 3297 562 3327 E.
585 3314 622 3319 —
651 3297 708 3328 23.
736 3299 994 3337 arqumeneatio
1021 3302 1133 3327 autem
1154 3296 1190 3326 P.
1213 3311 1250 3316 ——
1280 3295 1336 3327 26.
1367 3296 1485 3337 aliquo
1510 3304 1553 3329 ea>
1570 3295 1647 3328 PR:
1675 3304 1717 3328 ex
1733 3296 1852 3336 aliquo

102 3344 205 3376 ATE.
235 3361 273 3368 —
301 3343 358 3376 33.
386 3345 416 3375 si
441 3343 587 3375 PART:
614 3343 670 3374 sin
695 3343 733 3374 Ε.
761 3360 801 3366 -
829 3342 885 3375 38.
912 3353 981 3375 non
1002 3347 1113 3384 potest
1139 3350 1207 3374 esse
1233 3341 1303 3374 PR.
