2117 3762
724 255 822 296 LIB.
858 254 907 294 11.
968 254 1011 296 C.
1041 256 1108 296 22³..
1138 257 1205 297 23.
1237 257 1302 298 24.
1835 261 1888 301 27

362 361 545 403 Amicum
572 362 767 413 castiqare
797 360 842 399 ob
872 362 1051 401 meritam
1080 364 1246 402 noxiam

363 426 536 465 Immune
565 425 619 463 e'st
644 424 824 475 facinus;
853 435 987 464 rerum
1019 425 1059 464 in
1090 432 1214 466 aetate
1244 427 1338 466 utile

361 489 417 528 Et
446 486 696 527 conducibile.

138 582 252 625 Ilaec
283 581 486 637 expositio
519 584 595 622 est.
657 580 902 629 videamus,
935 594 1038 637 quae
1071 582 1174 623 ratio
1207 580 1423 625 afferatur:

361 691 415 698 —
444 681 536 707 nam
566 681 634 719 eqo
664 669 835 708 amicum
864 669 975 709 hodie
1004 682 1131 709 meum
1909 676 1923 702 ⁵

363 731 642 782 Concastiqabo
665 743 743 783 pro
774 732 1003 771 commerita
1032 732 1170 771 noxia.

136 828 199 867 Ex
229 838 305 872 eo,
348 824 458 878 quod
491 824 577 877 ipse
610 823 791 865 facturus
823 831 907 872 est,
953 839 1036 865 non
1068 839 1119 865 ex
1150 837 1223 872 ρο,
1269 825 1378 878 quod
1411 822 1497 865 fieri
1530 827 1745 875 convenit,
1792 828 1891 868 utile

136 888 234 942 quid
264 887 340 933 sit,
375 887 656 926 ratiocinatur.
718 888 830 928 Vana
862 888 964 927 ratio
997 892 1077 933 est,
1111 900 1214 941 quae
1247 901 1297 927 ex
1329 887 1429 926 saisa
1452 901 1571 927 causa
1594 894 1777 935 constat,
1812 890 1893 930 hoc

136 951 283 990 modo:
318 951 445 989 Amor
476 949 695 1002 fugiendus
727 964 810 990 non
841 956 923 996 θεῖς
958 964 1051 989 nam
1084 963 1134 989 ex
1166 962 1217 989 eo
1249 950 1460 989 verissima
1491 952 1671 991 nascitur
1690 952 1888 992 amicitia.

134 1014 216 1052 Aut
246 1013 324 1052 hoe
356 1013 506 1052 modo:
560 1013 828 1067 Philosophia
868 1013 1032 1052 vitanda
1074 1017 1155 1059 est;
1207 1010 1325 1052 affert
1364 1013 1473 1052 enim
1504 1015 1736 1055 socordiam
1770 1021 1892 1070 atque
1908 1022 1942 1049 ¹⁰

136 1076 351 1116 desidiam.
413 1076 514 1114 Nam
554 1075 632 1115 hae
675 1076 856 1115 rationes
897 1075 973 1114 nisi
1019 1074 1145 1114 falsae
1192 1080 1350 1122 essent,
1405 1076 1686 1129 expositiones
1727 1091 1894 1133 quoque

136 1151 276 1179 earum
307 1150 425 1178 veras
457 1151 546 1177 esse
577 1136 884 1178 confiteremur.
947 1138 1014 1177 36.
1049 1138 1233 1190 Itemque
1257 1138 1418 1177 infirma
1441 1138 1543 1178 ratio
1566 1145 1648 1187 cst,
1683 1153 1788 1195 quae
1810 1155 1893 1180 non

134 1201 410 1242 necessariam
442 1214 606 1241 causam
637 1199 757 1241 affert
787 1200 1080 1255 expositionis;
1113 1200 1227 1240 velut
1256 1201 1478 1241 Pacuvius:

188 1295 407 1334 Fortunam
435 1295 618 1334 insanam
648 1308 725 1334 esse
755 1300 789 1334 et
819 1307 973 1334 caecam.
1003 1299 1036 1333 et
1066 1294 1222 1333 brutam
1244 1294 1450 1346 perhibent
1477 1295 1723 1348 philosophi,

189 1358 376 1410 Saxaque
406 1357 515 1396 illam
544 1358 693 1397 instare
722 1357 877 1409 yloboso
900 1357 1134 1409 praedicant
1163 1357 1387 1402 volubilem,
1908 1369 1943 1394 15

194 1420 300 1470 Quia
329 1432 404 1471 quo
433 1433 580 1459 saxum
608 1421 809 1472 impulerit
835 1421 940 1472 sors,
975 1433 1017 1459 eo
1048 1420 1184 1459 cadere
1210 1420 1417 1471 fortunam
1446 1425 1667 1460 autumant.

191 1483 355 1522 Caecam
384 1482 428 1521 ob
458 1495 542 1521 eam
574 1495 656 1522 rem
685 1496 764 1522 esse
796 1484 959 1527 iterant,
991 1483 1085 1534 quia
1114 1483 1213 1521 nihil
1243 1488 1397 1528 cernat,
1429 1496 1503 1535 quo
1533 1497 1612 1523 sese
1641 1485 1829 1537 applicet;

190 1545 381 1585 Insanam
410 1551 540 1584 autem
570 1546 703 1591 aiunt,
735 1546 829 1597 quia
858 1551 1002 1589 atrox,
1033 1545 1185 1584 ineerta
1216 1545 1482 1598 instabilisque
1512 1547 1586 1592 sit,

193 1607 383 1652 Brutum,
416 1607 510 1658 quia
539 1607 699 1658 dignum
730 1614 843 1659 atque
871 1607 1076 1659 indiqnum
1104 1614 1267 1659 nequeat
1297 1609 1571 1649 internoscere.

192 1670 292 1708 Sunt
321 1675 451 1708 autem
480 1669 552 1708 alii
579 1669 820 1721 philosophi,
858 1670 926 1720 qui
955 1674 1093 1708 contra
1122 1670 1341 1709 Fortunam
1369 1678 1506 1723 neqent
1909 1676 1944 1703 ²⁰

191 1732 401 1772 Miseriam
431 1743 509 1769 esse
538 1731 681 1776 ullam,
712 1731 776 1770 sed
805 1732 1019 1770 temeritate
1049 1732 1182 1771 omnia
1212 1733 1311 1784 reqi.
1373 1733 1419 1772 Id
1448 1734 1577 1786 mayis

198 1793 286 1832 Veri
316 1793 443 1832 simile
473 1794 606 1839 aiunt,
637 1794 739 1845 quod
767 1807 865 1833 usus
895 1806 1029 1845 reapse
1059 1795 1301 1845 experiundo
1332 1795 1472 1835 edocet.

198 1855 303 1895 Velut
336 1855 493 1896 Orestes
521 1855 634 1895 modo
661 1856 739 1908 fuit
770 1869 863 1902 rw,
894 1856 1007 1895 modo
1037 1856 1235 1895 mendicus
1259 1857 1389 1908 factus
1419 1864 1492 1907 est;

191 1918 414 1971 Naufraqio
445 1931 507 1958 res
536 1919 714 1971 contiqit.
773 1919 916 1970 Nempe
946 1931 1036 1970 erqo
1066 1918 1171 1958 haud
1200 1919 1377 1960 Fortuna
1407 1921 1557 1974 obtiyit.

136 2013 240 2052 Nam
270 2012 339 2052 hic
368 2011 572 2052 Pacuvius
601 2009 764 2051 infirma
793 2011 952 2051 ratione
981 2012 1132 2059 utitur,
1166 2026 1259 2052 cum
1289 2014 1345 2054 ait
1375 2014 1512 2054 verius
1544 2029 1633 2056 esse
1663 2019 1893 2059 temeritate
1910 2031 1943 2057 25

137 2088 260 2130 quam
291 2075 476 2115 Fortuna
505 2088 572 2115 res
604 2075 717 2128 regi3
767 2088 863 2114 nam
894 2080 1068 2129 utraque
1101 2076 1296 2129 opinione
1326 2077 1674 2131 philosophorum
1703 2078 1792 2119 fieri
1823 2093 1897 2134 po-

136 2138 236 2185 tuit,
262 2141 328 2177 ut
356 2137 412 2184 is,
462 2137 532 2192 qui
572 2151 647 2177 rex
681 2136 851 2184 fuisset,
898 2137 1112 2177 mendicus
1150 2137 1280 2178 factus
1320 2144 1442 2179 esset.
1502 2140 1652 2181 XXIV.
1687 2143 1754 2182 37.
1793 2143 1895 2183 Item

136 2198 300 2240 infirma
329 2200 433 2239 ratio
466 2204 548 2248 est,
584 2213 688 2255 quae
719 2200 884 2240 videtur
912 2212 987 2254 pro
1020 2201 1179 2240 ratione
1201 2198 1365 2247 afferri,
1400 2202 1605 2242 sedidem
1627 2203 1750 2251 dicit,
1784 2206 1895 2259 quod

136 2263 180 2303 in
211 2263 471 2318 expositione
502 2263 657 2303 dictum
688 2268 775 2311 est,
809 2263 891 2302 hoc
922 2263 1073 2302 modo:
1115 2264 1264 2315 Magno
1298 2263 1406 2302 malo
1439 2269 1500 2304 est
1529 2265 1770 2305 hominibus
1801 2279 1895 2306 ava-

138 2326 255 2373 ritia,
306 2325 461 2365 idcirco
503 2327 614 2380 quod
651 2326 843 2379 homines
874 2326 1032 2379 magnis
1064 2330 1105 2365 et
1135 2325 1272 2365 multis
1302 2326 1579 2366 incommodis
1610 2329 1895 2368 conflictantur
1911 2344 1944 2369 30

136 2392 309 2443 propter
337 2388 581 2428 immensam
613 2389 812 2442 pecuniae
845 2389 1127 2443 cupiditatem.
1190 2390 1292 2428 Nam
1322 2389 1390 2428 hic
1421 2389 1510 2429 aliis
1532 2390 1669 2429 verbis
1691 2391 1799 2430 idem
1823 2403 1895 2444 per

137 2451 342 2491 rationem
373 2450 546 2497 dicitur,
579 2452 691 2504 quod
721 2452 874 2491 dietum
906 2456 968 2491 est
997 2464 1072 2506 per
1102 2452 1420 2505 expositionem.
1483 2453 1584 2492 Item
1610 2450 1770 2492 infirma
1792 2454 1892 2493 ratio

139 2518 222 2561 est,
274 2525 379 2567 quae
410 2512 546 2552 minus
575 2513 795 2562 idoneam,
837 2527 960 2568 quam
992 2528 1058 2554 res
1089 2514 1292 2567 postulat,
1339 2528 1503 2555 causam
1535 2515 1701 2556 subiicit
1732 2515 1895 2569 exposi-

138 2575 286 2623 tionis,
333 2575 415 2615 hoc
452 2576 599 2615 modo:
651 2577 767 2616 Utilis
813 2582 875 2617 est
916 2577 1139 2631 sapientia,
1188 2581 1409 2631 propterea
1448 2579 1558 2631 quod
1590 2578 1657 2632 qui
1689 2578 1894 2630 sapientes

139 2642 257 2685 sunt,
289 2637 485 2692 pietatem
516 2638 654 2678 colere
685 2643 952 2679 consuerunt.
1014 2639 1140 2679 Item:
1174 2639 1278 2679 Utile
1302 2644 1363 2679 est
1384 2640 1539 2679 amicos
1561 2654 1681 2680 veros
1712 2641 1943 2688 liabere335

138 2701 293 2740 habeas
324 2700 433 2740 enim
463 2701 709 2755 quibuscum
740 2700 867 2740 iocari
897 2701 1046 2755 possis.
1108 2702 1209 2741 Nam
1240 2702 1280 2741 in
1301 2702 1539 2742 huiusmodi
1563 2703 1788 2742 rationibus
1810 2715 1893 2742 non

139 2762 333 2802 universa
369 2775 504 2817 neque
542 2763 756 2810 absoluta,
809 2764 881 2804 sed
917 2768 1137 2803 extenuata
1183 2764 1340 2804 ratione
1372 2765 1575 2819 expositio
1607 2762 1887 2804 confirmatur.

140 2823 243 2863 Item
272 2822 434 2865 infirma
463 2825 566 2866 ratio
599 2830 680 2874 est,
715 2838 818 2881 quae
848 2827 914 2867 vel
944 2827 1013 2867 alii
1044 2827 1295 2882 expositioni
1324 2832 1459 2881 potest
1488 2828 1817 2875 accommodari,
1849 2832 1893 2868 ut

233 2965 267 2997 2.
296 2966 448 2998 Immune
483 2975 536 3006 pr.
569 2968 594 2999 Ρ
633 2968 759 3008 (Plaut.
792 2969 889 3001 Trin.
923 2971 963 3007 1,
1000 2971 1038 3003 1,
1077 2967 1148 3008 2.):
1191 2970 1343 3000 Immune
1381 2968 1551 3007 ABFRT,
1595 2977 1683 3001 corr.
1722 2970 1761 3001 P.
1791 2975 1822 3001 et
1852 2970 1890 3000 E.

143 3011 344 3054 (Correxere
373 3013 411 3044 h.
432 3017 466 3045 et
490 3013 587 3055 Sch.)
614 3031 653 3037 —
685 3016 718 3048 5.
746 3025 858 3047 meum
883 3017 982 3048 hodie
1007 3017 1137 3048 PABT.
1173 3022 1228 3038 —'
1251 3016 1284 3045 6.
1314 3016 1491 3054 castiyabo
1519 3016 1570 3052 T,
1609 3025 1680 3047 non
1712 3016 1893 3055 custtyabo

141 3060 261 3092 ABFR
289 3064 323 3091 et
347 3067 435 3090 corr.
459 3059 499 3091 T.
530 3076 568 3083 —-
594 3059 672 3102 pro]
697 3071 763 3102 per
790 3063 938 3095 Ernestii
967 3072 1106 3102 operae.
1139 3078 1175 3084 —-
1205 3064 1383 3093 commissa
1410 3062 1598 3093 PABFRT.
1627 3080 1670 3085 —
1696 3064 1751 3094 10.
1780 3071 1894 3093 socor-

141 3108 237 3139 diam
262 3106 431 3143 PABRT.
472 3108 665 3138 secordiam
698 3109 766 3140 FE.
806 3126 845 3132 —-
884 3111 940 3141 12.
969 3111 1118 3151 Itemque
1142 3109 1308 3140 PAFRT:
1351 3109 1432 3138 Item
1459 3108 1529 3139 BE.
1562 3125 1603 3132 -
1641 3110 1696 3141 15.
1723 3117 1894 3148 saa-eoque

139 3155 275 3185 instare
300 3153 400 3193 qlobo
423 3154 627 3191 praedicant
651 3156 796 3187 volubili
818 3156 857 3187 B.
886 3173 924 3178 —-
954 3157 1010 3187 16.
1039 3158 1130 3197 Quia
1156 3163 1222 3194 quo
1250 3154 1356 3185 AFT:
1384 3155 1458 3185 ideo
1485 3163 1549 3195 quo
1578 3155 1616 3187 E.
1645 3172 1685 3178 —
1713 3165 1750 3187 eo
1776 3156 1894 3187 cudere

140 3199 310 3232 PAFRT:
346 3198 468 3230 cadere
491 3207 529 3230 eo
557 3200 603 3237 E,
630 3202 752 3234 cadere
776 3201 858 3242 (orn.
884 3200 935 3241 eo)
962 3203 1001 3233 B.
1035 3219 1070 3225 —
1099 3203 1155 3233 20.
1185 3201 1307 3233 Nonne
1330 3200 1517 3232 Fortuna?
1536 3202 1603 3233 On.
1636 3217 1666 3224 -
1699 3208 1825 3243 negant
1852 3201 1890 3233 P.

143 3246 256 3278 Ceteri
282 3248 389 3277 nostri
417 3247 672 3278 coniunctivum
701 3251 864 3280 retinent.
885 3266 922 3270 —
951 3249 1007 3280 26.
1035 3250 1109 3289 qeri'
1127 3247 1285 3279 P.iBFT.
1309 3264 1346 3269 -
1373 3247 1432 3278 27.
1459 3247 1571 3287 factus
1596 3253 1679 3280 esset
1696 3248 1890 3280 PABFRT:

140 3293 236 3334 fieret
262 3301 341 3325 curn
368 3293 477 3324 tribu·
510 3291 749 3332 Oudendorpii
778 3295 819 3326 E.
870 3297 914 3326 At
939 3295 1022 3327 iilud
1052 3296 1254 3326 concinnius
1272 3294 1314 3325 nd
1332 3293 1564 3328 Pacuvianum
1581 3295 1755 3328 mendicus
1777 3296 1892 3338 sactus

142 3342 202 3371 est.
227 3356 268 3362 —
296 3339 352 3372 36.
379 3341 416 3372 in
441 3339 637 3371 huiusmodi
661 3340 796 3372 PABF:
825 3341 1022 3373 huiusmodi
1045 3342 1083 3373 in
1110 3341 1149 3372 E.
1178 3338 1259 3381 (om.
1279 3341 1316 3372 in
1341 3340 1401 3378 T.)
