2117 3762
785 250 882 292 ΗΒ.
915 251 963 293 Il.
1023 252 1065 293 C.
1099 253 1134 293 1.
1165 250 1202 292 ἱ).
1786 253 1863 296 120

109 370 212 413 pore
243 370 326 398 uno
359 370 402 398 se
435 358 619 412 reperire
650 368 770 410 posse
803 355 921 403 ideo,
956 358 1067 412 quod
1098 356 1198 398 nibil
1229 354 1405 412 simplici
1437 354 1477 397 in
1499 369 1652 409 genere
1674 358 1865 400 omnibus

109 433 162 460 ex
194 421 378 474 partibus
410 421 638 475 perfectum
676 424 819 459 natura
858 419 1071 473 expolivit.
1134 422 1299 473 ltaque,
1351 424 1558 474 tamquam
1597 422 1745 461 ceteris
1785 435 1867 462 non

109 483 160 522 sit
192 481 381 523 habitura
414 485 524 536 quod
556 480 776 533 largiatur,
811 483 842 522 si
875 481 943 522 uni
973 487 1117 523 cuncta
1138 482 1408 531 concesserit,
1439 480 1548 524 aliud
1571 482 1638 524 alii
1660 483 1869 525 commodi

109 543 249 598 aliquo
280 544 472 585 adiuncto
502 544 768 585 incommodo
800 551 1056 586 muneratur.

223 609 274 647 11.
321 609 361 648 a.
411 608 534 656 Quod
577 609 772 659 quoniam
814 606 933 648 nobis
973 621 1140 663 quoque
1182 608 1403 650 voluntatis
1442 607 1612 656 accidit,
1663 614 1708 649 ut
1737 614 1898 649 artems

109 667 272 710 dicendi
317 668 693 724 perscribereilms,
746 684 828 709 non
875 684 1002 711 unum
1048 669 1217 724 aliquod
1262 671 1557 725 proposuimus
1601 670 1865 724 exemplum,

109 731 227 772 cuius
269 744 412 772 omnes
453 736 610 785 partes,
663 746 910 788 quocunque
955 738 1092 773 essent
1122 732 1161 773 in
1194 746 1364 785 genere,
1415 731 1713 789 exprimendae
1746 732 1866 774 nobis

110 793 342 835 necessario
373 794 630 843 viderentur;
663 793 756 839 sed,
790 795 983 836 omnibus
1013 809 1141 836 unum
1172 795 1213 835 in
1246 796 1380 836 locum
1403 796 1557 837 coactis
1577 795 1866 850 scriptoribus,

109 854 221 910 quod
258 857 433 910 quisque
473 857 808 898 commodissime
848 857 1087 913 praecipere
1127 859 1371 907 videbatur,
1425 858 1709 913 excerpsimus
1740 863 1864 899 etex

109 916 233 958 variis
262 916 438 970 ingeniis
469 918 815 961 excellentissima
846 934 1035 976 quaeque
1067 919 1300 962 libavimus.
1362 923 1423 961 Ex
1454 920 1503 961 iis
1535 920 1664 969 enim,
1700 920 1769 977 qui
1797 932 1920 962 n0-10

109 980 218 1021 mine
248 986 289 1021 et
317 980 521 1021 memoria
553 980 666 1032 (ligni
698 988 810 1028 sunt,
842 996 918 1023 nec
948 981 1048 1023 nibil
1079 983 1234 1036 optime
1265 996 1341 1024 nec
1371 986 1509 1024 omnia
1541 982 1870 1039 praeclarissime

109 1042 329 1097 quisquam
374 1041 513 1083 dicere
556 1042 674 1084 nobis
721 1044 952 1085 videbatur.
1016 1046 1282 1100 Quapropter
1321 1045 1492 1086 stultitia
1533 1045 1619 1087 visa
1658 1052 1719 1087 est
1749 1052 1818 1088 aut
1847 1059 1871 1087 a

109 1105 216 1145 bene
247 1104 424 1146 inventis
454 1104 626 1146 alicuius
656 1108 881 1156 recedere,
929 1106 964 1147 si
994 1120 1077 1163 quo
1109 1110 1150 1148 in
1181 1106 1280 1148 vitio
1311 1107 1398 1148 eius
1430 1107 1755 1155 offenderemur,
1802 1112 1873 1148 aut

108 1165 158 1208 ad
190 1166 287 1208 vitia
319 1181 486 1223 quoque
519 1170 607 1209 eins
639 1168 857 1216 accedere,
899 1168 1016 1211 cuius
1047 1169 1186 1223 aliquo
1217 1168 1323 1210 bene
1354 1175 1573 1225 praecepto
1606 1169 1867 1211 duceremur.

109 1231 149 1270 5.
185 1230 344 1279 Quodsi
377 1229 418 1270 in
449 1233 597 1272 ceteris
630 1245 797 1287 quoque
829 1231 973 1273 studiis
1003 1245 1026 1272 a
1047 1231 1186 1272 multis
1218 1231 1373 1282 eligere
1403 1231 1592 1273 homines
1623 1231 1919 1273 commodis-1⁵

109 1294 259 1333 simum
300 1294 494 1347 quodque
536 1306 657 1348 quam
709 1307 799 1334 sese
830 1293 901 1334 uni
933 1293 1053 1335 alicui
1085 1300 1200 1335 certo
1231 1294 1384 1335 vellent
1412 1293 1623 1342 addicere,
1666 1295 1799 1335 minus
1828 1294 1872 1335 in

109 1354 388 1407 arrogantiam
429 1354 712 1404 offenderent3
764 1370 848 1397 non
886 1362 998 1398 tanto
1042 1370 1168 1412 opere
1202 1356 1244 1397 in
1275 1356 1386 1398 vitiis
1417 1362 1753 1412 perseverarent3
1801 1356 1872 1398 ali-

109 1422 263 1472 quanto
300 1416 431 1458 levius
471 1431 523 1458 ex
560 1417 772 1459 inscientia
814 1420 1068 1460 laborarent.
1129 1421 1188 1459 Ac
1218 1419 1252 1460 si
1281 1432 1356 1472 par
1386 1418 1427 1459 in
1459 1417 1579 1460 nobis
1610 1418 1731 1460 huius
1772 1418 1872 1460 artis

108 1486 231 1533 atque
264 1477 305 1519 in
335 1478 404 1519 illo
436 1480 622 1534 picturae
653 1480 822 1521 scientia
854 1480 1024 1530 suisset,
1057 1482 1233 1523 sortasse
1264 1480 1394 1536 magis
1425 1482 1505 1521 hoe
1536 1494 1611 1522 suo
1643 1480 1686 1522 in
1716 1493 1871 1535 genere

109 1554 214 1596 opus
252 1547 441 1582 nostrum
492 1556 613 1597 quam
657 1542 724 1583 ille
766 1542 808 1583 in
851 1557 921 1585 sua
959 1543 1119 1599 pictura
1158 1543 1309 1585 nobilis
1348 1542 1538 1584 eniteret.
1616 1545 1678 1584 Ex
1717 1543 1923 1584 maiore20

109 1603 220 1644 enim
251 1605 369 1659 copia
400 1606 520 1646 nobis
551 1619 674 1659 quam
705 1605 766 1646 illi
800 1605 876 1647 suit
907 1605 1193 1662 exemplorum
1224 1605 1400 1661 eligendi
1431 1610 1626 1661 potestas.
1689 1605 1761 1647 Ille
1792 1619 1874 1647 una

111 1681 164 1708 ex
193 1668 297 1707 urbe
328 1672 368 1707 et
399 1680 451 1708 ex
483 1680 533 1708 eo
564 1681 738 1708 numero
771 1667 1003 1722 virginum,
1056 1682 1164 1723 quae
1207 1674 1293 1710 tum
1335 1674 1475 1717 erant,
1527 1667 1681 1723 eligere
1711 1667 1870 1723 potuit:

109 1727 230 1770 nobis
261 1730 465 1777 omnium,
498 1729 733 1784 quicunque
764 1731 933 1772 suerunt
962 1733 1012 1772 ab
1044 1731 1190 1772 ultimo
1221 1730 1428 1786 principio
1459 1729 1582 1772 huius
1612 1730 1873 1786 praeceptio-

109 1791 173 1832 nis
214 1805 344 1847 usque
381 1791 431 1832 ad
470 1794 549 1832 boc
589 1798 776 1846 tempus,
825 1793 1026 1849 expositis
1055 1793 1209 1847 copiis,
1254 1796 1530 1849 quodcunque
1559 1792 1766 1848 placeret,
1801 1792 1874 1834 eli-

109 1853 232 1909 gendi
262 1859 443 1908 potestas
473 1855 562 1894 fuit.
1887 1865 1921 1891 2⁵

223 1919 264 1957 6.
311 1918 370 1957 Ac
410 1921 574 1957 veteres
616 1916 784 1972 quidem
823 1917 1049 1971 scriptores
1081 1919 1181 1959 artis
1210 1931 1342 1973 usque
1372 1930 1394 1957 a
1425 1916 1612 1972 principe
1643 1916 1714 1958 illo
1747 1922 1872 1970 atque

110 1976 328 2019 inventore
359 1977 468 2019 Tisia
498 1981 697 2033 repetitos
726 1993 855 2021 unum
884 1980 926 2021 in
957 1982 1095 2022 locum
1126 1981 1327 2021 conduxit
1355 1979 1598 2021 Aristoteles
1629 1985 1669 2021 et
1689 1979 1874 2020 nomina-

110 2040 183 2080 tim
213 2040 413 2094 cuiusque
442 2046 663 2096 praecepta
692 2055 839 2095 magna
869 2042 1102 2096 conquisita
1131 2057 1229 2083 cura
1250 2043 1469 2097 perspicue
1490 2041 1733 2097 conscripsit
1753 2046 1874 2096 atque

111 2103 287 2144 enodata
316 2101 540 2157 diligenter
579 2104 796 2159 exposuit3
843 2118 890 2146 ac
933 2110 1093 2146 tantum
1129 2104 1419 2146 inventoribus
1457 2103 1558 2159 ipsis
1598 2104 1796 2144 suavitate
1836 2108 1876 2143 et

110 2162 312 2206 brevitate
343 2166 506 2206 dicendi
536 2167 764 2219 praestitit,
798 2171 844 2208 ut
872 2181 996 2208 nemo
1027 2166 1194 2208 illorum
1225 2171 1445 2221 praecepta
1472 2179 1528 2207 ex
1550 2165 1736 2220 ipsorum
1758 2163 1874 2205 libris
1887 2176 1921 2202 ³0

111 2232 357 2281 cognoscat,
390 2229 465 2269 sed
495 2241 664 2277 omnes,
698 2230 790 2285 qui,
823 2228 936 2285 quod
966 2229 1026 2271 illi
1055 2229 1332 2285 praecipiant,
1376 2227 1504 2269 velint
1532 2226 1788 2280 intelligere,
1823 2225 1875 2267 ad

110 2288 221 2330 hunc
257 2289 374 2345 quasi
413 2289 465 2332 ad
502 2290 707 2347 quendam
747 2291 876 2333 multo
908 2291 1238 2333 commodiorem
1271 2290 1567 2346 explicatorem
1598 2293 1872 2332 revertantur.

111 2354 153 2392 7.
186 2354 319 2408 Atque
348 2352 415 2394 hic
445 2353 613 2408 quidem
645 2354 733 2409 ipse
763 2359 804 2395 et
832 2367 923 2396 sese
954 2354 1090 2408 ipsum
1121 2353 1242 2395 nobis
1273 2358 1314 2394 et
1343 2366 1440 2401 θος,
1487 2353 1555 2408 qni
1586 2357 1677 2393 ante
1709 2365 1752 2393 se
1783 2350 1874 2392 sue-

110 2419 225 2462 rant‚
258 2415 300 2456 in
328 2415 468 2457 medio
497 2415 662 2469 posuit,
694 2421 740 2458 ut
769 2421 810 2458 et
839 2421 1000 2457 ceteros
1032 2421 1073 2457 et
1102 2430 1147 2457 se
1179 2415 1315 2471 ipsum
1337 2428 1413 2470 per
1433 2428 1476 2456 se
1497 2427 1870 2469 cognosceremus;

112 2474 163 2517 ab
206 2477 288 2518 hoc
328 2483 464 2519 autem
504 2478 576 2533 qui
619 2478 796 2533 profecti
836 2485 950 2527 sunt,
1001 2491 1253 2534 quamquam
1292 2477 1334 2518 in
1366 2476 1554 2518 maximis
1586 2475 1871 2531 philosophiae
1886 2484 1920 2511 ³⁵

112 2538 299 2592 partibus
329 2553 483 2596 operae
513 2540 737 2596 plurimum
766 2546 1132 2595 consumpserunt,
1182 2539 1286 2581 sicut
1315 2545 1356 2581 et
1384 2540 1492 2595 ipse,
1544 2540 1660 2580 cuius
1689 2538 1872 2579 instituta

112 2603 417 2658 sequebantur,
465 2603 644 2653 fecerat,
690 2609 824 2645 tamen
861 2603 1065 2660 permulta
1095 2602 1218 2643 nobis
1248 2606 1469 2657 praecepta
1499 2600 1661 2642 dicendi
1692 2599 1872 2653 relique-

113 2670 225 2706 runt.
285 2666 422 2721 Atque
459 2665 530 2707 alii
569 2680 736 2722 quoque
778 2665 859 2707 alio
903 2680 954 2708 ex
995 2667 1110 2707 sonte
1140 2669 1431 2720 praeceptores
1461 2664 1622 2704 dicendi
1656 2673 1872 2703 emanave-

114 2732 230 2775 runt,
279 2729 350 2784 qui
379 2728 478 2770 item
507 2729 761 2784 permultum
791 2730 842 2770 ad
873 2728 1115 2776 dicendum,
1161 2726 1196 2768 si
1226 2726 1325 2782 quid
1355 2740 1422 2767 ars
1453 2724 1637 2779 prolicit,
1680 2722 1869 2777 opitulati

115 2794 224 2831 sunt.
283 2792 386 2832 Nam
427 2791 506 2832 fuit
548 2797 736 2848 tempore
776 2791 949 2841 eodem,
999 2804 1082 2847 quo
1119 2789 1382 2838 Aristoteles,
1433 2800 1605 2841 magnus
1645 2791 1683 2826 et
1720 2783 1920 2830 nobilis40

114 2851 258 2896 rhetor
287 2854 510 2906 Isocrates;
555 2854 672 2897 cuius
700 2853 829 2910 ipsius
859 2868 984 2910 quam
1015 2857 1175 2895 constet
1204 2865 1294 2893 esse
1324 2857 1474 2899 artem,
1506 2863 1587 2890 non
1617 2846 1866 2889 invenimus.

209 2969 241 3002 1.
268 2976 338 3000 uno
363 2977 398 3001 se
421 2970 459 3001 in
480 2979 625 3011 corpore
642 2971 751 3003 PRT:
778 2978 849 3002 uno
874 2970 912 3002 in
936 2978 970 3001 se
995 2976 1138 3009 corpore
1154 2967 1198 3006 A,
1224 2976 1294 2999 uno
1318 2968 1356 2998 in
1373 2973 1517 3005 corpore
1533 2972 1568 2995 se
1586 2964 1625 2995 E.
1649 2980 1685 2986 —
1715 2961 1871 3015 emnibfas

116 3025 159 3050 ex
173 3016 334 3057 partibus
352 3015 491 3048 PART:
519 3018 614 3049 omni
636 3021 795 3059 exparte
814 3018 851 3049 E.
874 3034 911 3040 —
939 3018 973 3047 2.
995 3017 1051 3047 Ιια
1067 3015 1184 3046 Schol.
1205 3014 1296 3046 Oud.
1311 3037 1319 3052 ‚
1341 3013 1436 3052 prob.
1458 3012 1538 3043 Ern.
1560 3027 1597 3033 —-
1628 3010 1684 3042 10.
1710 3008 1769 3051 tis]
1804 3009 1872 3062 latis

117 3064 145 3095 Τ
161 3087 170 3102 ,
195 3063 246 3094 his
272 3063 409 3095 PARE.
429 3080 471 3086 -
497 3063 554 3096 14.
581 3065 672 3097 vitia
696 3067 765 3096 eius
790 3072 921 3105 quoque
937 3062 1070 3095 PAnT.
1091 3078 1134 3083 —
1159 3062 1216 3093 15.
1235 3060 1271 3099 α]
1299 3069 1315 3091 c
1332 3059 1452 3091 Lamb.
1474 3074 1513 3080 -
1541 3057 1598 3089 17.
1626 3057 1872 3098 arroqanttam

116 3110 238 3142 PART
265 3113 299 3142 et
325 3109 503 3149 plerique,
538 3111 590 3142 L:
630 3112 842 3152 arrogantia
875 3118 952 3142 cum
991 3110 1158 3142 Palatinis
1185 3107 1325 3139 Gruteri
1353 3106 1390 3137 E.
1430 3104 1533 3142 (lllud
1560 3108 1636 3135 est:
1682 3104 1872 3136 «caderent.

118 3159 154 3189 tn
179 3154 460 3197 arrogantiam»)
489 3172 528 3179 —
566 3156 623 3188 18.
660 3158 802 3190 inscitia
827 3157 926 3189 Leid.
955 3156 1020 3187 ΙΙΙ.
1059 3155 1254 3188 Schutzius.
1305 3152 1375 3183 Ct'r.
1412 3150 1605 3183 Gernhardl
1643 3149 1786 3183 Excurs.
1826 3148 1869 3180 ad

120 3204 193 3236 Cic.
219 3203 313 3236 Lael.
341 3207 375 3235 et.
400 3203 473 3235 Cat·
500 3211 532 3242 p.
559 3203 639 3235 293.
669 3221 709 3226 —
746 3205 803 3235 20.
833 3211 939 3243 quam
961 3203 1055 3234 illius
1075 3203 1217 3242 pictura
1242 3199 1368 3230 nobilis
1392 3199 1531 3230 eniteret
1556 3197 1582 3229 L
1598 3220 1607 3236 ,
1645 3205 1750 3237 quam
1775 3196 1871 3227 illius

118 3251 157 3282 in
180 3259 246 3282 sua
267 3251 410 3289 pictura
434 3249 580 3288 nobilis,
618 3250 758 3282 eniteret
794 3250 876 3281 Ern.
912 3251 1077 3288 suspicio.
1129 3247 1216 3279 Vide
1242 3244 1389 3278 Wetzel.
1418 3261 1459 3268 -
1500 3243 1558 3276 29.
1587 3252 1628 3275 ac
1652 3243 1792 3275 PART:
1833 3245 1870 3272 nc

120 3305 197 3330 cum
233 3297 346 3329 Schot.
382 3295 473 3328 Oud.
511 3300 546 3328 et
582 3295 682 3328 Lem.
719 3298 746 3327 l.
787 3296 827 3328 E.
864 3312 905 3319 —
948 3296 1005 3329 33.
1044 3291 1126 3334 sese]
1153 3301 1188 3326 se
1212 3291 1348 3324 PART.
1375 3306 1418 3315 —
1458 3289 1515 3324 34.
1558 3293 1590 3324 et
1624 3294 1705 3323 ante
1743 3293 1870 3322 ceteros

122 3353 190 3379 om.
217 3343 354 3376 PART.
394 3360 435 3367 —
472 3342 528 3376 36.
555 3343 658 3375 sicuti
682 3343 754 3384 ipse
778 3342 853 3375 ΑΤ.

197 3415 290 3445 Cicero
309 3414 338 3442 T.
358 3415 380 3446 1.
1402 3409 1429 3455 9
