2117 3762
779 281 820 322 C.
851 281 919 320 41.
952 281 1019 321 42.
1054 280 1120 321 43.
1742 282 1821 321 367

76 402 212 431 meum
244 387 440 429 iudicium
473 385 600 428 multo
632 386 760 438 magis
791 383 988 425 conlirmo
1022 384 1256 427 testimonio
1290 389 1330 426 et
1368 382 1520 424 iudicio
1562 388 1652 431 tuo;
1704 385 1823 426 simul

76 451 175 493 illud
214 453 398 505 gaudeo,
446 447 555 503 quod
596 454 637 488 et
677 446 900 501 aequalitas
942 454 1074 488 vestra
1117 454 1157 488 et
1196 461 1316 502 pares
1356 447 1561 487 honorum
1603 448 1752 498 gradus
1785 453 1824 488 et

75 515 223 554 artium
265 514 577 566 studiorumque
618 509 734 564 quasi
775 508 940 549 linitima
979 511 1166 550 vit-initas
1205 515 1359 550 tantum
1393 509 1509 548 abest
1539 505 1588 548 ab
1621 506 1823 548 obtrecta-

77 575 189 617 tione
221 582 260 616 et
291 576 466 621 invidia,
518 585 622 628 quae
655 570 759 611 solet
789 573 969 612 lacerare
1001 574 1246 627 plerosque,
1298 578 1342 612 ut
1381 586 1430 612 ea
1465 584 1546 611 non
1584 571 1708 611 modo
1740 585 1822 611 non

76 640 319 679 exulcerare
350 642 524 677 vestram
555 634 724 688 gratiam
770 632 838 673 sed
886 633 1007 674 etiam
1047 633 1267 674 conciliare
1299 634 1500 674 videatur.
1563 632 1681 682 Quali
1713 633 1853 673 enims

76 707 115 741 te
148 713 244 753 erga
275 698 390 740 illum
423 695 652 750 perspicio,
707 694 772 735 tali
814 697 927 736 illum
971 698 1010 736 iu
1051 702 1088 736 te
1128 695 1336 736 voluntate
1369 695 1600 750 iudicioque
1632 696 1821 749 cognovi.

80 764 169 803 157.
202 763 344 816 ltaque
375 759 496 800 doleo
529 763 568 798 et
598 757 703 798 illius
735 757 906 798 consilio
933 764 973 798 et
992 765 1059 798 tua
1082 773 1181 799 voce
1204 757 1403 812 populum
1428 760 1657 799 Romanum
1680 770 1823 798 carere

77 832 157 867 tam
178 822 270 864 diu:
301 822 414 877 quod
434 833 525 860 cum
548 833 622 874 per
652 834 694 860 se
726 819 950 860 dolendum
982 826 1063 867 est,
1095 826 1178 860 tum
1211 821 1340 860 multo
1373 821 1499 871 magis
1531 819 1822 867 consideranti,

75 888 127 926 ad
157 898 262 940 quos
293 886 369 925 ista
399 895 482 923 non
514 882 703 923 translata
737 883 836 928 sint,
887 884 960 922 sed
993 881 1132 923 nescio
1164 896 1246 937 quo
1281 888 1397 934 pacto
1431 882 1687 923 devenerint.
1750 881 1825 923 Ilic

74 948 250 994 Atticus,
281 945 497 991 Dixeram,
531 944 686 999 inquit,
720 958 741 985 a
773 944 999 999 principio,
1044 946 1094 985 de
1126 958 1170 985 re
1203 943 1366 999 publica
1397 951 1440 986 ut
1471 946 1706 987 sileremus:
1750 945 1823 986 ita-
1839 956 1875 981 10

75 1023 154 1065 que
178 1007 390 1049 faciamus.
453 1009 574 1055 Nam,
609 1009 641 1048 si
663 1009 740 1049 isto
763 1006 887 1048 modo
919 1006 1107 1047 volumus
1139 1006 1319 1059 singulas
1352 1020 1416 1047 res
1447 1006 1709 1056 desiderare,
1743 1022 1825 1048 non

75 1069 199 1112 modo
229 1071 432 1125 querendi
470 1072 542 1110 sed
585 1084 636 1110 ne
668 1071 834 1124 lugendi
867 1068 1034 1123 quidem
1064 1067 1187 1109 tinem
1218 1068 1489 1123 reperiemus.
1551 1072 1697 1110 XLIII.
1734 1072 1825 1112 153.

73 1135 297 1186 Pergamus
327 1146 452 1185 ergo,
486 1131 677 1186 inquam,
712 1133 763 1172 ad
793 1131 951 1186 reliqua
982 1137 1021 1170 et
1051 1131 1277 1171 institutum
1299 1131 1487 1172 ordinem
1509 1146 1822 1186 persequamur.

72 1197 240 1237 Paratus
269 1194 395 1249 igitur
425 1194 614 1236 veniebat
645 1196 834 1241 Crassus,
869 1194 1208 1248 exspectabatur,
1252 1193 1520 1243 audiebatur;
1570 1209 1592 1235 a
1624 1195 1825 1250 principio

72 1259 225 1306 statim,
274 1257 384 1312 quod
422 1264 509 1298 erat
547 1255 655 1310 apud
697 1270 789 1297 eum
829 1269 994 1308 semper
1032 1260 1288 1303 accuratum,
1335 1256 1639 1311 exspectatione
1679 1256 1824 1311 dignus
1841 1267 1875 1292 1⁵

71 1319 312 1370 videbatur;
347 1333 429 1362 non
460 1319 586 1360 multa
616 1318 780 1359 iactatio
813 1318 1024 1372 corporis,
1057 1331 1140 1358 non
1170 1318 1381 1360 inclinatio
1403 1320 1534 1367 vocis,
1566 1319 1676 1361 nulla
1699 1321 1827 1360 inam-

72 1383 253 1432 bulatio,
302 1398 384 1424 non
427 1383 575 1422 crebra
613 1380 825 1436 supplosio
862 1379 1000 1434 pedis;
1048 1381 1273 1421 vehemens
1311 1386 1352 1422 et
1392 1381 1600 1424 interdum
1645 1384 1747 1423 irata
1787 1387 1826 1423 et

72 1448 195 1502 plena
231 1446 327 1486 iusti
363 1443 520 1487 doloris
559 1444 718 1492 oratio,
765 1442 916 1484 multae
948 1448 988 1483 et
1019 1456 1112 1482 cum
1149 1444 1347 1495 gravitate
1386 1445 1581 1495 facetiae;
1631 1444 1824 1500 quodque

73 1508 240 1552 difficile
273 1514 358 1556 est,
407 1505 515 1548 idem
547 1512 587 1547 et
617 1511 864 1559 perornatus
896 1511 937 1546 et
965 1503 1191 1560 perbrevis.
1254 1509 1345 1548 159.
1392 1508 1476 1548 lam
1517 1508 1559 1548 in
1590 1506 1825 1548 altercando

72 1571 230 1615 invenit
270 1584 412 1627 parem
454 1568 683 1609 neminem:
732 1573 917 1609 versatus
955 1574 1016 1609 est
1053 1567 1096 1608 in
1135 1569 1248 1609 omni
1285 1569 1372 1610 fere
1413 1583 1563 1624 genere
1595 1582 1877 1620 causarum;2>

73 1640 233 1676 mature
269 1635 311 1673 in
347 1632 483 1674 locum
521 1630 761 1683 principum
801 1638 1011 1670 oratorum
1054 1628 1177 1671 venit.
1238 1633 1453 1673 Accusavit
1493 1634 1536 1674 C.
1569 1633 1824 1681 Carbonem,

76 1696 459 1752 eloquentissimum
488 1692 723 1750 hominem,
769 1691 988 1734 admodum
1021 1693 1284 1736 adolescens:
1330 1708 1530 1736 summam
1561 1696 1714 1749 ingenii
1745 1710 1828 1737 non

73 1759 238 1800 laudem
275 1759 420 1804 modo,
468 1757 539 1796 sed
580 1754 702 1796 etiam
740 1756 1055 1796 admirationem
1086 1764 1147 1799 est
1176 1762 1435 1799 consecutus.
1496 1759 1590 1799 160.
1637 1756 1830 1799 Defendit

74 1828 222 1875 postea
259 1819 459 1861 Liciniam
495 1818 718 1871 virginem,
765 1832 856 1858 cum
899 1832 1028 1859 annos
1068 1832 1217 1862 xxvn.
1257 1824 1374 1860 natus
1409 1825 1529 1860 esset.
1588 1823 1633 1861 In
1664 1832 1711 1860 ea
1740 1819 1828 1874 ipsa

73 1897 197 1925 causa
224 1881 303 1924 fuit
333 1879 695 1936 eloquentissimus
726 1879 1007 1935 orationisque
1037 1881 1126 1923 cius
1157 1883 1331 1935 scriptas
1354 1884 1550 1936 quasdam
1573 1887 1708 1935 partes
1730 1882 1828 1923 reli·
1843 1896 1878 1922 23

73 1946 173 2003 quit.
230 1944 371 1987 Voluit
407 1942 648 1984 adolescens
686 1942 729 1983 in
760 1941 924 1983 colonia
955 1945 1213 1986 Narbonensi
1245 1958 1395 1985 causae
1426 1946 1642 1999 popularis
1673 1945 1827 2000 aliquid

74 2008 276 2064 attingere
323 2020 498 2062 eamque
540 2005 770 2054 coloniam,
822 2010 866 2045 ut
901 2003 1020 2054 feeit,
1068 2007 1157 2060 ipse
1198 2008 1420 2048 deducere.
1479 2009 1621 2049 Exstat
1659 2009 1700 2049 in
1740 2022 1830 2049 eam

72 2070 208 2126 legem
243 2070 406 2118 senior,
450 2072 496 2109 ut
534 2068 590 2108 ita
631 2067 792 2115 dicam,
839 2080 962 2120 quam
1001 2074 1113 2111 aetas
1143 2069 1212 2111 illa
1240 2070 1424 2118 serebat,
1473 2070 1621 2112 oratio.
1679 2070 1830 2112 Multae

74 2132 226 2175 deinde
255 2145 426 2181 causae;
459 2128 532 2171 sed
560 2130 620 2170 ita
649 2130 795 2170 tacitus
827 2128 1085 2180 tribunatus,
1116 2138 1183 2181 ut,
1217 2131 1295 2173 nisi
1325 2133 1366 2173 in
1397 2145 1447 2174 eo
1473 2133 1716 2186 magistratu
1737 2148 1832 2175 coe-

74 2197 255 2238 navisset
293 2195 403 2248 apud
440 2205 691 2248 praeconem
723 2193 919 2233 Granium
950 2194 1076 2247 idque
1107 2194 1227 2236 nobis
1257 2194 1321 2236 bis
1352 2196 1601 2236 narravisset
1629 2195 1880 2244 Lucilius,30

74 2257 286 2300 tribunum
314 2256 371 2312 pl.
395 2254 648 2296 nesciremus
678 2253 819 2296 fuisse.
883 2257 976 2296 161.
1010 2258 1070 2297 Ita
1100 2271 1289 2311 prorsus,
1320 2257 1454 2312 inquit
1473 2260 1647 2300 Brutus:
1685 2260 1755 2299 sed
1777 2273 1829 2299 ne

77 2324 128 2363 de
160 2321 385 2362 Scaevolae
416 2316 582 2372 quidem
613 2316 823 2358 tribunatu
854 2317 1078 2373 quidquam
1104 2321 1309 2361 audivisse
1331 2319 1499 2368 videor,
1533 2326 1575 2361 et
1596 2334 1687 2361 eum
1709 2320 1832 2362 colle-

76 2397 170 2440 gam
202 2383 336 2426 Crassi
365 2379 490 2422 credo
520 2378 661 2420 fuisse.
724 2379 926 2421 Omnibus
957 2381 1123 2434 quidem
1154 2382 1266 2431 aliis,
1313 2383 1506 2438 inquam,
1546 2382 1589 2424 in
1619 2382 1832 2438 magistra-

76 2448 208 2495 tibus,
241 2446 316 2486 sed
346 2445 531 2485 tribunus
562 2455 670 2483 anno
701 2447 795 2495 post
824 2443 923 2492 fuit,
954 2456 1088 2500 eoque
1118 2446 1160 2486 in
1189 2445 1348 2486 Rostris
1378 2446 1546 2486 sedente
1581 2444 1707 2486 suasit
1736 2446 1830 2485 Ser-

76 2509 217 2553 viliam
247 2508 382 2562 legem
414 2509 595 2550 Crassus.
654 2507 755 2547 Nam
785 2519 999 2548 censuram
1030 2509 1118 2549 sine
1153 2507 1350 2549 Scaevola
1390 2510 1539 2563 gessit;
1587 2522 1681 2550 eum
1720 2509 1828 2549 enim
1845 2519 1879 2546 ³5

77 2571 360 2627 magistratum
397 2582 519 2610 nemo
559 2581 740 2622 unquam
780 2568 1072 2611 Scaevolarum
1108 2571 1268 2624 petivit.
1331 2572 1412 2612 Sed
1442 2570 1543 2612 haec
1575 2571 1706 2612 Crassi
1739 2583 1831 2611 cum

78 2636 189 2677 edita
218 2634 350 2675 oratio
383 2637 464 2680 est,
504 2644 628 2685 quam
658 2636 697 2671 te
729 2643 852 2684 saepe
882 2631 1030 2685 legisse
1061 2639 1175 2674 certo
1206 2634 1317 2682 scio,
1365 2639 1562 2689 quattuor
1592 2639 1632 2675 et
1662 2631 1831 2686 triginta

78 2705 165 2741 tum
203 2695 382 2739 habebat
419 2708 548 2735 annos
579 2691 832 2749 totidemque
863 2694 981 2735 annis
1012 2695 1110 2736 mihi
1140 2700 1273 2736 aetate
1303 2694 1557 2749 praestabat.
1615 2696 1688 2736 IIis
1719 2695 1830 2735 enim

80 2757 319 2802 consulibus
357 2771 448 2800 eam
490 2757 624 2811 legem
661 2757 812 2806 suasit,
863 2756 1014 2813 quibus
1054 2757 1139 2799 nati
1179 2771 1341 2806 sumus,
1391 2772 1484 2800 cum
1520 2758 1605 2813 ipse
1637 2763 1745 2799 esset
1775 2758 1827 2806 Q.

82 2821 290 2877 Caepione
321 2820 488 2863 consule
519 2825 638 2861 natus
669 2824 711 2860 et
741 2820 783 2860 C.
804 2819 969 2868 Laelio,
1002 2820 1180 2861 triennio
1203 2821 1292 2876 ipso
1316 2820 1453 2862 minor
1472 2834 1593 2876 quam
1614 2821 1830 2862 Antonius.
1843 2829 1880 2856 (ιο

83 2886 206 2934 Quod
244 2883 400 2925 idcirco
440 2884 587 2939 posui,
634 2888 701 2931 ut,
747 2881 909 2923 dicendi
940 2882 1082 2924 Latine
1112 2884 1243 2936 prima
1273 2883 1486 2925 maturitas
1517 2883 1558 2924 in
1588 2896 1668 2938 qua
1697 2887 1831 2923 aetate

83 2946 325 2995 exstitisset,
370 2952 509 3000 posset
544 2946 677 2987 notari
717 2949 758 2985 et
794 2945 1097 2998 intelligeretur
1133 2945 1216 2986 iam
1255 2948 1306 2987 ad
1344 2959 1548 2986 summum
1579 2957 1711 2997 paene
1742 2956 1832 2985 esse

82 3009 344 3065 perductam,
375 3014 420 3050 ut
449 3022 500 3050 eo
529 3008 632 3049 nihil
661 3008 791 3048 ferme
822 3008 1038 3062 quisquam
1069 3006 1221 3049 addere
1251 3013 1414 3063 posset,
1447 3007 1524 3048 nisi
1555 3006 1624 3060 qui
1654 3020 1677 3047 a
1697 3007 1832 3060 philo-

173 3123 208 3156 4.
236 3126 267 3154 et
289 3122 427 3154 invidia
452 3121 528 3154 libri
556 3126 688 3154 tantum
715 3130 784 3154 non
811 3129 951 3152 omnes:
978 3120 1178 3160 invidiaque
1204 3121 1284 3161 Lag.
1305 3121 1360 3152 20.
1390 3121 1418 3151 R
1443 3122 1495 3157 (re
1521 3129 1623 3158 vera,
1651 3128 1741 3153 non:
1771 3122 1832 3151 «ut

84 3173 134 3204 ait.
158 3171 322 3204 Riviusnz
359 3166 521 3208 Peterz),
565 3168 685 3200 Lamb.
717 3168 756 3200 E.
791 3185 833 3190 —
872 3171 911 3198 ut
939 3175 978 3198 ea
1004 3167 1225 3200 Schuetzius:
1270 3170 1306 3198 ut
1336 3168 1373 3198 in
1397 3175 1438 3198 ea
1463 3166 1538 3198 libri
1566 3170 1600 3199 et.
1624 3166 1673 3204 R,
1715 3167 1768 3198 uti
1792 3175 1833 3198 ea

84 3218 206 3250 Lamb.
235 3218 276 3249 E.
303 3232 342 3238 —
383 3215 439 3246 12.
467 3215 654 3254 quaerendi
689 3214 800 3246 Codd.
834 3213 1010 3251 nonnulli,
1052 3213 1200 3253 llervag.
1238 3213 1327 3244 Edd.
1362 3218 1442 3244 ante
1476 3212 1501 3243 E
1537 3219 1681 3252 excepto
1707 3213 1829 3245 Lamb.

86 3264 244 3297 Correxit
269 3272 309 3296 ex
334 3261 365 3293 R
391 3261 430 3292 E.
480 3261 569 3292 lttud
605 3261 772 3300 probabat
805 3261 1014 3300 Heusinger.
1054 3275 1094 3282 —
1136 3260 1192 3291 20.
1215 3268 1337 3298 parem
1361 3260 1493 3291 invenit
1517 3267 1594 3291 cum
1619 3259 1663 3291 D.
1700 3259 1767 3291 Gu.
1795 3261 1829 3291 1.

84 3311 199 3345 Peter.
227 3326 271 3334 -
296 3308 353 3340 28.
381 3311 477 3340 aetas
494 3307 558 3338 illa
576 3306 618 3337 D.
639 3307 699 3348 Lg.
723 3315 856 3340 omnes.
877 3307 944 3338 Gu.
964 3307 997 3337 1.
1018 3306 1052 3336 2.
1079 3305 1204 3339 Dresd.
1218 3306 1266 3337 R:
1294 3306 1355 3337 illa
1373 3309 1470 3338 aetas
1490 3311 1566 3345 post
1582 3306 1775 3346 Stephanos
1789 3305 1829 3337 E.

86 3372 130 3383 —
156 3359 213 3392 30.
241 3358 291 3391 bis
307 3355 405 3389 nobis
423 3353 489 3387 Gu.
512 3353 546 3386 2.
572 3353 698 3388 Dresd.
719 3370 757 3378 -
786 3363 854 3388 om.
874 3354 923 3387 bis
941 3354 989 3393 R,
1016 3353 1137 3386 Lamb.
1157 3369 1200 3375 -
1226 3351 1283 3385 38.
1311 3352 1344 3384 Is
1361 3354 1412 3393 R,
1430 3353 1478 3385 Iis
1495 3352 1687 3393 Corradus,
1712 3353 1827 3385 Beier.
