2117 3762
264 283 344 327 148
923 281 993 321 DE
1022 281 1348 324 INVENTIONE

259 393 432 433 fratrum
473 387 729 442 negligebat3
777 398 844 426 me
884 390 925 426 et
961 385 1161 439 populum
1197 389 1427 427 Romanum
1458 386 1607 427 vicisse
1639 384 1812 426 moleste
1842 384 2016 428 ferebat.

259 451 482 495 Infirmatio
517 456 597 492 est:
630 453 783 491 Tamen
812 461 834 487 a
864 446 990 487 fratre
1021 448 1298 490 indemnatam
1327 447 1466 490 necari
1491 462 1576 489 non
1599 447 1794 502 oportuit.
1853 450 1914 489 Ex
1937 462 2018 503 qua

258 515 455 557 iudicatio
487 511 554 553 fit:
591 512 692 552 Cum
723 507 895 550 Horatia
924 507 1100 550 fratrum
1133 516 1308 552 mortem
1337 512 1594 565 negligeret,
1628 511 1809 550 hostium
1840 509 2014 564 lugeret,

258 577 398 620 fratris
419 581 460 618 et
478 573 621 631 populi
640 571 815 612 Romani
837 571 1010 611 victoria
1040 585 1125 611 non
1155 574 1377 625 gauderet,
1413 572 1701 629 oportueritne
1733 587 1824 613 eam
1847 586 1870 612 a
1890 573 2017 614 fratre

229 642 538 682 sindemnatam
578 633 746 676 necari?
802 634 975 675 XXVII.
1024 634 1112 674 Hoc
1152 635 1194 673 in
1234 649 1384 688 genere
1416 650 1563 676 causae
1596 634 1803 687 primum,
1854 633 1887 675 si
1919 634 2017 688 quid

260 718 312 746 ex
343 702 489 743 ceteris
520 697 683 739 dabitur
713 693 1099 744 constitutionibus,
1149 697 1256 736 sumi
1288 699 1520 749 oportebit,
1569 698 1687 737 sicuti
1734 696 1776 737 111
1807 709 2020 751 compara-

259 767 372 808 tione
402 765 671 819 praeceptum
703 763 788 808 est3
840 764 1006 813 postea,
1039 758 1074 798 si
1105 771 1186 812 qua
1215 759 1387 800 facultas
1418 761 1518 808 erit,
1551 773 1627 815 per
1657 759 1836 814 aliquam
1869 759 2020 800 consti-

257 831 461 870 tutionem
489 823 628 871 illum,
675 822 719 862 in
751 834 874 875 quem
906 821 1062 861 crimen
1092 820 1390 869 transferetur,
1439 821 1682 871 defendere;
1735 824 1802 862 80.
1839 821 2016 869 deinde,

256 891 388 934 levius
419 901 507 929 esse
538 885 662 932 illud,
695 885 807 939 quod
839 885 880 924 in
910 885 1085 924 alterum
1116 889 1331 939 peccatum
1360 897 1455 924 reus
1485 884 1728 933 transferat,
1763 898 1885 939 quam
1907 885 2018 939 quod

207 967 243 993 ιο
257 954 344 1008 ipse
375 949 625 1004 susceperit3
672 952 819 1003 postea
855 946 1134 987 translationis
1174 945 1357 1001 partibus
1387 946 1447 986 uti
1479 952 1519 986 et
1551 949 1771 987 ostendere
1804 960 1827 987 a
1861 959 1942 1001 quo
1977 950 2018 986 et

257 1029 332 1070 per
376 1027 480 1069 quos
520 1017 562 1053 et
601 1024 682 1066 quo
722 1011 848 1051 modo
886 1014 927 1050 et
959 1022 1042 1063 quo
1074 1014 1260 1064 tempore
1291 1014 1361 1049 aut
1390 1008 1456 1061 agi
1488 1014 1557 1048 aut
1586 1008 1760 1050 iudicari
1793 1014 1864 1049 aut
1895 1009 2018 1049 statui

258 1080 308 1119 de
340 1090 389 1118 ea
418 1089 463 1116 re
495 1072 760 1123 convenerit3
796 1086 841 1113 ac
864 1071 986 1113 simul
1012 1073 1234 1112 ostendere
1264 1085 1349 1112 non
1380 1071 1616 1125 oportuisse
1646 1077 1739 1112 ante
1771 1069 2020 1126 supplicium

257 1152 380 1197 quam
410 1137 610 1179 iudicium
641 1136 923 1189 interponere.
985 1137 1090 1175 Tum
1120 1134 1234 1189 leges
1266 1146 1433 1188 quoque
1465 1138 1505 1173 et
1525 1133 1680 1174 iudicia
1700 1135 2021 1175 demonstranda

257 1208 371 1251 sunt,
404 1215 480 1255 per
509 1214 615 1255 quae
647 1200 829 1254 potuerit
858 1200 900 1239 id
930 1203 1174 1252 peccatum,
1209 1198 1320 1252 quod
1351 1200 1498 1250 sponte
1529 1209 1602 1236 sua
1632 1211 1728 1236 reus
1757 1197 1924 1251 punitus
1955 1197 2019 1243 sit,

206 1284 242 1312 15
257 1267 444 1308 moribus
466 1269 506 1305 et
525 1263 680 1304 iudicio
700 1262 918 1303 vindicari.
980 1260 1139 1301 Deinde
1171 1273 1323 1313 negare
1358 1256 1556 1312 [debebit]
1590 1257 1724 1299 audiri
1745 1264 1941 1312 oportere
1963 1259 2021 1304 id,

258 1330 370 1384 quod
400 1328 444 1368 in
475 1339 569 1367 eum
599 1323 781 1366 criminis
813 1322 1073 1371 conseratur,
1107 1324 1158 1362 de
1180 1335 1263 1377 quo
1285 1323 1318 1362 is
1339 1323 1451 1375 ipse,
1486 1323 1556 1376 qui
1577 1320 1788 1369 conferat,
1822 1320 2021 1362 iudicium

256 1392 348 1434 fieri
377 1389 581 1440 noluerit3
630 1393 671 1429 et
700 1389 762 1436 id,
804 1386 917 1441 quod
947 1386 1172 1426 iudicatum
1202 1399 1287 1425 non
1318 1384 1391 1432 sit,
1424 1397 1503 1437 pro
1533 1383 1687 1424 infecto
1720 1383 1867 1425 haberi
1897 1397 2022 1440 opor-

258 1461 366 1506 tere;
413 1456 480 1495 81.
511 1457 656 1508 postea
686 1449 985 1505 impudentiam
1019 1449 1304 1488 demonstrare
1336 1460 1507 1495 eorum,
1542 1447 1612 1502 qui
1645 1461 1740 1487 eum
1771 1461 1880 1488 nunc
1912 1448 2021 1501 apud

257 1518 416 1561 iudices
446 1518 661 1562 accusent,
696 1526 819 1568 quem
851 1513 940 1552 sine
970 1511 1178 1551 iudicibus
1208 1511 1287 1563 ipsi
1320 1509 1659 1559 condemnarint3
1693 1514 1734 1550 et
1763 1510 1814 1549 de
1846 1522 1897 1550 eo
1917 1508 2024 1550 iudi-

209 1598 245 1625 20
260 1583 369 1624 cium
398 1582 569 1627 faciant,
602 1579 652 1618 de
684 1590 766 1631 quo
797 1576 880 1615 iam
909 1575 989 1626 ipsi
1021 1573 1270 1627 supplicium
1301 1573 1568 1627 sumpserint.
1629 1573 1780 1613 Postea
1803 1572 2024 1624 perturba-

259 1646 415 1687 tionem
445 1641 587 1684 iudicii
616 1638 799 1680 futuram
833 1633 1046 1691 [dicemus]
1090 1640 1131 1675 et
1170 1635 1328 1675 iudices
1367 1634 1561 1688 longius,
1609 1648 1733 1688 quam
1772 1640 2022 1688 potestatem

257 1706 457 1754 habeant,
487 1713 812 1758 progressurOS,
848 1701 881 1740 si
913 1698 1035 1739 simul
1066 1702 1107 1738 et
1137 1696 1188 1738 de
1218 1711 1291 1739 reo
1323 1703 1364 1738 et
1393 1697 1443 1739 de
1475 1711 1553 1746 e0‚
1589 1711 1713 1753 quem
1744 1711 1840 1738 reus
1861 1702 2020 1752 arguat,

258 1769 502 1818 iudicarint;
546 1765 719 1813 deinde,
759 1764 841 1803 hoc
873 1762 907 1802 si
939 1761 1207 1802 constitutum
1238 1761 1313 1810 sit,
1345 1766 1391 1801 ut
1421 1767 1589 1814 peccata
1620 1760 1810 1801 homines
1842 1760 2023 1815 peccatis

260 1838 302 1874 et
330 1832 502 1873 iniurias
533 1827 696 1869 iniuriis
727 1825 1006 1873 ulciscantur,
1041 1829 1240 1879 quantum
1261 1823 1624 1865 incommodorum
1646 1828 1944 1877 consequatur;
1976 1836 2023 1863 ac

210 1912 245 1938 25
260 1897 294 1937 si
322 1896 434 1936 idem
461 1891 598 1934 facere
628 1891 742 1944 ipse,
790 1888 861 1944 qui
892 1902 1001 1928 nunc
1032 1892 1218 1935 accuset,
1265 1887 1488 1935 voluisset,
1534 1899 1587 1926 ne
1618 1885 1697 1927 hoc
1728 1887 1898 1941 quidem
1930 1887 2022 1940 ipso

259 1957 484 2015 quidquam
527 1967 633 2008 opus
676 1951 803 1994 fuisse
845 1950 1021 2000 iudicio;
1072 1950 1106 1990 si
1150 1963 1252 1990 vero
1298 1950 1424 1990 ceteri
1469 1962 1638 2003 quoque
1681 1947 1792 1989 idem
1836 1947 2018 1996 faciant,

260 2022 430 2062 omnino
475 2017 674 2059 iudicium
714 2013 874 2055 nullum
917 2012 1118 2054 futurum.
1179 2015 1244 2054 82.
1287 2014 1435 2053 Postea
1476 2012 1849 2060 demonstrabitur,
1898 2023 1951 2052 ne
1988 2011 2022 2050 si

258 2083 414 2125 iudicio
447 2080 615 2137 quidem
644 2078 715 2119 illa
746 2077 937 2119 damnata
970 2080 1103 2124 esset,
1149 2075 1192 2116 111
1233 2089 1356 2130 quam
1385 2076 1427 2115 id
1459 2075 1617 2114 crimen
1648 2075 1698 2114 ab
1730 2087 1802 2115 reo
1834 2071 2024 2113 confera-

259 2151 350 2195 tur,
388 2146 573 2201 potuisse
605 2141 713 2182 hunc
742 2141 880 2194 ipsum
911 2142 961 2180 de
991 2138 1061 2179 illa
1091 2137 1336 2193 supplicium
1369 2151 1556 2187 sumere;
1610 2151 1738 2192 quare
1779 2150 1871 2177 esse
1915 2135 2025 2176 indi-

211 2226 247 2252 30
262 2223 388 2263 gnum
439 2220 555 2253 eum,
606 2203 676 2260 qui
712 2218 764 2244 ne
796 2202 847 2244 de
879 2201 1071 2243 damnata
1101 2203 1268 2257 quidem
1298 2215 1456 2256 poenas
1487 2213 1652 2242 sumere
1682 2199 1771 2255 ipse
1802 2199 2021 2255 potuisset,

262 2273 313 2312 de
346 2284 394 2311 ea
423 2267 672 2324 supplicium
702 2267 951 2321 sumpsisse,
999 2278 1105 2320 quae
1143 2278 1195 2305 ne
1235 2266 1413 2306 adducta
1452 2265 1620 2319 quidem
1650 2264 1703 2305 sit
1731 2265 1775 2304 in
1805 2262 2019 2303 iudicium.

261 2332 422 2376 Deinde
453 2330 701 2387 postulabit,
732 2334 778 2369 ut
808 2330 969 2382 legem,
1002 2342 1083 2381 qua
1112 2327 1202 2382 lege
1233 2327 1406 2376 fecerit,
1439 2326 1637 2382 proferat.
1698 2326 1858 2367 Deinde
1879 2337 2024 2380 quem-

262 2397 487 2438 admodum
517 2396 561 2435 in
590 2393 900 2448 comparatione
930 2392 1308 2446 praecipiebamus,
1353 2396 1398 2431 ut
1428 2389 1554 2438 illud,
1602 2390 1713 2445 quod
1753 2389 2024 2443 comparaba-

261 2465 349 2508 tur,
381 2462 672 2500 extenuaretur
701 2458 752 2497 ab
784 2459 1022 2496 accusatore
1054 2467 1178 2508 quam
1208 2454 1408 2501 maxime,
1444 2451 1503 2493 sic
1532 2454 1576 2492 in
1605 2453 1687 2492 hoc
1719 2465 1872 2505 genere
1899 2462 2024 2505 opor·-

214 2538 249 2564 35
264 2522 367 2564 tebit
396 2522 504 2563 illius
535 2522 719 2575 culpam,
760 2518 803 2559 in
833 2530 958 2573 quem
989 2517 1148 2557 crimen
1179 2514 1472 2564 transferetur,
1518 2528 1610 2556 cum
1640 2515 1763 2556 huius
1793 2511 2020 2561 maleficio,

265 2585 411 2639 quise
450 2585 541 2624 iure
581 2582 729 2624 fecisse
769 2580 900 2629 dicat,
948 2592 1206 2632 comparare.
1267 2580 1417 2619 Postea
1447 2575 1815 2619 demonstrandum
1846 2581 1909 2616 est
1936 2588 2023 2616 non

265 2661 356 2688 esse
385 2645 489 2687 illud
521 2646 745 2693 eiusmodi,
778 2649 825 2684 ut
856 2642 909 2684 ob
940 2641 982 2683 id
1013 2643 1091 2682 hoc
1121 2640 1211 2682 fieri
1241 2642 1496 2683 conveniret.
1557 2644 1755 2683 Extrema
1784 2644 1867 2687 est,
1903 2643 1950 2679 ut
1978 2638 2023 2679 111

265 2709 600 2764 comparatione,
651 2707 875 2761 assumptio
918 2704 1183 2746 iudicationis
1225 2709 1266 2745 et
1302 2706 1353 2745 de
1392 2718 1441 2746 ea
1469 2718 1544 2759 per
1574 2701 1938 2758 amplificationem
1969 2714 2022 2743 ex

265 2771 575 2814 deliberationis
604 2769 838 2825 praeceptis
870 2768 1010 2810 dictio.
1068 2768 1259 2809 XXVIII.
1293 2768 1360 2808 83.
1393 2766 1599 2809 Defensor
1631 2771 1788 2814 autem,
1822 2777 1927 2820 quae
1947 2777 2023 2819 per

356 2914 390 2944 2.
418 2920 485 2954 quo
512 2909 554 2942 Α.
580 2927 616 2934 -
646 2909 680 2941 6.
707 2908 810 2940 sicuti
827 2908 874 2944 P,
901 2907 1022 2939 Lamb.
1042 2915 1051 2938 :
1080 2907 1170 2937 sicut
1186 2905 1290 2937 ΑΒΕ.
1314 2922 1349 2929 -
1376 2905 1410 2937 8.
1431 2903 1663 2944 transferetur
1680 2903 1770 2935 PAR
1790 2907 1824 2936 et
1842 2902 2018 2942 plerique:

265 2959 477 2999 transfertur
495 2958 522 2989 E
543 2967 619 2990 cum
639 2956 753 2988 Schol.
775 2960 808 2987 et
827 2956 1005 2987 Victorino
1025 2956 1059 2986 in
1079 2954 1273 2985 Comment.
1310 2953 1354 2984 At
1372 2952 1432 2984 ei'r.
1453 2950 1489 2991 ἕ.
1509 2952 1567 2983 82.
1592 2969 1629 2974 —
1659 2951 1693 2982 9.
1720 2960 1787 2983 esse
1802 2950 1890 2982 illud
1906 2949 2018 2981 PAR:

267 3014 335 3037 esse
352 3007 430 3037 illuc
449 3005 568 3037 Lamb.
590 3003 695 3045 («non
715 3005 789 3035 sine
810 3011 927 3039 causa,
948 3011 1024 3034 cum
1044 3005 1178 3032 constet
1195 2999 1369 3031 interdum
1388 3008 1427 3031 ex
1447 2999 1638 3030 litterarum
1657 2998 1905 3030 assimilatione
1922 2996 2019 3034 illuc,

264 3053 353 3083 istuc
372 3055 538 3092 scriptum
558 3061 652 3091 esse,
680 3050 907 3090 sequentibus
927 3050 1048 3081 litteris
1069 3057 1105 3087 0,
1126 3055 1183 3086 q.»
1203 3044 1393 3086 (lenssn.)
1413 3053 1482 3077 esse
1502 3045 1585 3086 (om.
1607 3044 1707 3086 illud)
1727 3045 1753 3076 E
1774 3053 1852 3076 cum
1874 3042 1971 3075 Voss.
1988 3043 2018 3072 1.

264 3096 365 3138 (illud
388 3103 586 3138 peccatum,
613 3099 705 3139 quod
728 3098 767 3128 in
794 3098 941 3128 alterum
966 3095 1077 3127 Oxon.
1105 3093 1224 3129 unus.)
1251 3110 1288 3117 -
1323 3093 1379 3124 10.
1406 3093 1459 3123 uti
1481 3092 1640 3132 partibus
1665 3092 1707 3124 V.
1734 3108 1776 3114 —
1820 3090 1877 3123 14.
1900 3089 2021 3130 poeni-

265 3148 320 3176 tus
339 3144 467 3186 Gryph.
489 3147 570 3177 duo.
593 3163 631 3169 —
660 3146 718 3177 15.
745 3144 875 3176 debebit
901 3153 967 3175 om.
989 3143 1028 3179 P,
1057 3140 1174 3173 Schol.
1195 3140 1294 3171 Voss.
1314 3139 1341 3170 1.
1362 3139 1408 3170 11.
1436 3139 1535 3170 Leid.
1555 3139 1619 3171 111.
1648 3139 1717 3171 Nos
1737 3138 1955 3171 seclusimus.
1975 3152 2021 3158 —-

266 3191 324 3223 17.
351 3192 474 3223 habere
497 3192 568 3223 ΡΑ.
599 3209 636 3216 -
665 3191 721 3224 18.
751 3200 871 3223 eorum
896 3190 1025 3222 debebit
1050 3189 1093 3220 R.
1122 3203 1163 3209 —
1189 3187 1246 3218 21.
1273 3183 1436 3226 dicemus]
1463 3187 1549 3218 dicet
1574 3186 1638 3219 Ox.
1658 3194 1762 3218 unus.
1791 3185 1870 3217 Del.
1896 3182 2016 3216 Lamb.

267 3243 301 3271 et
327 3238 522 3269 Schmzius.
572 3239 642 3270 Nos
668 3238 884 3271 seclusimus.
916 3255 953 3260 —
993 3237 1049 3267 25.
1078 3236 1220 3267 accusat
1244 3233 1314 3264 PR.
1343 3231 1399 3273 (Ut
1424 3242 1507 3271 nos,
1534 3230 1594 3274 A.)
1623 3250 1658 3255 —
1703 3233 1760 3264 30.
1789 3239 1922 3263 sumere
1948 3231 2020 3269 ipse

261 3286 432 3325 potuisset
460 3285 547 3315 PAR
574 3290 608 3316 et
633 3294 751 3318 omnes
778 3285 871 3318 Oud.
898 3287 1035 3324 praeter
1060 3281 1158 3315 Leid.
1187 3280 1237 3315 Ι..
1285 3288 1435 3319 quocum
1460 3289 1592 3312 sumere
1612 3280 1785 3319 potuisset
1822 3277 1903 3318 (om.
1931 3274 2019 3318 ipse)

265 3331 337 3363 LE.
365 3348 406 3353 —-
433 3331 490 3362 33.
518 3333 789 3370 comparabatur
815 3333 901 3366 AR:
929 3331 1189 3370 compararetur
1213 3327 1239 3358 P
1266 3331 1299 3359 et
1324 3335 1376 3366 pr.
1404 3326 1534 3361 schot..
1562 3330 1780 3366 comparetur
1805 3324 1903 3364 Erf.,
1931 3332 2019 3357 com-

260 3378 452 3419 parabitur
478 3378 504 3410 E
532 3386 611 3410 cum
640 3378 734 3412 Cass.
768 3396 806 3403 —
835 3379 892 3412 37.
919 3377 1113 3411 convenerit
1138 3383 1227 3407 corr.
1254 3373 1304 3412 P,
1331 3378 1371 3407 ut
1393 3376 1588 3415 suspicatus
1615 3373 1877 3407 estErnesuus.
