2117 3762
288 257 369 299 382
1063 254 1264 296 BRUTUS

395 364 540 406 LXVI.
587 363 625 402 Is
657 361 782 413 igitur
810 355 1078 399 mediocriter
1108 372 1132 399 a
1161 360 1348 400 doctrina
1376 357 1624 406 instructus,
1665 360 1878 415 angustius
1919 360 2044 402 etiam

285 440 309 468 a
338 432 505 474 natura,
554 422 697 465 labore
738 426 777 462 et
813 419 1018 461 industria
1057 425 1098 461 et
1138 420 1251 475 quod
1285 420 1508 463 adhibebat
1537 420 1589 462 ad
1618 421 1865 464 obtinendas
1897 436 2040 464 causas

285 502 427 530 curam
470 489 589 529 etiam
635 490 675 525 et
717 483 914 536 gratiam,
965 482 1008 523 in
1054 481 1310 536 principibus
1352 484 1536 539 patronis
1577 482 1737 538 aliquot
1783 498 1911 526 annos
1951 484 2042 526 suit.

287 554 334 592 In
362 552 482 592 huius
515 548 701 590 oratione
733 560 870 587 sermo
902 544 1072 586 Latinus
1103 551 1214 594 erat,
1255 547 1385 587 verba
1413 560 1498 588 non
1528 544 1708 595 abiecta,
1740 561 1806 588 res
1837 548 2046 600 composi-

255 620 349 656 ⁵tae
389 611 629 664 diligenter;
679 607 814 649 nullus
853 606 929 648 ssos
968 612 1105 648 tamen
1144 621 1281 661 neque
1320 608 1459 650 lumen
1496 608 1649 659 ullum3
1702 610 1828 650 animi
1869 623 2042 664 magna,

284 675 397 718 vocis
427 686 552 729 parva
583 672 821 720 contentio,
855 669 996 712 omnia
1024 669 1113 711 fere
1142 676 1187 711 ut
1217 669 1404 712 similiter
1433 676 1556 726 atque
1586 685 1670 712 uno
1702 674 1827 713 modo
1859 673 2046 713 diceren-

285 745 365 781 tur.
427 739 529 777 Nam
560 734 682 776 huius
713 733 895 789 aequalis
927 739 968 774 et
997 732 1189 774 inimicus
1230 734 1272 775 C.
1302 731 1485 775 Fimbria
1515 748 1598 776 non
1628 734 1685 775 ita
1715 734 1787 775 diu
1815 735 1970 775 iactare
2000 747 2045 775 se

283 801 439 858 potuit3
494 799 564 853 qui
594 797 733 839 omnia
762 810 911 851 magna
939 809 1042 838 voce
1073 794 1233 844 dicens,
1278 793 1502 837 verborum
1541 809 1639 837 sane
1676 798 1884 838 bonorum
1921 810 2046 838 cursu

284 861 463 918 quodam
499 859 693 910 incitato,
739 859 794 901 ita
833 859 999 900 furebat
1039 863 1194 905 tamen,
1241 862 1287 898 ut
1324 858 1525 899 mirarere
1564 864 1648 899 tam
1688 859 1788 900 alias
1819 873 1886 901 res
1918 872 2045 913 agere

233 936 269 961 10
283 926 503 981 populum,
534 929 580 965 ut
611 928 718 965 esset
747 925 890 964 insano
922 923 1033 963 inter
1062 922 1240 962 disertos
1267 919 1397 961 locus.
1459 921 1556 962 234.
1591 922 1664 962 Cn.
1689 928 1826 964 autem
1848 921 2047 964 Lentulus

284 987 415 1029 multo
446 986 648 1028 maiorem
679 985 920 1040 opinionem
953 984 1116 1026 dicendi
1146 984 1307 1024 actione
1335 981 1539 1031 faciebat,
1587 998 1709 1039 quam
1740 991 1893 1041 quanta
1922 987 1965 1027 in
1996 997 2047 1026 eo

282 1050 452 1092 facultas
483 1054 593 1091 erat:
627 1050 699 1105 qui
731 1063 824 1090 cum
855 1053 965 1090 esset
993 1061 1071 1088 nec
1100 1050 1341 1100 peracutus,
1374 1058 1626 1099 quamquam
1655 1053 1698 1088 et
1727 1062 1780 1089 ex
1803 1047 1909 1089 facie
1933 1052 1974 1088 et
1995 1060 2048 1088 ex

282 1113 398 1154 vultu
426 1111 670 1161 videbatur,
704 1125 781 1153 nec
810 1110 1023 1152 abundans
1053 1108 1212 1157 verbis,
1245 1106 1322 1149 etsi
1350 1105 1518 1148 fallebat
1546 1106 1591 1148 in
1622 1121 1673 1149 eo
1693 1108 1806 1164 ipso,
1839 1110 1898 1152 sic
1920 1109 2048 1151 inter-

282 1175 419 1223 vallis,
466 1174 863 1223 exclamationibus,
908 1187 1011 1215 voce
1042 1172 1159 1214 suavi
1190 1177 1230 1213 et
1258 1183 1428 1217 canora,
1476 1169 1506 1221 ’ί-
1540 1169 1783 1214 admirando
1821 1172 2044 1220 irridebat,

234 1248 268 1273 1⁵
283 1238 443 1280 calebat
471 1237 515 1279 in
545 1239 732 1292 agendo,
765 1242 811 1278 ut
841 1251 913 1285 ea,
947 1250 1053 1292 quae
1084 1237 1275 1281 deerant,
1308 1246 1392 1274 non
1422 1231 1774 1276 desiderarentur.
1830 1237 1912 1284 Ita,
1943 1240 2048 1276 tam-

282 1316 407 1357 quam
439 1302 563 1342 Curio
594 1300 714 1356 copia
743 1299 940 1341 nonnulla
969 1300 1218 1344 verborum,
1250 1295 1363 1337 nullo
1396 1295 1477 1337 alio
1504 1298 1639 1345 bono,
1674 1297 1808 1338 tenuit
1828 1302 2044 1339 oratorum

282 1365 443 1407 locum:
495 1366 592 1405 235.
641 1365 699 1405 sic
738 1361 936 1403 Lentulus
982 1366 1216 1403 ceterarum
1260 1358 1458 1401 virtutum
1506 1358 1671 1400 dicendi
1715 1358 2046 1401 mediocritatem

283 1429 446 1470 actione
477 1427 719 1474 occultavit,
753 1426 795 1466 in
825 1438 906 1479 qua
935 1423 1142 1465 excellens
1172 1422 1271 1472 fuit3
1304 1435 1441 1477 neque
1462 1421 1591 1463 multo
1613 1435 1731 1463 secus
1760 1423 1806 1463 P.
1830 1423 2044 1471 Lentulus,

283 1490 398 1532 cuius
422 1496 462 1532 et
483 1489 747 1544 excogitandi
779 1492 820 1529 et
850 1486 1049 1542 loquendi
1079 1487 1314 1527 tarditatem
1344 1486 1510 1538 tegebat
1538 1484 1697 1526 formae
1727 1484 1921 1539 dignitas,
1952 1499 2049 1528 cor-

233 1565 268 1590 20
283 1557 398 1611 poris
428 1559 566 1595 motus
596 1552 742 1608 plenus
772 1556 812 1591 et
841 1550 939 1590 artis
971 1555 1011 1590 et
1039 1549 1286 1598 venustatis,
1319 1549 1433 1590 vocis
1455 1552 1495 1588 et
1515 1549 1694 1589 suavitas
1719 1553 1760 1588 et
1782 1547 2043 1603 magnitudo,

283 1620 341 1662 sic
379 1619 422 1661 in
463 1619 543 1658 hoc
583 1614 688 1656 nihil
727 1617 892 1667 praeter
928 1611 1133 1653 actionem
1175 1610 1273 1659 fuit,
1321 1617 1459 1652 cetera
1498 1610 1622 1652 etiam
1661 1611 1821 1652 minora
1852 1625 1975 1665 quam
2003 1612 2047 1652 in

283 1681 513 1738 superiore.
574 1678 738 1720 LXVII.
772 1678 868 1716 236.
911 1677 967 1716 M.
999 1675 1095 1715 Piso
1127 1675 1328 1730 quidquid
1357 1673 1527 1722 habuit,
1574 1671 1719 1715 habuit
1747 1687 1801 1715 ex
1832 1673 2047 1729 disciplina

283 1745 549 1798 maximeque
581 1755 633 1782 ex
654 1737 846 1781 omnibus
861 1769 872 1787 ,
905 1737 975 1792 qui
996 1742 1088 1778 ante
1109 1738 1300 1786 fuerunt,
1337 1736 1504 1779 Graecis
1527 1736 1726 1777 doctrinis
1750 1735 1935 1777 eruditus
1955 1734 2044 1777 fuit.

283 1806 438 1849 Habuit
467 1820 490 1847 a
518 1810 662 1846 natura
693 1815 821 1855 genus
852 1801 1061 1856 quoddam
1092 1799 1315 1848 acuminis,
1362 1799 1474 1855 quod
1514 1799 1637 1840 etiam
1678 1804 1767 1840 arte
1807 1798 2045 1847 limaverat,

233 1877 267 1903 ²⁵
284 1869 396 1925 quod
427 1872 515 1910 erat
544 1867 587 1908 in
615 1863 974 1919 reprehendendis
1003 1864 1143 1905 verbis
1174 1867 1390 1904 versutum
1420 1868 1459 1904 et
1489 1861 1655 1910 sollers,
1703 1860 1775 1902 sed
1806 1875 1932 1915 saepe
1963 1866 2048 1902 sto-

283 1933 546 1978 machosum‚
578 1940 873 1982 nonnunquam
903 1925 1125 1980 frigidum,
1156 1925 1364 1966 interdum
1386 1926 1509 1966 etiam
1528 1923 1720 1968 facetum.
1778 1925 1817 1965 Is
1838 1926 2042 1973 laborem,

284 1994 403 2051 quasi
432 2007 624 2041 cursum,
656 1990 869 2032 forensem
899 1988 1051 2030 diutius
1082 2002 1167 2029 non
1196 1988 1308 2034 tulit,
1342 1989 1453 2042 quod
1485 1991 1525 2027 et
1554 1999 1733 2041 corpore
1765 1991 1853 2027 erat
1879 1984 2045 2027 infirmo

283 2064 324 2100 et
343 2056 560 2099 hominum
581 2053 756 2109 ineptias
777 2067 825 2093 ac
855 2050 1070 2099 stultitias,
1102 2064 1208 2105 quae
1240 2049 1501 2091 devorandae
1532 2049 1654 2090 nobis
1685 2054 1800 2096 sunt,
1832 2062 1915 2090 non
1937 2047 2047 2090 sere-

282 2120 351 2163 bat
390 2118 712 2172 iracundiusque
750 2112 972 2170 respuebat
1009 2114 1097 2154 sive
1136 2125 1324 2160 morose,
1371 2118 1416 2153 ut
1452 2113 1696 2167 putabatur,
1747 2111 1833 2153 sive
1863 2112 2045 2165 ingenuo

232 2189 269 2216 ³⁰
282 2184 500 2238 liberoque
530 2179 714 2222 fastidio.
775 2179 814 2218 Is
845 2190 939 2218 cum
970 2175 1067 2217 satis
1097 2173 1307 2216 floruisset
1337 2173 1600 2222 adolescens,
1641 2175 1778 2215 minor
1806 2173 1955 2215 haberi
1985 2178 2047 2215 est

284 2252 457 2301 coeptus
494 2248 653 2300 postea.
713 2240 873 2282 Deinde
912 2252 964 2279 ex
1001 2238 1207 2292 virginum
1245 2236 1401 2279 iudicio
1439 2250 1628 2291 magnam
1660 2236 1825 2278 laudem
1857 2241 1919 2277 est
1949 2236 2047 2278 ade-

281 2316 376 2367 ptus
407 2313 448 2350 et
477 2321 529 2349 ex
559 2320 609 2348 eo
638 2310 828 2357 tempore
861 2303 979 2357 quasi
1008 2306 1224 2343 revocatus
1254 2302 1297 2341 in
1327 2313 1494 2340 cursum
1524 2298 1656 2340 tenuit
1685 2300 1823 2339 locum
1853 2303 1938 2340 tam
1959 2299 2044 2347 diu,

284 2385 407 2428 quam
437 2369 550 2412 ferre
578 2367 713 2424 potuit
742 2365 949 2416 laborem3
982 2370 1150 2418 postea,
1185 2368 1381 2418 quantum
1413 2364 1592 2403 detraxit
1622 2375 1675 2402 ex
1694 2363 1853 2411 studio,
1887 2366 2046 2404 tantum

284 2434 420 2477 amisit
450 2448 502 2475 ex
532 2431 679 2487 gloria.
739 2431 835 2470 237.
880 2429 923 2472 Ρ.
954 2430 1128 2469 Murena
1156 2424 1361 2467 mediocri
1390 2425 1584 2479 ingenio,
1617 2426 1691 2465 sed
1721 2437 1871 2480 magno
1905 2424 2044 2467 studio

234 2503 270 2530 ³⁵
284 2512 428 2541 rerum
457 2501 669 2542 veterum,
708 2491 938 2533 litterarum
968 2496 1009 2532 et
1037 2489 1245 2531 studiosus
1277 2493 1318 2529 et
1346 2501 1432 2530 non
1461 2487 1700 2542 imperitus,
1742 2489 1895 2529 multae
1925 2488 2046 2528 indu-

285 2560 410 2603 striae
441 2563 483 2601 et
510 2557 648 2611 magni
677 2554 833 2596 laboris
863 2552 954 2594 fuit.
1017 2555 1061 2595 C.
1097 2550 1348 2593 Censorinus
1380 2550 1544 2591 Graecis
1574 2549 1721 2591 litteris
1751 2549 1849 2591 satis
1880 2549 2042 2599 doctus,

286 2624 398 2678 quod
426 2623 727 2677 proposuerat,
768 2615 976 2671 explicans
1006 2614 1219 2669 expedite,
1262 2627 1347 2655 non
1377 2615 1618 2654 invenustus
1648 2617 1785 2661 actor,
1828 2611 1901 2654 sed
1931 2613 2044 2654 iners

286 2691 328 2727 et
355 2683 545 2725 inimicus
574 2680 672 2723 fori.
732 2682 780 2721 L.
803 2679 953 2720 Turius
983 2690 1113 2731 parvo
1143 2677 1336 2731 ingeni0‚
1381 2674 1454 2717 sed
1494 2675 1623 2716 multo
1661 2674 1826 2724 labore,
1873 2688 2043 2731 quoquo

285 2747 412 2790 modo
441 2750 626 2802 poterat,
659 2755 782 2797 saepe
812 2740 999 2789 dicebat3
1032 2740 1172 2793 itaque
1204 2739 1243 2779 ei
1273 2752 1429 2791 paucae
1460 2739 1670 2779 centuriae
1700 2739 1752 2779 ad
1782 2737 2044 2780 consulatum

235 2815 272 2842 40
288 2810 522 2853 defuerunt.
583 2808 679 2848 238.
729 2806 772 2845 C.
805 2806 946 2845 Macer
984 2804 1226 2843 auctoritate
1256 2814 1421 2856 semper
1452 2799 1587 2854 eguit,
1637 2803 1708 2842 sed
1737 2799 1816 2841 fuit
1844 2805 2043 2855 patronus

286 2870 593 2928 propemodum
624 2867 977 2922 diligentissimus.
1037 2865 1171 2906 Huius
1200 2864 1235 2904 si
1264 2862 1372 2913 vita,
1420 2863 1454 2904 si
1490 2876 1655 2913 mores,
1698 2864 1733 2904 si
1762 2862 1898 2905 vultus
1928 2861 2045 2904 deni-

285 2956 2043 2976 fflffl

381 3022 414 3052 1.
441 3023 473 3052 et
499 3017 680 3059 angustius
707 3013 773 3047 Gu.
801 3014 834 3045 1.
854 3013 887 3044 2.
916 3011 1039 3044 Dresd.
1068 3010 1182 3042 Peter.
1232 3009 1277 3040 Ut
1301 3016 1384 3046 nos,
1411 3009 1519 3040 ceteri
1544 3007 1620 3040 libri
1650 3012 1683 3041 et
1706 3008 1750 3041 R.
1780 3025 1817 3032 —
1846 3008 1903 3041 14.
1931 3008 2042 3040 admi-

288 3067 400 3099 rando
425 3061 609 3103 irridebat]
637 3063 750 3094 Locus
777 3060 991 3099 desperatus.
1031 3058 1248 3089 admirantes
1280 3055 1461 3087 irretiebat
1492 3055 1689 3087 Schutzius.
1727 3072 1764 3078 —
1809 3056 1863 3088 15.
1891 3051 2038 3094 calebat]

290 3114 488 3154 calebatque
512 3113 591 3144 Par.
613 3109 659 3147 C,
702 3107 924 3148 capiebatque
949 3105 1138 3145 Scheving,
1180 3106 1211 3133 ec
1234 3103 1283 3133 sic
1317 3101 1450 3133 calebat
1482 3102 1677 3134 Schmzius.
1715 3100 1978 3141 (admirandum
2001 3102 2040 3133 in

289 3160 429 3190 modum
453 3159 588 3192 calebat
615 3156 722 3189 dubia
748 3154 910 3186 Ellendtii
936 3153 1111 3192 suspicio,
1151 3149 1359 3181 admirando
1386 3150 1541 3188 corporis
1566 3149 1686 3180 habitu
1716 3149 1872 3189 capiebat
1903 3146 2038 3187 Peter.)

293 3223 333 3230 --
360 3207 416 3238 17.
441 3205 607 3237 Lentulus
631 3204 693 3245 Lg.
721 3209 862 3235 omnes,
903 3199 969 3232 Gu.
996 3200 1029 3231 1.
1056 3199 1108 3230 Ra
1148 3197 1209 3229 Cn.
1240 3194 1409 3226 Lentulus
1435 3204 1513 3227 eum
1538 3196 1707 3228 Lambino
1734 3196 1774 3227 E.
1814 3212 1852 3219 -
1893 3193 1949 3226 18.
1975 3203 2039 3226 nec

290 3252 336 3285 D.
365 3251 432 3284 Gru.
459 3253 492 3282 1.
519 3253 553 3284 2.
580 3250 705 3283 Dresd.
731 3249 782 3286 R,
820 3247 937 3280 Peter·
976 3261 1018 3268 —
1059 3244 1117 3277 21.
1143 3240 1207 3283 sic]
1233 3242 1288 3273 An
1312 3242 1395 3274 sed?
1431 3243 1499 3275 On.
1529 3260 1566 3266 —
1610 3242 1666 3275 26.
1696 3243 1800 3275 etiam
1825 3250 1893 3273 om.
1922 3241 1966 3272 R.
1994 3257 2036 3264 —-

291 3301 349 3334 38.
375 3299 414 3330 L.
444 3297 590 3330 Thorius
606 3298 749 3338 Pighius
767 3294 808 3326 T.
828 3294 893 3326 111.
922 3302 956 3333 p.
975 3293 1055 3324 272.
1092 3290 1203 3323 Codd.
1228 3291 1434 3328 scripturam
1461 3287 1618 3322 defendit
1641 3289 1824 3321 Weichert
1849 3288 1892 3320 de
1917 3287 2035 3320 Poetis

291 3348 367 3382 Lat.
396 3353 430 3386 p.
449 3344 507 3377 97.
536 3361 574 3368 -
603 3344 660 3376 39.
688 3342 731 3385 ei]
752 3345 782 3374 et
799 3342 842 3374 D.
862 3341 924 3382 Lg.
951 3340 1106 3381 (praeter
1122 3337 1181 3371 53.
1199 3336 1257 3369 68.
1276 3334 1350 3377 Ι70.)
1375 3337 1464 3371 ven.
1484 3336 1517 3369 1.
1544 3336 1624 3370 Vat.
1653 3335 1718 3369 Gu-
1739 3336 1770 3368 1.
1789 3335 1822 3370 2.
1849 3334 1974 3368 Dresd.
1990 3335 2034 3368 R.
