2117 3762
286 247 368 288 378
1055 249 1253 292 BRUTUS

286 352 391 394 alius
419 352 462 395 in
492 353 569 394 alia
599 352 828 395 excellebat
855 351 1010 407 magis3
1056 354 1315 408 reperiebat,
1348 356 1447 411 quid
1477 354 1559 397 dici
1592 368 1698 409 opus
1729 360 1838 398 esset
1866 362 1906 400 et
1940 370 2043 412 quo-

283 416 412 458 modo
455 416 691 471 praeparari
730 420 770 455 et
807 428 889 469 quo
930 414 1023 456 loco
1064 416 1216 466 locari;
1266 418 1552 474 memoriaque
1583 432 1632 459 ea
1662 420 2043 473 comprehendebat

283 478 507 529 Antonius3
556 477 785 519 excellebat
814 482 951 518 autem
981 476 1168 527 actione3
1216 486 1412 537 erantque
1443 482 1481 522 ei
1513 483 1713 536 quaedam
1746 496 1800 522 ex
1830 483 1895 523 his
1924 482 2042 538 paria

285 555 378 582 cum
409 543 579 589 Crasso,
613 542 816 595 quaedam
849 541 971 581 etiam
1003 539 1237 593 superiora.
1296 544 1349 584 At
1379 543 1515 585 Crassi
1535 543 1666 598 magis
1688 542 1870 584 enitebat
1890 546 2038 586 oratio.

253 606 367 645 ⁵Nec
403 617 503 645 vero
547 602 729 658 Sulpicio
770 616 907 658 neque
939 603 1082 644 Cottae
1114 603 1254 645 dicere
1283 618 1504 657 possumus
1534 619 1671 660 neque
1703 608 1895 660 cuiquam
1927 608 2041 649 bono

284 665 440 708 oratori
469 679 556 706 rem
586 665 712 707 ullam
745 680 797 707 ex
826 665 906 707 illis
936 665 1118 720 quinque
1148 667 1333 720 partibus
1361 668 1482 723 plane
1505 674 1627 724 atque
1649 669 1820 710 omnino
1843 667 2039 711 defuisse.

282 730 378 769 216.
410 730 551 782 Itaque
581 727 623 769 in
656 728 833 770 Curione
863 730 942 770 hoc
973 727 1188 770 verissime
1219 730 1391 771 iudicari
1422 736 1581 783 potest,
1623 730 1737 772 nulla
1766 744 1812 771 re
1842 745 1926 773 una
1955 745 2043 772 ma-

282 791 342 844 gis
383 796 593 831 oratorem
637 791 921 832 commendari
964 804 1088 846 quam
1133 792 1361 833 verborum
1398 792 1619 846 splendore
1659 799 1699 834 et
1739 794 1874 849 copia.
1935 795 2045 835 Nam

281 866 373 893 cum
403 855 544 894 tardus
573 854 616 895 in
646 856 891 907 cogitando,
940 858 1026 894 tum
1057 855 1100 894 in
1129 853 1372 895 instruendo
1404 853 1621 910 dissipatus
1652 855 1742 897 suit.
1804 858 1891 898 LX.
1932 856 2044 898 Reli-

231 927 266 951 10
281 928 360 969 qua
399 913 481 956 duo
522 923 638 964 sunt,
685 931 808 970 agere
838 922 879 957 et
908 915 1170 958 meminisse:
1223 915 1265 957 in
1306 921 1482 971 utroque
1524 920 1747 960 cachinnos
1779 917 2042 960 irridentium

281 980 580 1020 commovebat.
641 982 778 1021 Motus
820 984 908 1020 erat
944 981 999 1027 is,
1047 993 1173 1033 quem
1210 985 1251 1020 et
1282 981 1325 1021 6.
1350 978 1478 1020 Ι1111115
1510 979 1552 1020 111
1581 986 1828 1035 perpetuum
1859 981 2042 1030 notavit,

281 1054 374 1081 cum
407 1055 458 1081 ex
489 1054 538 1082 eo
568 1042 612 1082 in
642 1047 860 1098 utramque
889 1047 1050 1097 partem
1083 1047 1169 1083 toto
1202 1054 1379 1096 corpore
1409 1041 1627 1083 vacillante
1659 1043 1880 1098 quaesivit,
1917 1044 2044 1094 «Quis

279 1097 524 1156 loqueretur
560 1118 582 1145 e
612 1106 790 1146 lintrem)
846 1110 887 1147 et
928 1107 999 1147 Cn.
1034 1103 1235 1152 Sicinius,
1282 1104 1408 1145 homo
1450 1105 1661 1159 impurus,
1708 1104 1781 1146 sed
1822 1105 2046 1147 admodum

279 1164 479 1207 ridiculus
509 1181 645 1221 neque
677 1167 789 1209 aliud
820 1168 862 1209 in
893 1181 944 1208 60
976 1168 1153 1208 oratoris
1185 1165 1318 1208 simile
1349 1165 1599 1222 quidquam:
1654 1169 1750 1208 217.
1782 1167 1818 1209 is
1848 1182 1942 1210 cum
1972 1169 2047 1210 tri-

229 1237 266 1263 15
282 1230 417 1269 hunus
456 1229 512 1282 pl.
544 1230 767 1272 Curionem
807 1235 848 1271 et
887 1231 1103 1271 Octavium
1143 1229 1333 1271 consules
1374 1231 1642 1282 produxisset
1673 1230 1884 1285 Curioque
1916 1233 2046 1273 multa

281 1291 474 1341 dixisset,
507 1292 677 1334 sedente
708 1295 780 1335 611.
806 1292 977 1335 Octavio
1008 1292 1186 1346 collega,
1220 1292 1292 1348 qui
1323 1290 1537 1333 devinctus
1569 1297 1658 1332 erat
1684 1291 1821 1333 fasciis
1845 1299 1885 1334 et
1905 1293 2044 1335 multis

278 1355 591 1396 medicamentis
632 1362 804 1410 propter
834 1354 1022 1396 dolorem
1055 1360 1220 1396 artuum
1251 1354 1484 1403 delibutus,
1538 1356 1838 1410 «Nunquamm
1886 1355 2043 1410 inquit,

283 1416 477 1465 «Octavi,
508 1417 689 1472 collegae
720 1423 790 1458 tuo
824 1419 997 1471 gratiam
1028 1416 1204 1467 referes;
1251 1418 1322 1471 qui
1352 1417 1432 1458 nisi
1461 1430 1504 1457 se
1535 1430 1611 1458 suo
1643 1430 1760 1458 more
1789 1416 2043 1467 iactavisset,

279 1479 404 1522 hodie
435 1486 475 1522 te
505 1482 597 1522 istic
629 1494 796 1522 muscae
829 1482 1150 1521 comedissent.»
1211 1481 1411 1521 Memoria
1442 1486 1579 1521 autem
1618 1478 1675 1520 ita
1713 1478 1792 1521 fuit
1828 1479 1955 1527 nulla,
2001 1485 2048 1522 ut

230 1556 266 1582 20
281 1543 521 1599 aliquoties,
553 1543 631 1584 tria
662 1557 755 1584 cum
786 1542 1095 1598 proposuisset,
1129 1548 1199 1584 aut
1219 1548 1408 1598 quartum
1430 1545 1602 1585 adderet
1624 1549 1695 1584 aut
1723 1543 1888 1584 tertium
1920 1557 2048 1598 quae-

279 1613 414 1656 reret;
460 1608 531 1662 qui
562 1606 605 1647 111
635 1605 790 1647 iudicio
821 1605 983 1659 privato
1014 1605 1081 1646 vel
1111 1606 1318 1654 maximo,
1368 1620 1462 1647 cum
1501 1619 1579 1659 ego
1611 1619 1689 1660 pro
1719 1605 1872 1647 Titinia
1902 1607 2046 1648 Cottae

278 1669 610 1725 peroravissem‚
658 1669 728 1710 ille
774 1675 916 1710 contra
960 1683 1027 1709 me
1071 1681 1148 1723 pro
1189 1669 1279 1709 Ser.
1316 1669 1470 1709 Naevio
1512 1668 1692 1716 diceret,
1738 1667 1875 1710 subito
1917 1673 2047 1711 totam

279 1745 442 1773 causam
482 1730 634 1773 oblitus
675 1737 736 1773 est
774 1733 899 1787 idque
938 1729 1149 1773 veneficiis
1192 1736 1232 1772 et
1266 1730 1527 1771 cantionibus
1559 1730 1736 1772 Titiniae
1766 1730 1919 1772 factum
1951 1743 2041 1772 esse

279 1793 454 1836 dicebat.
516 1796 612 1836 218.
655 1796 805 1848 Magna
836 1794 936 1835 haec
966 1793 1224 1834 immemoris
1254 1792 1410 1847 ingenii
1441 1795 1582 1847 signa:
1626 1795 1700 1835 sed
1731 1794 1834 1835 nihil
1863 1793 2044 1847 turpius,

227 1868 264 1894 25
279 1871 401 1912 quam
431 1859 542 1912 quod
574 1856 695 1898 etiam
725 1857 768 1898 in
799 1857 963 1911 scriptis
995 1855 1346 1905 obliviscebatur,
1379 1856 1479 1912 quid
1508 1856 1647 1911 paullo
1681 1862 1774 1898 ante
1807 1858 2040 1912 posuisset3

278 1925 324 1961 ut
352 1920 395 1960 in
426 1933 476 1960 eo
507 1919 641 1968 libro,
681 1921 753 1961 ubi
785 1934 828 1961 se
861 1925 1082 1960 exeuntem
1114 1933 1136 1960 e
1170 1925 1314 1960 senatu
1345 1924 1386 1959 et
1416 1933 1510 1959 cum
1540 1921 1672 1960 Pansa
1702 1925 1845 1961 nostro
1877 1926 1918 1960 et
1952 1933 2046 1961 cum

280 1983 460 2024 Curione
490 1981 574 2024 filio
607 1982 913 2038 colloquentem
944 1982 1062 2029 facit,
1104 1980 1213 2036 [cum
1244 1988 1432 2023 senatum
1464 1983 1612 2023 Caesar
1643 1981 1788 2022 consul
1818 1980 2043 2035 habuisset]

280 2044 497 2100 omnisque
536 2045 604 2087 ille
639 2059 776 2087 sermo
808 2044 953 2086 ductus
985 2059 1006 2085 e
1037 2045 1350 2098 percontatione
1387 2042 1482 2092 filii,
1530 2042 1630 2098 quid
1669 2045 1711 2084 in
1751 2050 1896 2085 senatu
1938 2049 2047 2085 esset

279 2113 438 2148 actum:
472 2107 516 2149 in
550 2123 632 2163 quo
663 2108 801 2149 multis
832 2107 972 2149 verbis
1002 2120 1095 2148 cum
1127 2105 1399 2147 inveheretur
1428 2107 1468 2146 in
1502 2108 1716 2147 Caesarem
1751 2107 1875 2148 Curio
1906 2104 2049 2160 dispu-

230 2171 465 2225 sotatioque
511 2176 620 2212 esset
657 2170 768 2212 inter
814 2183 910 2218 eos,
956 2175 1001 2210 ut
1038 2174 1100 2209 est
1139 2170 1397 2223 consuetudo
1441 2167 1725 2222 dialogorum,
1771 2181 1865 2209 cum
1904 2182 2042 2209 sermo

281 2238 390 2274 esset
417 2232 625 2275 institutus
655 2238 798 2274 senatu
835 2234 979 2278 misso,
1027 2244 1149 2286 quem
1193 2236 1381 2272 senatum
1427 2232 1577 2272 Caesar
1617 2229 1763 2271 consul
1802 2230 2043 2280 habuisset,

279 2294 545 2349 reprehendit
581 2309 651 2336 eas
689 2309 777 2341 res,
825 2308 926 2348 quas
966 2293 1078 2334 idem
1117 2295 1268 2334 Caesar
1306 2306 1414 2334 anno
1445 2298 1538 2348 post
1568 2298 1609 2334 et
1639 2292 1837 2347 deinceps
1866 2295 2043 2350 reliquis

279 2358 396 2398 annis
425 2357 794 2399 administravisset
821 2358 863 2398 in
895 2356 1037 2398 Gallia.
1094 2357 1201 2396 LXI.
1233 2358 1326 2396 219.
1359 2358 1463 2397 Τ11111
1494 2358 1646 2397 Brutus
1672 2356 1906 2405 admirans,
1939 2359 2046 2397 Tan-

281 2426 416 2462 tamne
444 2419 574 2462 fuisse
606 2419 886 2467 oblivionem,
937 2418 1094 2472 inquit,
1142 2420 1184 2459 in
1222 2419 1375 2471 scripto
1420 2419 1692 2472 praesertim,
1745 2424 1792 2460 ut
1821 2432 1873 2460 ne
1902 2419 2045 2473 legens

228 2493 266 2520 ³⁵
283 2482 448 2537 quidem
491 2497 675 2539 unquam
714 2482 912 2530 senserit,
959 2488 1158 2537 quantum
1193 2480 1336 2535 flagitii
1374 2483 1676 2523 commisisset?
1728 2482 1839 2532 Quid
1881 2487 2044 2528 autem,

280 2546 474 2600 inquam,
516 2548 665 2593 Brute,
707 2545 895 2594 stultius,
935 2559 1077 2599 quam,
1110 2544 1145 2586 si
1175 2558 1223 2586 ea
1252 2544 1493 2597 vituperare
1523 2543 1712 2592 volebat,
1744 2558 1850 2600 quae
1880 2544 2045 2597 vitupe-

280 2608 406 2657 ravit,
453 2622 537 2649 non
576 2622 627 2649 eo
664 2614 854 2662 tempore
892 2609 1111 2648 instituere
1149 2621 1405 2655 sermonem,
1452 2621 1545 2648 cum
1585 2607 1750 2648 illarum
1794 2620 1935 2648 rerum
1964 2606 2046 2648 iam

280 2676 470 2724 tempora
500 2672 821 2726 praeterissent?
873 2670 954 2712 Sed
984 2671 1040 2711 ita
1068 2676 1178 2711 totus
1209 2675 1337 2717 errat,
1381 2676 1426 2711 ut
1464 2669 1507 2710 111
1538 2668 1686 2711 eodem
1716 2683 1909 2711 sermone
1939 2668 2048 2710 dicat

280 2733 324 2774 in
354 2739 542 2776 senatum
572 2747 617 2774 se
648 2736 820 2776 Caesare
852 2733 1022 2775 consule
1052 2747 1138 2773 non
1168 2734 1391 2781 accedere,
1442 2731 1516 2773 sed
1544 2731 1586 2773 id
1617 2733 1726 2773 dicat
1754 2731 1847 2785 ipso
1877 2731 2046 2773 consule

376 2873 409 2903 2.
434 2872 744 2912 praepararelibri
760 2876 794 2904 et
808 2872 848 2903 R.
879 2871 1065 2904 Correxere
1083 2871 1261 2903 Manutius
1277 2894 1285 2907 ,
1305 2870 1518 2907 Lambinus,
1540 2870 1734 2902 Ernestius.
1752 2887 1794 2893 —
1821 2869 1856 2901 3.
1884 2874 1984 2901 erant
1997 2870 2041 2902 D.

285 2918 351 2951 Gu.
375 2920 407 2951 1.
429 2920 463 2950 2.
491 2919 615 2951 Dresd.
644 2920 757 2951 Peter.
788 2933 829 2939 -
854 2918 888 2949 lt.
916 2919 1048 2950 nitebat
1073 2918 1116 2949 D.
1137 2919 1198 2959 Lg.
1225 2927 1347 2949 omnes
1375 2917 1532 2957 (praeter
1550 2916 1624 2952 35.)
1654 2917 1740 2949 Ven.
1762 2918 1795 2948 1.
1827 2917 1946 2949 Ottob.
1974 2916 2042 2949 Gu.

284 2968 316 2997 1.
345 2967 377 2997 2.
405 2966 531 2997 Dresd.
563 2967 606 2997 R.
635 2966 749 2998 Peter.
789 2981 825 2986 -
870 2965 903 2996 6.
933 2974 1003 2997 rem
1030 2968 1197 3003 expunxit
1221 2964 1343 2996 Lamb.
1382 2979 1418 2985 -
1464 2963 1519 2995 13.
1550 2963 1708 3004 loquetur
1732 2964 1794 3004 Lg.
1825 2969 1962 3003 praeter
1984 2964 2042 2995 51.

284 3012 353 3045 Gu.
380 3014 412 3044 1.
440 3013 565 3045 Dresd.
595 3014 637 3044 R.
666 3030 705 3035 —
735 3011 790 3044 14.
819 3013 956 3043 oratori
982 3012 1042 3051 Lg.
1072 3017 1211 3051 praeter
1236 3012 1292 3042 20.
1319 3012 1366 3049 (iu
1387 3018 1457 3049 quo
1485 3015 1535 3042 est
1562 3014 1720 3042 oratore)
1745 3011 1796 3047 R,
1824 3011 1945 3043 Lamb.
1999 3011 2043 3042 Ut

283 3067 366 3096 nos,
402 3060 489 3092 Ven.
518 3061 551 3091 1.
580 3059 700 3091 Ottob.
729 3075 770 3081 —
798 3058 828 3089 is
854 3060 944 3090 enim
969 3068 1045 3090 cum
1071 3068 1148 3090 611111
1168 3059 1198 3090 R
1215 3059 1286 3089 sola
1306 3058 1439 3097 Meyer.
1463 3073 1502 3079 -—
1531 3057 1587 3089 25.
1617 3058 1884 3089 obliviscebatur
1908 3057 1951 3089 D.
1979 3057 2040 3095 Lg.

285 3114 426 3140 omnes,
452 3106 541 3138 Ven.
569 3107 601 3137 1.
631 3107 664 3137 2.
695 3105 760 3138 Gu.
790 3106 823 3136 1.
850 3106 882 3136 2.
911 3106 1035 3137 Ι)165(1.
1064 3106 1113 3143 R,
1142 3114 1224 3136 nos:
1259 3104 1518 3135 oblivisceretur
1545 3113 1623 3135 cum
1647 3104 1807 3137 Manutio
1834 3105 1875 3136 E.
1907 3121 1943 3127 —
1983 3104 2039 3135 27.

283 3151 347 3183 Vv.
375 3162 449 3183 cum
473 3169 487 3175 -
511 3169 524 3174 -
548 3153 724 3185 habuisset
749 3152 954 3184 seclusimus
981 3157 1120 3184 auctore
1148 3152 1322 3183 Schmzio.
1350 3167 1394 3172 —-
1419 3151 1476 3181 28.
1505 3151 1628 3182 ductus
1654 3154 1701 3182 est
1720 3160 1736 3182 e
1761 3151 1804 3182 de
1831 3158 1906 3182 mea
1931 3153 2042 3189 suspi-

285 3200 385 3230 cione
425 3199 573 3231 Ellendt.
612 3198 710 3238 (Scil.
738 3200 822 3231 Nor.
857 3199 937 3230 Asc.
976 3208 1027 3238 pr.
1063 3199 1185 3230 ductus
1220 3202 1267 3228 est
1299 3206 1393 3237 perc.
1425 3207 1494 3229 om.
1523 3196 1567 3238 e.)
1609 3214 1649 3220 —
1690 3198 1954 3237 percontatione
1977 3197 2039 3238 Lg.

287 3253 407 3277 omnes
435 3250 570 3284 praeter
596 3247 675 3278 53.:
713 3247 993 3285 percunctatione
1020 3246 1059 3277 E.
1099 3261 1138 3268 —
1182 3243 1239 3274 31.
1269 3244 1333 3276 Vv.
1360 3252 1457 3284 quem
1481 3261 1494 3266 -
1519 3261 1532 3266 -
1565 3244 1741 3276 habuisset
1765 3243 1907 3276 seclusit
1933 3243 1970 3274 E.
1999 3260 2040 3266 —

284 3291 341 3323 38.
368 3292 612 3331 praeterissent
639 3293 748 3324 Codd.
771 3299 902 3325 tantum
922 3301 988 3323 non
1009 3301 1149 3328 omnes,
1178 3291 1228 3321 R:
1253 3292 1516 3331 praeteriissent
1541 3291 1603 3322 Le.
1631 3291 1688 3322 20.
1716 3291 1757 3321 Ε.
1788 3307 1826 3312 -
1855 3289 1912 3320 39.
1941 3299 2041 3323 sena-

283 3342 357 3370 tum
381 3338 444 3379 Lg.
472 3337 528 3369 20.
555 3338 612 3371 35.
639 3339 697 3372 56.
724 3340 775 3379 R,
804 3344 876 3372 tum
901 3340 1099 3379 Manutius,
1125 3337 1270 3371 Lama-2
1297 3342 1424 3370 senatu
1449 3346 1526 3371 cum
1552 3338 1696 3379 reliquis
1723 3335 1834 3369 Codd.
1863 3336 1904 3368 E.
