2117 3762
792 254 890 294 LlB.
922 253 953 294 l.
1013 253 1056 296 C.
1089 253 1156 294 38.
1189 254 1257 294 39.
1820 259 1899 296 203

146 362 320 418 navigiis
358 363 504 403 rudem
541 374 631 403 esse
669 373 713 401 se
752 358 963 406 conliteri,
1014 359 1334 415 quinqueremes
1365 357 1588 400 autetiam
1619 357 1798 400 maiores
1830 374 1902 410 gu-

147 429 322 468 bernare
354 425 559 466 didicisse.
620 426 682 464 Tu
714 422 815 463 mihi
848 435 938 462 cum
969 423 1010 462 in
1042 423 1196 463 circulo
1230 421 1436 476 decipiare
1467 422 1692 462 adversarii
1735 422 1903 474 stipula-

147 489 329 530 tiuncula
360 494 401 528 et
431 502 523 528 cum
554 487 749 539 obsignes
778 483 949 525 tabellas
981 486 1139 525 clientis
1172 485 1253 531 tui,
1305 481 1455 537 quihus
1490 482 1532 524 in
1574 482 1735 523 tabellis
1774 484 1814 524 id
1853 485 1905 524 sit

146 551 364 605 scriptum,
399 564 480 604 quo
512 548 579 590 ille
613 546 819 602 capiatur,
853 560 930 600 ego
962 545 1034 588 tibi
1066 545 1190 588 ullam
1223 559 1387 586 causam
1420 544 1623 587 maiorem
1646 544 1905 586 committen-

147 614 238 654 dam
279 615 446 666 putem?
496 612 622 651 Citius
660 607 827 650 hercule
871 610 928 656 is,
981 610 1050 664 qui
1092 610 1269 649 duorum
1310 609 1560 649 scalmorum
1601 606 1831 649 naviculam
1862 607 1935 648 ins

145 681 269 731 portu
315 673 532 719 everterit,
583 673 625 712 in
678 671 841 712 Euxino
898 678 1026 726 ponto
1076 672 1410 724 Argonautarum
1460 683 1605 712 navem
1653 668 1907 725 gubernarit.

149 741 243 780 175.
278 735 412 786 Quid,
454 736 488 777 si
520 748 571 775 ne
602 747 754 789 parvae
788 732 954 787 quidem
987 747 1133 774 causae
1165 739 1258 774 sunt
1290 732 1363 774 sed
1394 747 1516 788 saepe
1548 733 1774 781 maximae,
1818 733 1907 788 qui-

147 802 225 842 bus
254 806 434 840 certatur
463 798 513 837 de
545 797 634 837 iure
666 795 801 843 civili,
853 795 964 852 quod
995 797 1159 836 tandem
1192 810 1238 835 os
1269 801 1331 836 est
1367 795 1476 836 illius
1515 797 1701 851 patroni,
1748 795 1819 851 qui
1857 794 1907 836 ad

147 877 216 904 eas
261 875 404 903 causas
444 858 532 899 sine
574 858 657 899 ulla
696 860 865 900 scientia
904 859 1005 899 iuris
1036 859 1160 899 audet
1190 860 1419 899 accedere?
1471 860 1586 908 Quae
1619 860 1754 912 potuit
1783 859 1908 912 igitur

148 939 238 967 esse
268 936 390 965 causa
419 922 551 962 maior
582 935 703 976 quam
736 921 845 962 illius
878 920 1045 962 militis?
1078 919 1128 961 de
1151 920 1267 962 cuius
1289 926 1423 962 morte
1456 935 1549 962 cum
1581 923 1750 963 domum
1780 920 1959 962 salsus1o

147 990 198 1029 ab
240 987 426 1028 exercitu
470 985 639 1025 nuntius
680 985 860 1025 venisset
898 991 938 1024 et
978 990 1096 1037 pater
1135 983 1249 1031 cius,
1299 998 1343 1023 re
1384 982 1563 1031 credita,
1619 989 1908 1025 testamentum

146 1053 344 1093 mutasset
373 1053 442 1095 et,
476 1060 598 1102 quem
630 1047 668 1088 ci
698 1046 831 1088 risum
864 1052 996 1095 esset,
1027 1046 1194 1087 fecisset
1223 1043 1422 1086 heredem
1462 1052 1651 1100 essetque
1682 1045 1769 1102 ipse
1799 1059 1910 1087 mor-

146 1118 262 1154 tuus:
295 1123 363 1151 res
394 1109 526 1150 delata
560 1116 621 1150 est
651 1112 702 1149 ad
734 1110 1037 1156 centumviros,
1070 1121 1162 1149 cum
1193 1107 1313 1148 miles
1344 1109 1511 1148 domum
1542 1109 1772 1150 revenisset
1801 1109 1909 1162 egis-

146 1180 291 1230 setque
322 1172 413 1227 lege
445 1173 486 1212 in
515 1171 789 1213 hereditatem
819 1179 1031 1228 paternam
1066 1169 1326 1225 [testamento
1354 1171 1531 1210 exheres
1552 1168 1691 1225 [ilius].
1752 1173 1907 1225 Nempe

145 1236 187 1279 in
219 1249 267 1277 ea
298 1248 421 1276 causa
451 1236 683 1289 quaesitum
716 1241 778 1276 est
808 1237 859 1276 de
890 1236 981 1275 iure
1012 1233 1141 1280 civili,
1175 1238 1369 1287 possetne
1400 1238 1668 1285 paternorum
1699 1235 1906 1275 bonorum
1922 1244 1956 1271 15

146 1297 322 1341 exheres
354 1310 444 1338 esse
476 1295 605 1344 filius,
638 1310 762 1351 quem
793 1303 911 1352 pater
942 1303 1188 1338 testamento
1218 1310 1355 1350 neque
1386 1297 1584 1336 heredem
1614 1309 1750 1350 neque
1780 1297 1909 1336 exhe-

146 1362 290 1403 redem
327 1359 561 1414 scripsisset
599 1360 867 1401 nominatim?
926 1360 1122 1401 XXXIX.
1169 1360 1262 1399 176.
1313 1359 1447 1408 Quid,
1500 1371 1580 1413 qua
1621 1361 1671 1399 de
1709 1372 1755 1399 re
1800 1357 1909 1399 inter

145 1421 362 1465 Marcellos
393 1427 434 1462 et
465 1422 659 1463 Claudios
691 1421 887 1475 patricios
926 1422 1171 1463 centumviri
1211 1419 1472 1468 iudicarunt,
1521 1434 1612 1461 cum
1642 1419 1825 1462 Marcelli
1856 1421 1908 1460 ab

145 1484 285 1527 liberti
315 1482 399 1525 filio
432 1483 584 1536 stirpe,
617 1482 773 1525 Claudii
804 1483 965 1540 patricii
996 1484 1182 1525 eiusdem
1212 1483 1389 1526 hominis
1420 1485 1694 1525 hereditatem
1717 1490 1836 1538 gente
1857 1482 1909 1524 ad

146 1563 190 1591 se
221 1546 378 1589 redisse
410 1545 618 1594 dicerent,
653 1560 790 1588 nonne
822 1546 863 1587 in
895 1561 944 1588 ea
975 1560 1096 1587 causa
1126 1545 1204 1588 fuit
1234 1545 1470 1588 oratoribus
1499 1550 1550 1588 de
1579 1552 1666 1588 toto
1699 1546 1837 1599 stirpis
1869 1551 1909 1587 et
1923 1557 1959 1583 20

148 1609 385 1665 gentilitatis
408 1609 499 1650 iure
522 1607 769 1649 dicendum?
805 1611 895 1653 177.
927 1608 1062 1658 Quid,
1096 1608 1208 1664 quod
1229 1608 1326 1650 item
1358 1609 1401 1650 in
1433 1608 1721 1650 centumvirali
1752 1607 1907 1649 iudicio

147 1678 350 1714 certatum
382 1684 472 1712 esse
503 1672 762 1726 accepimus,
811 1673 880 1727 qui
910 1674 1085 1712 Romam
1115 1671 1157 1712 in
1189 1673 1382 1713 exsilium
1413 1673 1616 1720 venisset,
1658 1673 1722 1712 cui
1753 1674 1907 1713 Romae

148 1736 338 1777 exsulare
368 1735 432 1774 ius
463 1740 593 1782 esset,
639 1734 673 1775 si
704 1748 747 1775 se
779 1736 829 1775 ad
860 1734 1039 1789 aliquem
1070 1735 1185 1790 quasi
1216 1740 1435 1787 patronum
1467 1734 1772 1789 applicavisset,
1804 1736 1909 1775 inte-

146 1803 338 1852 statoque
368 1802 477 1837 esset
508 1803 722 1844 mortuus,
757 1810 894 1838 nonne
925 1797 966 1838 in
999 1811 1045 1838 ea
1077 1811 1200 1838 causa
1231 1800 1293 1838 ius
1324 1797 1635 1852 applicationis,
1685 1799 1908 1839 obscurum

147 1873 244 1901 sane
277 1865 317 1900 et
347 1859 557 1912 ignotum,
598 1858 846 1914 patefactum
876 1860 918 1901 in
949 1858 1100 1901 iudicio
1132 1866 1254 1915 atque
1285 1859 1530 1901 illustratum
1562 1866 1623 1901 est
1654 1874 1675 1901 a
1706 1863 1958 1915 patr0n0‘225

149 1923 241 1964 178.
273 1920 407 1970 Quid,
447 1934 602 1976 nuper,
646 1935 739 1962 cum
771 1935 848 1976 ego
881 1924 922 1964 C.
948 1924 1079 1976 Sergii
1112 1924 1262 1963 Oratae
1293 1929 1438 1964 contra
1469 1925 1577 1963 hunc
1609 1929 1796 1963 nostrum
1828 1925 1909 1963 An-

146 1983 307 2026 tonium
338 1984 493 2025 iudicio
523 1984 685 2037 privato
717 1998 881 2025 causam
913 1984 1203 2031 defenderem,
1242 1999 1380 2027 nonne
1411 1984 1546 2026 omnis
1578 1991 1718 2026 nostra
1748 1987 1788 2025 in
1819 1986 1908 2025 iure

146 2052 310 2089 versata
351 2045 537 2087 defensio
582 2050 669 2088 est?
720 2047 823 2089 Cum
866 2047 976 2088 enim
1014 2050 1069 2089 M.
1094 2048 1247 2089 Marius
1288 2047 1548 2089 Gratidianus
1594 2047 1716 2088 aedes
1759 2051 1909 2088 Oratae

146 2108 403 2151 vendidisset
438 2123 574 2164 neque
614 2111 769 2151 servire
811 2113 1016 2165 quandam
1058 2124 1202 2152 earum
1239 2110 1401 2152 aedium
1441 2116 1601 2166 partem
1642 2111 1684 2150 in
1714 2109 1910 2162 mancipii

147 2174 240 2227 lege
271 2171 469 2221 dixisset,
522 2171 868 2221 defendebamus,
919 2173 1121 2229 quidquid
1151 2172 1296 2215 fuisset
1326 2173 1580 2215 incommodi
1611 2174 1651 2214 in
1683 2171 1957 2225 mancipio‚³0

148 2236 191 2276 id
221 2236 255 2276 si
285 2234 481 2277 venditor
516 2235 661 2277 scisset
699 2249 834 2290 neque
878 2238 1153 2285 declarasset,
1206 2244 1415 2290 praestare
1448 2235 1616 2278 debere.
1678 2237 1768 2275 179.
1817 2236 1908 2284 Quo

150 2297 318 2352 quidem
350 2297 392 2338 in
423 2310 575 2352 genere
606 2297 817 2339 familiaris
848 2304 991 2340 noster
1020 2302 1073 2340 M.
1094 2298 1341 2346 Buculeius,
1374 2300 1501 2340 homo
1533 2311 1668 2354 neque
1689 2311 1781 2338 meo
1805 2297 1912 2338 iudi-

150 2359 214 2401 cio
246 2358 392 2400 stultus
424 2366 465 2400 et
493 2373 570 2402 suo
600 2359 718 2402 valde
750 2361 915 2413 sapiens
945 2367 986 2402 et
1014 2364 1064 2403 ab
1095 2361 1200 2403 iuris
1229 2361 1367 2403 studio
1396 2375 1482 2403 non
1512 2360 1755 2409 abhorrens,
1788 2358 1910 2401 simili

150 2421 329 2478 quodam
385 2425 511 2464 modo
558 2436 691 2476 nuper
737 2422 904 2464 erravit.
980 2425 1083 2464 Nam
1127 2438 1221 2464 cum
1265 2425 1390 2465 aedes
1437 2426 1483 2466 L.
1520 2422 1634 2464 Fufio
1685 2424 1907 2469 venderet,

149 2486 192 2526 in
221 2484 427 2538 mancipio
458 2484 635 2533 lumina,
668 2487 725 2526 uti
757 2491 841 2526 tum
872 2491 1029 2534 essent,
1061 2485 1116 2527 ita
1146 2488 1317 2541 recepit.
1379 2485 1518 2528 Fufius
1551 2484 1742 2540 [autem],
1787 2482 1956 2524 simulas

151 2552 275 2602 atque
306 2545 512 2589 aedificari
543 2552 737 2603 coeptum
767 2554 830 2589 est
859 2549 901 2588 in
932 2550 1106 2603 quadam
1139 2556 1254 2604 parte
1285 2546 1421 2596 urhis,
1454 2562 1559 2603 quae
1591 2547 1715 2589 modo
1747 2559 1798 2587 ex
1828 2543 1909 2585 illis

151 2610 322 2652 aedibus
366 2611 549 2666 conspici
590 2615 749 2664 posset,
797 2610 881 2664 egit
917 2612 1054 2652 statim
1090 2624 1183 2652 cum
1214 2609 1438 2659 Buculeio,
1492 2608 1627 2665 quod,
1681 2609 1909 2661 cuicunque

244 2742 279 2773 1.
306 2750 377 2773 esse
401 2747 432 2773 et
457 2751 490 2774 se
516 2742 556 2774 B.
587 2759 624 2765 —
668 2743 701 2773 2.
732 2743 783 2774 Tu
808 2751 851 2774 ne
874 2743 958 2774 mihi
984 2743 1028 2774 R.
1067 2760 1104 2766 -
1151 2742 1182 2774 3.
1213 2745 1243 2773 et
1270 2751 1348 2773 cum
1372 2742 1399 2773 B
1427 2741 1579 2780 aliique,
1606 2740 1654 2771 R:
1695 2749 1769 2771 cum
1797 2740 1836 2770 E.
1864 2754 1909 2760 —-

153 2789 187 2820 AE.
215 2789 383 2827 rapiatur
407 2789 447 2820 B.
478 2805 518 2811 —
543 2788 576 2821 7.
606 2790 728 2829 quibus
754 2789 863 2821 Codd.
892 2790 960 2821 al.:
987 2791 1025 2821 in
1050 2789 1171 2830 quibus
1197 2789 1298 2820 BRE.
1331 2806 1365 2811 -
1395 2787 1430 2819 8.
1458 2789 1633 2828 qui-mos
1658 2787 1699 2817 R.
1730 2802 1768 2808 —
1799 2783 1906 2826 illius]

154 2836 229 2868 eius
253 2835 294 2865 B.
324 2851 364 2857 —
403 2836 458 2867 12.
487 2836 641 2868 heredem
665 2835 800 2876 fecisset
827 2837 866 2868 R.
897 2852 935 2858 —
980 2836 1035 2868 13.
1065 2839 1096 2867 et
1120 2844 1174 2867 res
1199 2836 1336 2867 delatae
1360 2839 1468 2866 essent
1491 2834 1542 2870 R,
1573 2842 1608 2864 re
1633 2833 1748 2864 delata
1773 2833 1819 2863 ad
1844 2833 1909 2864 Ba-

154 2883 246 2915 kius.
278 2897 313 2903 -
340 2883 486 2914 venisset
512 2883 551 2913 B.
591 2899 634 2904 —
676 2880 873 2924 eyissetque]
900 2887 1049 2924 essetque
1074 2883 1115 2913 R.
1158 2899 1197 2905 —
1240 2881 1296 2913 1-4.
1324 2883 1526 2913 testamento
1551 2880 1688 2911 exheres
1712 2879 1803 2920 filius
1829 2888 1908 2911 cum

155 2929 318 2961 Ernestio
345 2932 380 2959 et
406 2929 581 2960 Ellendtto
610 2930 830 2962 seclusimus.
868 2947 911 2951 —
952 2929 1078 2968 Nempe
1103 2926 1153 2968 in]
1183 2929 1224 2960 In
1249 2931 1331 2968 (om.
1359 2926 1492 2966 nempe)
1518 2926 1627 2957 Codd.
1655 2925 1739 2966 aliq.
1767 2926 1808 2957 T.
1852 2926 1910 2961 (Ut

155 2985 239 3012 nos,
268 2974 355 3009 BR.)
382 2988 424 2997 ·-
465 2975 527 3008 Vv.
555 2975 684 3017 Nempe
710 2977 749 3009 de
773 2986 813 3008 ea
838 2985 948 3007 causa
974 2975 1120 3008 delenda
1148 2980 1266 3008 censet
1291 2975 1431 3007 Bakius.
1467 2989 1508 2993 —-
1551 2971 1606 3003 18.
1641 2970 1698 3012 ab]
1724 2972 1765 3003 Δ.
1795 2972 1909 3013 (quasi

154 3021 253 3061 Auli)
280 3021 323 3052 R.
355 3038 392 3044 —
436 3021 494 3053 19.
519 3023 585 3064 filii
610 3024 651 3055 R.
682 3040 721 3045 —
763 3024 820 3055 20.
849 3023 999 3055 dicerent
1026 3022 1153 3053 redisse
1180 3022 1250 3053 BR.
1292 3039 1331 3045 -—
1374 3024 1403 3051 ec
1429 3018 1539 3049 Codd.
1571 3019 1641 3050 al.:
1669 3028 1710 3050 ac
1736 3019 1837 3050 BRE.
1866 3037 1909 3042 —

155 3070 214 3102 22.
242 3073 372 3099 certum
398 3068 438 3099 R.
466 3082 510 3091 —
550 3067 621 3110 qui]
646 3079 724 3102 cum
747 3070 886 3103 Ellendt
912 3071 1003 3100 coni.
1034 3068 1104 3100 Cl'r.
1131 3068 1283 3109 Madvig.
1311 3069 1338 3098 Ι.
1368 3076 1401 3106 p.
1429 3064 1507 3096 178.
1531 3081 1570 3086 -
1599 3062 1737 3105 Romae]
1766 3066 1910 3097 Romam

156 3116 196 3148 B.
227 3132 264 3138 -
306 3114 361 3146 23.
390 3115 445 3145 ius
468 3123 538 3146 non
563 3120 647 3147 esset
671 3117 714 3148 R.
743 3134 783 3140 —
821 3117 1047 3156 applicuisset
1073 3115 1114 3146 R.
1154 3131 1193 3137 —
1231 3115 1288 3146 24.
1323 3108 1450 3150 nonne]
1485 3111 1575 3143 Ante
1603 3112 1668 3142 hoc
1693 3121 1723 3145 v.
1752 3113 1908 3144 derectus

156 3163 252 3203 signa
280 3163 396 3199 posuit
421 3161 614 3193 Ernestius.
644 3180 682 3185 —
711 3162 768 3194 26.
799 3163 931 3194 Oratae
958 3163 1008 3192 bis
1036 3161 1144 3193 Codd.
1174 3162 1241 3196 al„
1269 3161 1322 3192 R:
1351 3161 1504 3190 Auraeae
1530 3157 1600 3189 BE.
1629 3174 1670 3180 -
1708 3158 1766 3189 27.
1794 3160 1831 3190 in
1856 3160 1909 3190 iu-

157 3209 250 3240 dicio
277 3208 397 3247 Steph.
427 3213 461 3240 et
486 3208 607 3239 Lamh.
635 3225 676 3232 -
703 3209 760 3240 28.
788 3210 836 3242 Μ.
865 3209 1003 3241 Marius
1030 3208 1055 3238 B
1082 3209 1232 3247 aliique,
1259 3208 1308 3238 R:
1335 3205 1474 3237 Marius
1501 3204 1540 3235 E.
1570 3221 1607 3227 -
1635 3203 1692 3236 32.
1720 3205 1908 3237 Bne-aleius

159 3254 268 3288 Codd.
290 3255 358 3287 al.:
386 3254 590 3286 Buccaleius
608 3254 710 3286 BRE.
732 3272 772 3278 -
799 3255 857 3286 33.
886 3255 928 3287 ab
956 3254 1065 3286 Codd.
1093 3255 1162 3286 ab:
1189 3264 1211 3286 a
1230 3253 1331 3284 BRE.
1355 3268 1391 3274 —
1419 3251 1523 3282 simili
1547 3252 1698 3291 quodam
1715 3251 1825 3283 Codd.
1845 3252 1905 3290 al.,

158 3302 208 3334 R:
234 3301 341 3332 simili
356 3302 395 3332 in
411 3310 447 3332 re
462 3301 613 3341 quodam
631 3301 704 3332 BE.
734 3318 771 3325 -
803 3301 860 3333 34.
878 3302 984 3333 Fusio
1002 3301 1043 3332 R.
1074 3317 1111 3323 -
1139 3299 1197 3332 35.
1218 3303 1301 3331 esset
1320 3298 1360 3328 B.
1390 3313 1429 3320 —-
1457 3296 1574 3338 Fufius
1598 3299 1687 3329 enim
1714 3298 1753 3336 Β,
1780 3299 1907 3329 Fusius

157 3357 240 3381 vero
256 3349 347 3382 enim
364 3347 405 3381 R.
432 3347 510 3381 Om.
531 3352 646 3381 autem
664 3347 749 3381 Cod.
770 3356 860 3381 unus
878 3347 1001 3382 Lamb·
1021 3347 1082 3390 Lg.
1101 3346 1136 3380 4.
1158 3351 1192 3380 et
1210 3346 1265 3379 17.
1285 3345 1356 3379 Nos
1374 3344 1591 3378 seclusimus.
1611 3361 1643 3368 —
1666 3344 1723 3378 37.
1738 3345 1849 3385 possit
1863 3345 1904 3377 B.
