2117 3762
230 246 312 291 404·
1000 249 1214 294 ORATOR

229 355 400 410 poterit.
460 355 598 396 Prima
619 353 728 395 enim
750 358 993 410 sequentem
1011 356 1234 399 honestum
1256 363 1317 399 est
1339 357 1380 399 in
1401 356 1592 399 secundis
1614 358 1830 413 tertiisque
1856 358 1990 401 consi-

230 425 354 461 stere.
402 421 505 459 Nam
523 417 566 458 in
585 417 720 470 poetis
741 429 827 457 non
847 418 1035 459 Homero
1057 418 1133 460 soli
1153 418 1268 462 locus
1290 427 1351 462 est
1370 445 1424 451 -
1444 426 1489 462 ut
1509 422 1560 462 de
1584 420 1750 463 Graecis
1770 421 1916 476 loquar
1937 445 1990 452 —

230 488 299 523 aut
327 480 577 522 Archilocho
607 484 676 519 aut
706 478 903 533 Sophocli
931 484 1003 520 aut
1036 481 1241 531 PindarO,
1289 485 1360 524 sed
1399 484 1550 524 horum
1594 483 1660 524 vel
1699 482 1888 524 secundis
1925 482 1992 524 vel

231 545 355 586 etiam
384 542 492 584 infra
521 542 741 582 secundos.
803 544 842 583 5.
872 544 958 584 Nec
995 557 1096 585 vero
1126 545 1391 586 Aristotelem
1422 547 1463 586 in
1495 546 1759 599 philosophia
1789 544 1993 586 deterruit

200 620 254 648 εει
284 604 503 648 scribendo
534 602 760 656 amplitudo
791 603 994 654 Platonis,
1038 620 1116 647 nec
1153 605 1242 660 ipse
1276 607 1521 650 Aristoteles
1552 607 1783 649 admirabili
1815 609 1993 664 quadam

230 671 400 712 scientia
430 673 471 709 et
500 665 620 721 copia
649 671 883 708 cetero-rum
914 669 1049 709 studia
1078 668 1286 710 restinxit.
1349 672 1402 712 ΙΙ.
1448 674 1532 712 Nec
1570 670 1704 712 solum
1742 672 1793 711 ab
1825 671 1994 724 optimis

230 733 374 774 studiis
415 730 669 771 excellentes
704 730 784 771 viri
822 732 1011 772 deterriti
1050 744 1134 772 non
1174 735 1289 780 sunt,
1340 731 1413 774 sed
1447 747 1500 774 ne
1539 733 1709 789 opifices
1749 734 1918 788 quidem
1950 745 1994 773 se

231 794 387 836 artibus
417 792 501 834 suis
532 797 826 842 removerunt,
872 795 943 848 qui
973 798 1044 834 aut
1071 794 1220 847 Ialysi,
1254 807 1378 848 quem
1409 796 1545 837 Rhodi
1576 798 1775 844 vidimus,
1806 809 1891 838 non
1920 808 1996 850 po-

231 860 399 899 tuerunt
438 859 508 896 aut
547 856 655 896 Coae
693 857 867 898 Veneris
905 856 1256 912 pulchritudinem
1287 855 1455 898 imitari.
1511 861 1597 900 Nec
1629 860 1852 900 simulacro
1883 856 1996 898 Iovis

181 931 216 956 10
232 918 411 973 Olympii
441 922 512 958 aut
539 918 779 973 Doryphori
809 923 943 960 statua
973 918 1160 960 deterriti
1190 919 1344 974 reliqui
1374 920 1509 961 minus
1539 923 1703 974 experti
1734 926 1849 969 sunt,
1897 917 1998 974 quid

232 981 396 1023 efficere
427 985 498 1021 aut
527 994 609 1034 quo
640 982 840 1035 progredi
870 987 1064 1036 possent;
1099 995 1277 1037 quorum
1308 987 1421 1024 tanta
1442 982 1662 1024 multitudo
1685 985 1787 1033 fuit,
1821 988 1933 1023 tanta
1954 982 1997 1022 in

230 1058 305 1086 suo
337 1044 539 1097 cuiusque
571 1057 726 1097 genere
758 1045 872 1094 laus,
906 1050 974 1094 ut,
1008 1058 1103 1086 cum
1135 1057 1295 1085 summa
1327 1044 1599 1094 miraremur,
1632 1045 1831 1087 inferiora
1861 1051 1998 1087 tamen

228 1105 517 1162 probaremus.
579 1108 620 1147 6.
667 1108 712 1147 In
742 1108 980 1149 oratoribus
1017 1121 1141 1154 vero,
1191 1105 1359 1147 Graecis
1397 1108 1589 1161 quidem,
1635 1107 1877 1149 admirabile
1908 1112 1995 1155 est,

231 1175 432 1224 quantum
461 1169 571 1210 inter
600 1181 747 1210 omnes
771 1183 879 1211 unus
901 1171 1090 1212 excellat.
1148 1172 1205 1212 Ac
1226 1175 1390 1218 tamen,
1425 1183 1518 1210 cum
1540 1174 1649 1211 esset
1669 1172 1969 1212 Demosthenes
1984 1200 1996 1218 ‚

180 1242 214 1268 15
230 1231 350 1274 multi
378 1236 569 1274 oratores
598 1230 737 1285 magni
767 1237 809 1273 et
839 1233 938 1274 clari
978 1231 1148 1274 fuerunt
1180 1237 1222 1274 et
1252 1237 1375 1274 antea
1405 1230 1570 1274 fuerant
1600 1247 1676 1274 nec
1706 1238 1852 1287 postea
1883 1232 1998 1274 defe-

230 1300 390 1338 cerunt.
453 1296 594 1345 Quare
623 1308 710 1336 non
741 1300 826 1345 est,
871 1309 946 1337 cur
976 1309 1144 1344 eorum,
1191 1296 1262 1350 qui
1293 1308 1337 1336 se
1366 1294 1503 1335 studio
1537 1296 1801 1351 eloquentiae
1831 1295 2001 1336 dedide-

231 1364 350 1408 runt,
383 1371 479 1412 spes
508 1356 761 1412 infringatur
789 1362 860 1400 aut
888 1358 1126 1414 languescat
1154 1357 1371 1399 industria.
1433 1360 1537 1399 Nam
1563 1372 1701 1413 neque
1722 1358 1826 1399 illud
1845 1358 1997 1412 ipsum,

232 1423 346 1478 quod
383 1426 445 1462 est
485 1419 712 1475 optimum,
763 1419 1067 1476 desperandum
1111 1426 1172 1463 est
1211 1425 1252 1462 et
1289 1419 1331 1462 in
1363 1422 1667 1475 praestantibus
1696 1419 1823 1462 rebus
1854 1433 2001 1474 magna

232 1489 328 1527 sunt
357 1498 427 1533 ea,
475 1496 580 1538 quae
610 1489 706 1524 sunt
734 1483 901 1538 optimis
932 1485 1139 1540 proxima.
1200 1485 1242 1525 7.
1286 1485 1422 1539 Atque
1453 1497 1532 1537 ego
1564 1485 1607 1525 in
1637 1498 1801 1526 summo
1833 1488 2002 1525 oratore

183 1557 219 1582 20
232 1546 426 1602 fingendo
458 1544 582 1586 talem
612 1545 874 1595 informabo,
908 1546 1040 1601 qualis
1070 1546 1247 1588 sortasse
1277 1559 1399 1587 nemo
1428 1546 1521 1587 fuit.
1583 1549 1677 1587 Non
1699 1547 1810 1588 enim
1831 1559 2001 1603 quaero,

234 1610 326 1667 quis
356 1607 506 1656 suerit,
539 1608 612 1649 sed
643 1607 744 1662 quid
773 1609 828 1650 sit
855 1608 982 1659 illud,
1025 1623 1108 1666 quo
1137 1608 1242 1650 nihil
1271 1609 1404 1664 possit
1434 1622 1524 1650 esse
1554 1611 1858 1663 praestantius,
1890 1610 2003 1666 quod

232 1675 276 1714 in
304 1672 583 1728 perpetuitate
615 1669 779 1712 dicendi
809 1684 895 1713 non
926 1685 1050 1727 saepe
1079 1677 1203 1728 atque
1236 1672 1348 1713 haud
1378 1672 1464 1713 scio
1496 1686 1548 1713 an
1577 1686 1815 1728 nunquam,
1856 1673 1900 1714 in
1931 1672 2004 1713 ali-

234 1749 316 1790 qua
345 1739 482 1775 autem
512 1737 627 1787 parte
657 1732 818 1775 eluceat
847 1733 1093 1790 aliquando,
1125 1734 1237 1776 idem
1268 1735 1378 1787 apud
1408 1734 1512 1775 alios
1542 1733 1736 1784 densius,
1769 1735 1880 1791 apud
1900 1734 2004 1776 alios

234 1800 410 1840 fortasse
439 1795 590 1838 rarius.
652 1797 734 1838 Sed
764 1810 842 1851 ego
873 1798 933 1838 sic
971 1803 1128 1847 statuo,
1174 1797 1278 1838 nihil
1308 1810 1398 1838 esse
1427 1796 1472 1838 in
1500 1796 1586 1838 ullo
1618 1811 1771 1853 genere
1801 1804 1885 1840 tam
1913 1797 2005 1854 pul-

185 1873 222 1900 25
238 1863 410 1911 chrum,
457 1874 541 1916 quo
582 1872 669 1901 non
707 1859 921 1913 pulchrius
959 1859 1002 1902 id
1040 1860 1110 1910 sit,
1154 1862 1266 1902 unde
1304 1859 1409 1901 illud
1445 1865 1491 1901 ut
1529 1873 1581 1902 ex
1609 1874 1683 1902 ore
1713 1859 1852 1916 aliquo
1886 1859 2006 1916 quasi

236 1925 375 1979 imago
417 1924 696 1979 exprimatur,
746 1925 860 1978 quod
896 1937 1033 1979 neque
1064 1924 1197 1965 oculis
1227 1937 1363 1979 neque
1394 1924 1566 1965 auribus
1595 1937 1732 1979 neque
1762 1924 1849 1966 ullo
1880 1937 2005 1965 sensu

235 1987 396 2045 percipi
436 1990 597 2040 potest,
644 1986 896 2040 cogitatione
934 1991 1093 2027 tantum
1130 1990 1171 2027 et
1207 1991 1346 2028 mente
1386 1985 1716 2041 complectimur.
1777 1988 1922 2042 Itaque
1965 1990 2006 2027 et

236 2050 408 2093 Phidiae
437 2049 694 2098 simulacris,
728 2047 878 2105 quibus
909 2048 1010 2090 nihil
1039 2049 1083 2090 in
1112 2047 1183 2089 illo
1215 2061 1367 2103 genere
1396 2048 1620 2102 perfectius
1646 2050 1861 2098 videmus,
1895 2053 1935 2090 et
1953 2048 2005 2090 iis

237 2111 430 2168 picturis,
477 2125 578 2167 quas
607 2112 838 2159 nominavi,
885 2112 1071 2166 cogitare
1101 2116 1241 2152 tamen
1270 2124 1493 2165 possumus
1523 2111 1779 2165 pulchriora.
1840 2114 1881 2154 9.
1922 2114 2007 2153 Nec

191 2189 228 2214 30
240 2189 341 2217 vero
370 2174 440 2215 ille
470 2173 645 2223 artifex,
679 2188 773 2216 cum
802 2173 959 2215 faceret
988 2174 1098 2216 Iovis
1127 2172 1305 2215 formam
1336 2179 1408 2215 aut
1429 2175 1662 2226 Minervae,
1694 2173 2007 2229 contemplaba-

240 2245 308 2281 tur
337 2238 538 2293 aliquem,
572 2251 594 2278 e
616 2250 700 2292 quo
725 2236 1040 2277 similitudinem
1072 2235 1264 2287 duceret,
1297 2240 1370 2279 sed
1400 2237 1528 2293 ipsius
1558 2238 1602 2279 in
1630 2243 1770 2280 mente
1800 2239 2007 2279 insidebat

240 2302 400 2358 species
430 2300 750 2356 pulchritudinis
781 2299 932 2341 eximia
963 2298 1192 2354 quaedam,
1244 2313 1369 2355 quam
1406 2300 1572 2342 intuens
1608 2301 1652 2341 in
1683 2315 1815 2356 eaque
1846 2299 2006 2343 defixus

242 2367 295 2407 ad
323 2363 433 2406 illius
464 2362 776 2404 similitudinem
806 2367 938 2403 artem
968 2367 1010 2403 et
1039 2376 1207 2404 manum
1237 2363 1460 2418 dirigebat.
1519 2364 1594 2406 III.
1627 2364 1676 2405 Ut
1704 2363 1831 2418 igitur
1859 2362 1903 2405 in
1921 2361 2009 2405 for-

241 2427 321 2469 mis
359 2433 399 2468 et
436 2424 580 2480 figuris
620 2430 684 2466 est
721 2424 878 2480 aliquid
916 2424 1147 2480 perfectum
1188 2430 1229 2467 et
1266 2426 1498 2477 excellens,
1548 2427 1663 2468 cuius
1700 2428 1753 2467 ad
1784 2425 2007 2480 cogitatam

196 2507 231 2534 35
245 2488 428 2543 speciem
457 2486 658 2529 imitando
688 2486 926 2529 referuntur
956 2502 1025 2537 ea,
1071 2503 1177 2545 quae
1218 2487 1294 2530 sub
1324 2489 1466 2531 oculos
1495 2488 1585 2544 ipsa
1614 2502 1700 2530 non
1731 2490 1902 2539 cadunt;
1950 2487 2008 2529 sic

244 2551 453 2609 perfectae
484 2551 745 2610 eloquentiae
775 2550 958 2606 speciem
987 2553 1124 2593 animo
1155 2552 1364 2602 videmus,
1413 2550 1594 2606 effigiem
1632 2550 1805 2594 auribus
1843 2549 2008 2606 quaeri-

341 2732 376 2765 2.
395 2730 448 2764 Αη
463 2732 501 2764 tn
514 2731 626 2772 poetis
642 2739 715 2762 non
734 2730 885 2764 Homero
898 2731 970 2765 Vit.
986 2732 1084 2765 Eins.
1101 2734 1280 2774 ceterique
1299 2731 1391 2771 libri,
1410 2730 1464 2763 An
1478 2732 1516 2763 in
1527 2731 1643 2772 poetis
1655 2729 1806 2764 Homero
1822 2727 1904 2772 (om.
1919 2727 2008 2770 non)

248 2778 290 2819 R,
311 2780 405 2820 quod
426 2782 472 2811 ita
489 2783 682 2811 correctum
701 2783 754 2810 est
771 2781 806 2810 in
823 2779 902 2813 Asc.
923 2788 993 2812 sec.
1016 2781 1109 2812 Crat.
1126 2789 1135 2811 :
1162 2781 1239 2813 Non
1256 2781 1345 2813 enim
1364 2782 1400 2812 in
1413 2781 1526 2820 poetis
1543 2779 1714 2813 Homero,
1742 2783 1777 2811 et
1795 2779 1860 2810 boc
1878 2777 2010 2817 placuit

249 2828 378 2860 Beiero
405 2834 445 2858 ac
470 2826 673 2858 Leutschio.
725 2826 769 2857 Ut
793 2835 877 2865 nos,
913 2827 1008 2859 lunt.
1038 2836 1109 2859 sec.
1137 2843 1179 2850 —-
1216 2826 1249 2861 3.
1277 2827 1466 2859 Pindaro?
1502 2825 1568 2857 Sed
1592 2825 1716 2857 horum
1740 2826 1780 2856 in
1802 2834 1867 2857 sec.
1893 2825 1936 2856 R.
1967 2838 2008 2847 —-

248 2874 283 2907 (ἱ.
311 2874 498 2906 restrinxit
526 2873 592 2906 Gu.
621 2875 654 2904 1.
683 2872 717 2903 2.
746 2877 780 2905 et
806 2882 895 2905 corr.
923 2874 993 2906 Vit.
1025 2877 1105 2910 (non
1134 2872 1193 2911 R.)
1231 2891 1268 2897 —
1309 2874 1345 2905 7.
1372 2883 1407 2906 se
1433 2873 1475 2905 ab
1501 2872 1637 2904 artibus
1660 2872 1785 2904 Lamb.
1813 2873 1905 2904 coni.
1935 2870 2006 2903 Ct'r.

251 2922 377 2961 Zumpt
401 2921 444 2952 ad
472 2920 571 2952 Verr.
601 2928 635 2959 p.
662 2919 742 2951 428.
779 2936 823 2943 -—
864 2920 920 2952 13.
946 2919 1042 2962 vero]
1072 2924 1188 2953 autem
1215 2920 1281 2953 Gu.
1310 2921 1344 2952 1.
1384 2936 1425 2943 —
1471 2918 1611 2951 Graecis
1638 2919 1777 2960 quidem
1803 2922 1878 2951 sine
1904 2926 2010 2951 causa

251 2970 414 3008 suspecta
438 2967 640 3000 Leutschio.
670 2982 711 2990 -
745 2966 802 2998 14.
828 2965 877 2998 Ac
901 2971 1014 3000 tamen
1040 2969 1137 3000 Eins.
1156 2991 1165 3007 ‚
1195 2967 1262 2999 Gu.
1291 2968 1324 2999 1.
1352 2967 1414 2999 2.:
1456 2967 1623 2999 Attamen
1646 2967 1717 2998 RE.
1746 2966 1814 3005 (De
1840 2966 1910 2998 Vit.
1935 2974 2009 2997 non

251 3012 387 3054 liquet.)
416 3031 453 3037 —
483 3015 538 3046 15.
566 3018 646 3045 ante
670 3014 713 3046 R.
744 3031 781 3036 —
813 3013 869 3046 16.
896 3016 1013 3046 studio
1038 3015 1253 3056 eloquentiae
1277 3022 1312 3045 se
1337 3013 1404 3045 Gu.
1433 3014 1467 3046 1.
1503 3030 1543 3036 -
1587 3013 1643 3045 18.
1666 3013 1905 3053 praesentibus
1930 3020 2010 3044 cum

253 3061 347 3092 libris
376 3060 549 3101 plerisque
584 3059 702 3101 (etiarn
730 3060 797 3093 Gu.
826 3060 874 3098 1.)
910 3062 955 3093 R.
997 3062 1228 3094 Emendatum
1263 3063 1297 3092 in
1332 3060 1399 3092 Gu.
1427 3061 1461 3092 2.
1491 3065 1525 3093 et
1551 3060 1593 3093 ab
1625 3059 1728 3092 Aldo.
1776 3077 1812 3083 —
1855 3060 1914 3091 21.
1941 3066 2010 3090 esse

250 3109 358 3147 possit
380 3108 474 3139 Eius.
491 3130 500 3142 ,
531 3106 598 3139 Gu.
619 3108 652 3139 1.
672 3109 706 3139 2.
725 3107 768 3138 R.
789 3124 830 3130 —
857 3108 915 3139 22.
934 3118 1113 3149 nunquam
1131 3117 1183 3148 pr.
1202 3108 1301 3139 Eius.
1322 3112 1355 3139 et
1372 3108 1466 3140 lunt.
1485 3116 1580 3140 sec.:
1607 3115 1764 3147 unquam
1787 3110 1910 3139 ceteris
1929 3113 2008 3137 cum

254 3153 350 3185 libris
369 3153 443 3185 RE.
467 3171 503 3177 -
532 3154 589 3185 23.
616 3155 725 3186 elucet
741 3154 823 3185 Ern.
844 3158 935 3187 coni.
956 3173 997 3178 —
1022 3156 1058 3187 id
1080 3156 1168 3187 idem
1185 3158 1233 3186 est
1249 3154 1346 3194 apud
1365 3154 1409 3186 R.
1428 3169 1468 3180 —·
1493 3155 1550 3187 27.
1577 3158 1611 3187 et
1626 3159 1706 3187 ante
1724 3154 1785 3185 Ph.
1806 3162 1876 3186 om.
1900 3152 1944 3183 R·
1965 3168 2004 3176 -—

253 3199 314 3231 28.
342 3199 455 3232 Habet
471 3200 623 3233 videmus
640 3202 671 3233 R
686 3225 695 3241 ,
722 3210 790 3233 non
809 3201 959 3234 vidimus
978 3211 1067 3234 corr.
1086 3202 1184 3234 Eins.
1205 3205 1239 3234 et
1255 3202 1339 3241 aliq.
1356 3201 1444 3233 Edd.
1461 3205 1546 3235 vett.
1566 3217 1609 3224 —
1633 3202 1675 3233 iis
1694 3201 1790 3233 Eins.
1803 3223 1813 3240 ,
1837 3199 2006 3233 Monac-2

256 3248 308 3278 his
336 3253 415 3277 cum
443 3250 566 3279 ceteris
591 3248 667 3279 RE.
694 3264 736 3270 —
763 3247 820 3278 34.
847 3252 879 3280 et
903 3250 939 3281 in
955 3250 1078 3291 fiquris
1106 3257 1185 3281 cum
1211 3248 1302 3281 Ven.
1329 3257 1400 3281 sec.
1428 3248 1509 3280 Tul.
1535 3248 1669 3289 Meyer.
1718 3247 1763 3279 Ut
1787 3255 1874 3283 nos,
1901 3247 2008 3278 etiam

255 3294 300 3325 R.
328 3308 369 3315 -
413 3291 468 3324 35.
495 3295 573 3333 ipsa
597 3303 667 3326 non
692 3294 823 3326 cadunt
848 3304 925 3327 cum
952 3296 1047 3328 libris
1074 3293 1191 3337 (etiam
1219 3295 1286 3328 Gu.
1315 3297 1348 3328 1.
1375 3296 1410 3327 2.
1428 3319 1437 3336 ,
1466 3295 1509 3329 de
1535 3295 1664 3336 quibus
1688 3293 1845 3327 nonnulii
1874 3292 2009 3326 dubita-

257 3341 354 3377 bant)
379 3339 432 3372 R:
459 3339 538 3379 t‘psa
563 3341 691 3374 cadunt
716 3340 800 3384 (om.
824 3341 911 3385 non)
938 3351 1016 3376 cum
1042 3343 1197 3378 victorio
1222 3343 1265 3378 V.
1294 3342 1334 3376 L.
1362 3342 1420 3384 11,
1446 3343 1504 3377 14.
1531 3342 1653 3378 Lamb.
1680 3342 1723 3376 E.
1752 3339 1904 3375 Goeller.
