2117 3762
757 244 855 283 LlB.
889 242 940 282 11.
1003 241 1048 283 C.
1082 243 1148 282 25.
1180 243 1245 282 26.
1816 244 1870 282 29

231 352 321 391 Eho
351 358 412 396 tu,
444 352 506 397 cli,
536 349 674 402 quibus
703 354 757 388 est
783 354 956 400 potestas
985 354 1112 387 motus
1141 351 1326 400 superum
1355 353 1469 399 alque
1501 348 1693 400 inseram!

230 415 371 453 Pacem
402 415 502 453 inter
531 426 610 451 sese
639 411 875 456 conciliant,
906 412 1106 463 conserunt
1136 410 1399 450 concordiam.

120 509 219 548 Nam
252 508 304 547 ita
336 521 410 559 pro
442 519 516 546 suo
550 503 637 544 iure
670 505 749 544 hoe,
790 503 982 557 exemplo
1020 517 1147 544 usum
1173 504 1473 557 Cresphontem
1504 503 1661 542 Ennius
1693 501 1872 549 induxit.

119 570 234 624 quasi
268 571 346 609 iam
378 569 474 609 satis
505 569 629 608 certis
662 565 887 606 rationibus
921 566 974 606 itu
1006 581 1096 607 esse.
1128 565 1462 607 demonstrasset.
1521 566 1586 605 40.
1624 568 1724 605 Item
1756 567 1877 605 vitio-

119 645 208 672 sum
249 638 330 677 est,
381 632 492 686 quod
539 632 617 670 iam
662 630 777 684 quasi
821 642 913 669 sero
952 635 1074 684 atque
1115 635 1206 668 aeto
1248 630 1414 683 negotio
1447 627 1526 668 diei
1559 628 1743 675 videtur,
1796 629 1905 668 hoes

120 696 266 735 modo:
319 696 362 734 ln
400 698 577 733 mentem
619 691 720 732 mihi
761 691 794 732 si
829 692 1034 738 venisset,
1086 690 1291 739 Quirites,
1341 705 1423 731 non
1461 690 1783 736 commisissem,
1832 695 1878 730 ut

119 758 227 796 hunc
259 757 298 796 iu
330 755 464 796 locum
496 769 560 795 res
593 754 774 803 veniret;
808 769 901 794 mim
934 755 1013 793 hoe
1044 759 1113 793 aut
1137 752 1213 793 hoe
1238 753 1451 800 sevis-sonu
1485 753 1555 794 sed
1580 767 1644 793 nie
1668 758 1752 793 tum
1776 754 1876 792 haee

120 819 222 859 ratio
252 816 369 872 sugit.
432 821 534 858 ltem
566 817 758 857 vitiosum
794 824 874 863 est,
909 830 999 855 eum
1033 817 1094 861 id,
1127 818 1236 869 quod
1270 817 1308 854 in
1341 822 1483 870 aperto
1515 815 1664 856 delicto
1696 815 1875 869 positum

119 886 201 928 est,
235 885 371 920 tamen
402 879 538 935 aliqua
569 879 650 920 levi
682 880 833 931 tegitur
864 878 1126 924 defensione„
1157 879 1239 917 hoe
1272 877 1415 919 modo:

343 974 439 1013 Cum
469 980 502 1013 te
533 974 756 1025 efficiebant
788 986 938 1018 omnes,
966 972 1247 1025 florentissimo
1892 977 1925 1000 ¹0

340 1038 474 1089 Reqno
505 1037 665 1088 reliqui:
702 1049 804 1075 nune
833 1036 1025 1074 desertum
1055 1035 1102 1074 ab
1132 1033 1310 1073 omnibus

341 1100 502 1140 Summo
527 1099 678 1151 periclo
707 1099 792 1138 sola
820 1104 861 1137 ut
892 1098 1098 1136 restituam
1122 1109 1240 1148 paro.

118 1200 269 1241 XXVI.
302 1199 406 1239 Item
437 1199 631 1239 vitiosum
664 1203 749 1246 est,
784 1195 895 1252 quod
926 1197 966 1236 in
998 1195 1118 1236 aliam
1149 1199 1330 1249 partem,
1370 1207 1416 1234 ac
1448 1193 1601 1234 dictum
1633 1196 1704 1241 sit,
1744 1200 1879 1250 potest

118 1263 261 1316 accipi.
320 1263 365 1302 Id
408 1267 470 1302 est
509 1261 773 1308 huiusmodi,
822 1265 889 1307 ut,
936 1259 969 1299 si
1010 1259 1101 1312 quis
1131 1263 1279 1312 potens
1309 1271 1355 1297 ac
1387 1256 1582 1298 factiosus
1613 1259 1654 1297 in
1685 1260 1877 1299 contione

118 1324 290 1365 dixerit:
325 1323 459 1365 Satius
491 1330 552 1365 est
584 1324 643 1365 uti
672 1322 840 1377 regibus
872 1335 995 1377 quam
1016 1320 1134 1361 malis
1163 1320 1338 1374 legibus.
1401 1323 1502 1360 Nam
1535 1326 1576 1361 et
1606 1322 1686 1361 hoe
1719 1320 1927 1361 tametsi1⁵

118 1386 177 1428 rei
219 1385 430 1442 augendae
474 1400 595 1427 causa
638 1391 775 1439 potest
815 1386 903 1425 sine
944 1383 1096 1424 malitia
1127 1383 1231 1431 dici,
1284 1389 1422 1424 tamen
1454 1389 1624 1438 propter
1654 1383 1879 1438 potentiam

118 1450 229 1497 eius,
281 1448 352 1504 qui
383 1448 504 1494 dicit,
554 1462 638 1489 non
669 1447 819 1488 dicitur
850 1446 937 1487 siue
969 1447 1096 1486 atroci
1128 1445 1376 1500 suspicione.
1436 1449 1504 1490 41.
1552 1449 1653 1487 Item
1686 1446 1880 1487 vitiosum

118 1517 180 1553 est
209 1511 320 1553 falsis
351 1517 420 1553 aut
450 1509 690 1565 vulgaribus
731 1509 1039 1551 delinitionibus
1080 1508 1153 1549 uti.
1216 1509 1356 1550 Falsae
1398 1516 1491 1551 sunt
1530 1507 1791 1554 huiusmodi,
1836 1513 1883 1547 ut

118 1574 152 1616 si
183 1574 274 1630 quis
304 1574 414 1616 dieat
442 1573 635 1614 iniuriam
669 1586 759 1614 esse
791 1572 964 1619 nullam,
1002 1571 1079 1612 nisi
1111 1585 1216 1626 quae
1247 1585 1299 1612 ex
1330 1571 1561 1626 pulsatione
1592 1577 1660 1612 aut
1692 1570 1879 1611 convicio

119 1643 294 1678 constet.
354 1636 558 1690 Vulgares
590 1642 704 1683 sunt,
740 1648 844 1690 quae
875 1634 1005 1675 nihilo
1039 1633 1173 1674 minus
1204 1633 1246 1675 in
1276 1634 1396 1674 aliam
1429 1648 1515 1675 rem
1548 1632 1758 1675 transferri
1788 1646 1883 1687 pos-
1896 1643 1931 1667 20

119 1705 236 1747 sunt,
286 1705 330 1740 ut
360 1701 393 1740 si
425 1701 516 1755 quis
548 1701 680 1740 dieat:
733 1698 1064 1753 Quadruplator,
1106 1702 1151 1736 ut
1180 1695 1366 1737 breviter
1397 1697 1656 1744 describam,
1698 1694 1882 1749 capitalis

120 1768 204 1810 est;
254 1767 316 1803 est
346 1764 456 1803 enim
488 1761 704 1817 improbus
736 1769 776 1803 et
805 1760 975 1816 pestifer
1006 1760 1121 1802 civis.
1183 1762 1283 1799 Nam
1315 1759 1443 1799 nihilo
1476 1759 1606 1812 magis
1636 1756 1883 1813 quadrupla-

121 1823 219 1865 toris
263 1838 386 1878 quam
431 1823 559 1872 suris,
613 1838 735 1879 quam
781 1824 917 1864 sicarii
963 1829 1032 1863 aut
1081 1823 1305 1875 proditoris
1354 1821 1536 1862 attulerit
1581 1819 1878 1862 definitionem.

118 1889 222 1927 Item
253 1886 447 1928 vitiosum
480 1893 541 1927 est
570 1899 646 1941 pro
677 1892 921 1938 argumento
955 1898 1141 1931 sumere,
1174 1886 1284 1938 quod
1311 1886 1352 1924 in
1384 1883 1672 1938 disquisitione
1703 1884 1880 1937 positum

120 1954 202 1999 est3
232 1954 279 1990 ut
307 1949 341 1989 si
373 1948 465 2003 quis
496 1962 620 2002 quein
651 1946 751 1988 furti
781 1953 925 2001 arguat
956 1954 996 1988 et
1025 1946 1134 1986 dicat
1163 1961 1259 1986 eum
1282 1960 1372 1988 esse
1394 1948 1605 1987 hominem
1627 1943 1930 1999 imp1·0hum,2.÷

119 2026 310 2061 avarum,
341 2011 675 2060 fraudulentum3
710 2013 747 2052 ei
779 2011 840 2052 rei
871 2009 1155 2051 testimonium
1186 2022 1302 2057 esse,
1337 2010 1448 2063 quod
1480 2006 1557 2049 sibi
1588 2006 1742 2048 furtum
1773 2005 1884 2046 feee-

119 2075 188 2116 rit.
249 2076 352 2116 Item
382 2076 578 2116 vitiosum
611 2080 671 2115 est
700 2075 1027 2115 controversiam
1050 2070 1334 2112 controversia
1357 2070 1604 2116 dissolvere,
1636 2070 1716 2109 hoc
1736 2066 1881 2109 modo:

119 2139 213 2178 Non
245 2138 459 2186 convenit,
493 2150 710 2185 censores,
742 2136 866 2177 istum
897 2135 1016 2177 vobis
1047 2133 1284 2176 satisfacere
1317 2147 1369 2174 ex
1400 2148 1471 2181 eo,
1505 2134 1616 2188 quod
1647 2131 1702 2171 ait
1732 2144 1775 2171 se
1800 2143 1883 2170 non

119 2202 303 2255 potuisse
334 2199 477 2241 adesse
508 2200 587 2249 ita,
632 2206 677 2242 ut
710 2199 867 2240 iuratus
897 2197 1046 2239 suerat.
1108 2195 1239 2247 Quid,
1289 2195 1323 2237 si
1361 2199 1411 2237 ad
1443 2195 1671 2237 exereitum
1701 2206 1784 2234 non
1815 2205 1884 2233 ve-

119 2261 264 2311 nisset,
314 2261 410 2303 idne
442 2260 608 2303 tribuno
639 2261 814 2303 militum
845 2260 1025 2302 diceret?
1061 2287 1115 2295 -
1164 2260 1256 2300 Hoc
1291 2257 1387 2299 ideo
1427 2257 1619 2299 vitiosum
1652 2262 1735 2305 est,
1786 2254 1882 2311 quia
1898 2268 1931 2292 30

120 2338 203 2366 non
246 2325 437 2380 expedita
476 2331 546 2366 aut
584 2324 761 2366 iudicata
802 2337 889 2371 res,
941 2322 1017 2365 sed
1057 2321 1256 2378 impedita
1295 2328 1335 2363 et
1372 2320 1414 2362 in
1445 2320 1570 2362 simili
1599 2317 1883 2362 controversia

120 2387 255 2442 posita
285 2387 464 2442 exempli
495 2386 587 2429 loco
618 2385 844 2443 profertur.
902 2387 969 2428 42.
1000 2388 1103 2427 Item
1133 2384 1328 2425 vitiosum
1360 2388 1440 2430 est,
1487 2397 1580 2425 cum
1610 2382 1674 2429 id,
1716 2380 1767 2423 de
1799 2393 1882 2435 quo

121 2463 280 2491 summa
324 2449 610 2491 controversia
655 2454 733 2499 est,
785 2462 932 2504 parum
976 2446 1196 2503 expeditur
1236 2452 1296 2496 et,
1347 2445 1466 2502 quasi
1512 2449 1763 2487 transactum
1806 2442 1880 2490 sit,

120 2510 389 2568 relinquitur,
421 2515 501 2555 hoc
529 2512 677 2555 modo:

344 2613 488 2666 Aperte
513 2615 627 2666 satur
655 2614 795 2661 dictio,
828 2615 864 2654 si
892 2614 1103 2667 intelliqas.
1897 2613 1931 2638 ³⁵

348 2677 436 2716 Tali
464 2677 556 2717 dari
584 2690 721 2723 arma,
753 2678 906 2730 qualis,
937 2678 1006 2730 qui
1034 2676 1175 2729 gessit,
1201 2676 1303 2728 fuit,

329 2738 472 2786 ‘Iubet‚
496 2740 626 2791 potiri
655 2741 690 2779 si
720 2740 944 2780 studeamus
975 2741 1191 2791 Perqamo;

351 2801 475 2851 Quem
503 2815 571 2854 eqo
593 2804 785 2854 profiteor
813 2816 892 2843 esse
920 2815 1002 2842 me:
1031 2815 1090 2842 me
1120 2813 1288 2853 aequum
1317 2805 1371 2840 est
1394 2799 1483 2851 frui

345 2865 553 2904 Fraterm's
581 2866 708 2904 armis
736 2866 907 2918 mihique
936 2865 1227 2914 achadicarier,

355 2926 416 2966 Vel
444 2928 546 2980 quod
566 2929 818 2982 propinquus
846 2929 906 2968 vel
934 2927 1037 2981 quod
1064 2927 1209 2967 virtute
1238 2925 1430 2967 aemulus.
1897 2926 1933 2951 ‘⁴⁰

218 3096 252 3127 2.
279 3104 399 3136 pacem
426 3097 514 3127 enim
537 3098 629 3130 inter
653 3097 710 3130 ΡΑ
737 3103 771 3131 et
796 3107 883 3131 corr.
904 3099 943 3130 F.
993 3097 1036 3129 Ut
1061 3106 1137 3132 nos,
1166 3096 1256 3128 BRT
1284 3099 1318 3127 et
1345 3103 1393 3133 pr.
1420 3093 1457 3124 F.
1491 3108 1524 3114 -
1554 3100 1588 3124 se
1606 3091 1674 3123 BF.
1705 3108 1744 3114 —
1772 3091 1884 3132 conse-

127 3146 210 3173 runt
236 3142 434 3173 PABFRT:
475 3147 505 3174 et
537 3145 719 3184 conserunt
752 3155 828 3177 cum
862 3146 947 3178 Cod.
980 3145 1074 3183 Lips.
1102 3144 1141 3174 E.
1186 3159 1224 3165 —
1264 3143 1297 3173 7.
1326 3149 1409 3173 nam
1443 3140 1502 3170 hoc
1534 3139 1670 3170 PAF'r:
1707 3148 1790 3169 nam
1822 3141 1883 3169 auc

127 3190 190 3220 hoc
218 3190 291 3220 RE.
320 3187 416 3227 (nam
434 3190 495 3221 hoc
513 3189 606 3222 haud
622 3192 772 3232 fecissem
790 3190 845 3233 B.)
874 3207 915 3213 -—
941 3193 996 3222 1⁶2.
1023 3191 1150 3229 periclo
1171 3191 1194 3220 1.
1221 3194 1254 3222 et
1281 3189 1384 3219 Scir:
1419 3187 1573 3226 periculo
1599 3185 1821 3216 PABFRTE.
1841 3200 1881 3206 —-

129 3236 185 3268 13.
213 3234 272 3277 sit]
307 3241 357 3268 est
382 3237 455 3267 AT.
485 3234 565 3276 (om.
586 3246 638 3276 pr.
662 3236 721 3276 A.)
755 3255 799 3260 ——
839 3238 894 3270 23.
924 3237 1083 3269 attulerit
1117 3236 1224 3267 AFT:
1266 3235 1388 3266 attulit
1420 3233 1553 3264 PBRE.
1588 3231 1686 3272 (illud
1716 3232 1884 3262 maluerat

129 3280 340 3322 Ernestius.)
370 3298 410 3305 ——
446 3282 504 3314 29.
533 3283 621 3322 Quid
645 3286 674 3316 si
698 3285 839 3316 PABR:
879 3284 1010 3324 Quodsi
1035 3284 1136 3314 FTE.
1177 3299 1216 3304 —
1254 3281 1310 3313 35.
1338 3282 1491 3320 Aperlae
1517 3278 1564 3320 (id
1593 3284 1664 3317 est,
1701 3275 1882 3317 Apollinis)

130 3329 172 3363 de
199 3330 355 3363 Memmii
381 3331 472 3363 coni.
506 3329 586 3364 Sch.
616 3345 655 3353 —
683 3332 740 3364 40.
767 3334 896 3364 virtute
920 3331 965 3366 P,
994 3331 1039 3369 L,
1068 3330 1156 3362 Seli:
1184 3329 1322 3360 virtutis
1347 3328 1519 3366 ABFRE,
1543 3326 1714 3358 virtutum
1739 3324 1779 3356 T.
