2117 3762
246 261 328 302 220
941 257 1010 299 DE
1043 256 1289 300 ORATORE

248 365 319 421 qui
349 364 578 407 consultum
609 364 792 410 veniant,
831 360 1091 403 multitudine
1123 377 1212 406 esse
1244 365 1480 419 ponendum
1499 395 1508 411 ‚
1548 365 1621 405 sed
1657 368 1863 420 tamquam
1903 381 2002 423 por-

246 433 333 468 tum
363 427 542 482 aliquem
573 432 809 479 exspectem
840 424 985 473 istam,
1018 438 1141 479 quam
1172 431 1215 467 tu
1245 427 1388 476 times,
1422 427 1700 469 solitudinem.
1760 429 1999 472 Subsidium

249 491 359 531 enim
389 489 659 531 bellissimum
690 486 880 527 existimo
913 499 1003 527 esse
1033 487 1233 529 senectuti
1263 489 1407 530 otium.

360 554 456 593 256.
508 551 679 604 Reliqua
718 561 821 590 vero
852 549 1012 590 etiamsi
1043 549 1260 598 adiuvant,
1301 551 1513 593 historiam
1546 552 1638 593 dico
1673 557 1714 593 et
1742 553 2002 606 prudentiam

219 615 351 657 siuris
390 612 548 668 publici
590 616 630 653 et
667 610 919 666 antiquitatis
961 612 990 663 ἦ·
1021 612 1101 652 iter
1140 616 1180 652 et
1215 613 1497 668 exemplorum
1539 615 1719 669 copiam,
1766 615 1799 656 si
1837 618 2001 670 quando

249 690 354 731 opus
385 675 482 723 erit,
528 688 549 715 a
578 674 670 715 viro
702 673 858 729 optimo
892 679 933 714 et
976 673 1064 715 istis
1106 675 1231 714 rebus
1270 675 1611 724 instructissimo,
1661 678 1853 718 familiari
1891 692 2001 728 meo,

247 739 436 793 Longino
462 739 697 779 mutuabor.
736 739 878 792 Neque
900 738 1167 792 repugnab0‚
1200 750 1283 792 quo
1304 739 1439 779 minus
1464 738 1518 792 (id
1540 741 1650 794 quod
1673 738 1795 780 modo
1817 742 2004 782 hortatus

250 802 306 857 es)
338 801 475 842 omnia
504 799 662 854 legant,
695 800 833 841 omnia
865 798 1052 847 audiant,
1084 799 1126 841 in
1158 801 1271 841 omni
1302 805 1413 841 recto
1446 802 1580 843 studio
1604 808 1725 857 atque
1751 804 2004 845 humanitate

247 869 486 913 versentur3
539 861 613 903 sed
647 863 886 903 mehercule
915 875 999 903 non
1033 863 1088 903 ita
1122 861 1296 903 multum
1329 863 1448 917 spatii
1479 864 1579 905 mihi
1615 863 1768 906 habere
1795 864 2002 915 videntur,

197 937 233 963 10
248 928 281 969 si
324 927 450 967 modo
490 938 537 966 ea
567 926 705 966 facere
737 930 778 966 et
811 924 1009 979 persequi
1042 926 1211 972 volent,
1258 939 1362 980 quae
1394 938 1417 966 a
1452 931 1515 974 te,
1565 928 1736 974 Crasse,
1785 935 2006 983 praecepta

247 994 361 1037 sunt;
412 987 484 1043 qui
514 987 616 1029 mihi
649 1000 780 1042 prope
811 989 933 1028 etiam
964 989 1085 1028 nimis
1118 989 1242 1028 duras
1279 986 1394 1041 leges
1424 986 1639 1041 imponere
1677 990 1788 1031 visus
1829 1004 1871 1032 es
1910 992 2007 1031 huie

247 1051 397 1099 aetati,
429 1052 501 1092 sed
532 1056 668 1091 tamen
698 1051 749 1090 ad
775 1051 835 1095 id.
868 1051 979 1103 quod
1009 1049 1203 1104 cupiunt,
1236 1050 1549 1104 adipiscendum
1576 1065 1707 1107 prope
1737 1052 2003 1094 necessarias.

246 1117 342 1157 257.
376 1117 477 1155 Nam
510 1118 550 1154 et
582 1111 740 1154 subitae
769 1114 820 1153 ad
853 1114 1088 1167 propositas
1119 1126 1261 1153 causas
1294 1115 1616 1155 exercitationes
1644 1120 1685 1156 et
1716 1121 1929 1156 accuratae
1963 1120 2005 1155 et

247 1176 466 1219 meditatae
494 1176 864 1218 commentationes
898 1189 944 1216 ac
976 1174 1092 1215 stilus
1119 1174 1187 1216 ille
1218 1181 1333 1223 tuus,
1381 1189 1504 1230 quem
1537 1181 1582 1216 tu
1613 1190 1711 1217 vere
1743 1176 1880 1218 dixisti
1913 1190 2008 1232 per-

198 1241 449 1283 1⁵fectorem
481 1238 644 1280 dicendi
675 1251 766 1278 esse
795 1250 842 1278 ac
869 1237 1133 1291 magistrum,
1166 1237 1282 1279 multi
1314 1237 1478 1279 sudoris
1512 1244 1602 1288 est3
1643 1244 1683 1279 et
1712 1238 1781 1280 illa
1808 1238 2008 1280 orationis

247 1317 346 1345 suae
378 1316 470 1344 cum
500 1302 663 1354 scriptis
695 1299 841 1341 alienis
872 1300 1125 1353 comparatio
1159 1306 1199 1341 et
1229 1302 1279 1341 de
1309 1301 1444 1341 alieno
1476 1302 1630 1355 scripto
1662 1302 1798 1341 subita
1828 1301 1892 1342 vel
1921 1301 2009 1343 lau-

249 1364 371 1407 dandi
403 1366 471 1407 vel
503 1362 763 1419 vituperandi
800 1361 866 1403 vel
912 1362 1215 1415 comprobandi
1250 1362 1315 1403 vel
1354 1361 1572 1403 refellendi
1617 1376 1738 1404 causa
1787 1362 2006 1419 disputatio

247 1443 330 1470 non
375 1427 594 1470 mediocris
644 1426 919 1467 contentionis
963 1430 1025 1466 est
1068 1424 1134 1466 vel
1176 1427 1227 1466 ad
1268 1426 1513 1466 memoriam
1547 1426 1612 1466 vel
1652 1427 1702 1466 ad
1746 1426 2005 1468 imitandum.

247 1493 356 1534 LXI.
389 1492 484 1532 258.
519 1490 623 1532 Illud
656 1501 755 1529 vero
785 1488 862 1529 fuit
891 1485 1120 1535 horribile,
1170 1489 1281 1542 quod
1312 1488 1548 1529 mehercule
1580 1502 1750 1536 vereor,
1797 1503 1848 1530 ne
1881 1492 2010 1530 maio-

199 1571 235 1597 20
249 1569 338 1597 rem
368 1553 452 1596 vim
482 1555 533 1594 ad
564 1553 856 1594 deterrendum
885 1549 1080 1591 habuerit
1109 1564 1230 1604 quam
1253 1552 1304 1591 ad
1326 1549 1642 1592 cohortandum.
1700 1550 1875 1593 Voluisti
1897 1551 2008 1592 enim

248 1621 290 1660 in
322 1630 396 1659 suo
428 1629 579 1671 genere
608 1628 737 1655 unum
769 1626 977 1668 quemque
1016 1615 1206 1654 nostrum
1244 1615 1361 1668 quasi
1402 1615 1608 1669 quendam
1656 1626 1746 1654 esse
1789 1615 1984 1655 Roscium
1997 1628 2009 1665 ;

249 1679 472 1734 dixistique
501 1691 584 1719 non
614 1682 696 1718 tam
728 1689 795 1722 ea,
828 1688 933 1730 quae
964 1680 1076 1716 recta
1098 1680 1257 1723 essent,
1291 1675 1459 1731 probari
1482 1689 1605 1731 quam
1629 1689 1734 1731 quae
1754 1689 1879 1731 prava
1902 1681 2009 1724 sunt,

247 1741 421 1784 fastidiis
461 1741 782 1787 adhaerescere3
832 1735 944 1790 quod
990 1751 1067 1791 ego
1110 1750 1194 1778 non
1234 1743 1315 1779 tam
1347 1737 1557 1780 fastidiose
1588 1740 1630 1779 in
1660 1738 1783 1779 nobis
1815 1752 1937 1792 quam
1967 1738 2012 1781 in

248 1807 522 1848 histrionibus
552 1800 730 1858 spectari
768 1805 883 1856 puto.
946 1801 1042 1841 259.
1092 1802 1236 1856 Itaque
1275 1814 1351 1842 nos
1387 1815 1536 1843 raucos
1576 1815 1698 1857 saepe
1739 1802 2010 1844 attentissime

201 1884 235 1909 25
251 1867 385 1910 audiri
415 1867 559 1916 video;
591 1870 703 1906 tenet
733 1865 842 1905 enim
872 1876 938 1904 res
967 1863 1056 1918 ipsa
1086 1869 1208 1917 atque
1239 1877 1376 1905 causa:
1420 1869 1461 1904 at
1489 1866 1726 1919 Aesopum,
1761 1863 1796 1905 si
1826 1865 2011 1920 paullum

250 1931 486 1978 irrauserit,
540 1927 723 1983 explodi.
785 1928 819 1967 A
859 1927 1008 1980 quibus
1048 1926 1159 1967 enim
1203 1925 1305 1967 nihil
1347 1932 1512 1979 praeter
1554 1927 1805 1981 voluptatem
1848 1926 2011 1968 aurium

251 1992 484 2049 quaeritur,
517 1994 559 2033 in
578 1991 628 2031 iis
649 1988 892 2035 ostenditur,
925 1987 1047 2029 simul
1078 1994 1200 2044 atque
1231 1987 1488 2031 imminuitur
1516 1988 1672 2045 aliquid
1696 1992 1746 2030 de
1769 1989 2006 2044 voluptate3

250 2059 291 2098 in
322 2055 542 2110 eloquente
573 2059 710 2094 autem
739 2051 865 2093 multa
896 2055 1010 2099 sunt,
1045 2065 1150 2106 quae
1182 2056 1366 2100 teneant,
1401 2066 1505 2107 quae
1537 2053 1570 2093 si
1591 2051 1728 2093 omnia
1748 2065 1906 2093 summa
1927 2065 2010 2093 non

251 2125 346 2161 sunt
375 2126 415 2161 et
442 2118 639 2174 pleraque
673 2123 808 2157 tamen
838 2128 986 2169 magna
1026 2120 1139 2161 sunt,
1188 2126 1358 2155 necesse
1403 2119 1464 2155 est
1503 2127 1551 2155 ea
1591 2114 1700 2169 ipsa,
1749 2127 1853 2169 quae
1894 2119 2008 2163 sunt,

203 2195 238 2221 ³0
251 2181 457 2237 mirabilia
486 2182 633 2222 videri.

347 2230 458 2286 360.
503 2245 636 2297 Ergo,
675 2246 720 2282 ut
750 2239 802 2282 ad
830 2241 1009 2296 primum
1039 2239 1140 2282 illud
1171 2246 1378 2289 revertar,
1421 2241 1472 2282 sit
1503 2245 1644 2282 orator
1674 2238 1794 2281 nobis
1824 2238 1883 2286 is,
1916 2238 2008 2295 qui,

251 2313 296 2350 ut
327 2309 496 2350 Crassus
527 2305 765 2360 descripsit,
812 2302 1121 2345 accommodate
1153 2304 1204 2344 ad
1236 2302 1567 2358 persuadendum
1596 2304 1728 2358 possit
1757 2303 1909 2344 dicere.
1970 2303 2010 2343 Is

252 2376 387 2413 autem
419 2370 687 2411 concludatur
716 2367 758 2408 in
789 2380 862 2415 ea,
896 2380 1002 2420 quae
1033 2371 1128 2407 sunt
1156 2367 1198 2406 in
1228 2380 1307 2407 usu
1337 2366 1544 2409 civitatum
1574 2366 1733 2420 vulgari
1764 2379 1811 2406 ac
1840 2363 2008 2413 sorensi,

252 2434 505 2488 remotisque
546 2432 693 2472 ceteris
730 2429 900 2478 studiis,
948 2431 1135 2485 quamvis
1176 2442 1223 2469 ea
1254 2429 1333 2469 sint
1363 2430 1498 2484 ampla
1527 2434 1650 2484 atque
1680 2427 1914 2482 praeclara,
1968 2427 2011 2468 in

204 2508 239 2534 3⁵
252 2499 334 2538 hoc
363 2508 447 2537 uno
478 2506 629 2550 opere,
660 2497 706 2534 ut
735 2493 790 2533 ita
821 2493 979 2537 dicam,
1009 2497 1150 2533 noctes
1174 2496 1215 2532 et
1235 2490 1322 2532 dies
1342 2497 1560 2546 urgeatur3
1593 2491 1858 2545 imiteturque
1876 2489 2007 2538 illum,

254 2561 320 2602 cui
350 2560 438 2600 sine
470 2558 597 2598 dubio
628 2569 786 2596 summa
815 2554 877 2595 vis
923 2553 1089 2595 dicendi
1128 2554 1390 2602 conceditur,
1437 2553 1726 2595 Atheniensem
1767 2554 2012 2594 Demosthe—

253 2636 371 2671 nem,
403 2620 447 2662 in
477 2632 560 2676 quo
589 2623 746 2659 tantum
778 2618 959 2659 studium
991 2616 1116 2658 fuisse
1146 2622 1366 2673 tantusque
1395 2617 1515 2659 labor
1544 2616 1715 2664 dicitur,
1757 2621 1801 2657 ut
1829 2615 2010 2671 primum

252 2685 548 2738 impedimenta
577 2686 745 2722 naturae
775 2679 986 2735 diligentia
1015 2680 1298 2734 industriaque
1329 2685 1562 2734 superaret;
1610 2692 1786 2733 cumque
1825 2679 1884 2719 ita
1923 2677 2011 2719 bal-

254 2747 331 2789 bus
362 2752 489 2794 esset,
519 2752 565 2788 ut
595 2746 682 2788 eius
711 2745 840 2801 ipsius
872 2745 993 2793 artis,
1028 2744 1094 2786 cui
1125 2746 1334 2792 studeret,
1368 2742 1541 2798 primam
1562 2741 1742 2783 litteram
1763 2755 1846 2783 non
1869 2745 2010 2796 posset

207 2812 416 2859 coodicere,
465 2809 640 2867 perfecit
680 2809 937 2856 meditando,
990 2813 1036 2849 ut
1078 2821 1201 2848 nemo
1243 2805 1403 2860 planius
1441 2818 1530 2846 esse
1570 2803 1730 2846 locutus
1772 2809 2008 2860 putaretur;

347 2975 380 3006 5.
407 2976 473 3007 iter
498 2979 700 3015 corruptum
726 2974 848 3005 merito
876 2974 985 3004 visum
1010 2976 1063 3004 est
1090 2971 1345 3004 Henrichsenio
1373 2973 1407 3002 et
1433 2969 1607 3002 Ellendtio
1624 2991 1632 3003 ‚
1674 2970 1733 3010 qui
1761 2967 1886 3000 mavolt
1910 2967 2008 2998 noti-

259 3022 356 3053 tiam.
384 3039 425 3043 —
451 3021 486 3053 7.
514 3018 685 3063 Longino]
714 3021 832 3060 Lonyo
858 3018 968 3051 Codd.
996 3020 1178 3060 plerique,
1206 3018 1254 3054 L,
1281 3018 1380 3057 longe
1406 3017 1432 3047 Β
1450 3039 1459 3053 ,
1486 3017 1528 3047 R.
1558 3016 1714 3048 Correxit
1740 3014 1945 3047 Gruechius.
1967 3027 2006 3034 —

259 3067 292 3099 8.
318 3071 408 3099 recto
435 3067 565 3108 studio]
592 3067 785 3100 eruditione
812 3066 951 3098 Bakius.
981 3083 1018 3089 -
1063 3066 1096 3098 9.
1123 3065 1209 3096 mihi
1232 3064 1353 3095 habere
1377 3063 1543 3094 videntur
1569 3062 1679 3095 Codd.
1705 3061 1749 3093 al.
1777 3067 1811 3093 et
1834 3060 1881 3092 R:
1924 3059 2009 3090 mihi

258 3115 418 3145 videntur
444 3114 511 3145 Gu.
539 3116 572 3146 2.
601 3114 659 3153 3.‚
701 3114 785 3145 mihi
809 3113 947 3145 videtur
972 3113 1040 3144 BE.
1078 3128 1117 3134 —
1161 3112 1218 3142 11.
1243 3118 1351 3149 prope
1376 3110 1448 3140 iam
1473 3110 1544 3141 BR.
1585 3126 1629 3132 —-
1672 3108 1726 3140 14.
1756 3116 1798 3139 ac
1821 3106 2008 3138 meditatae

261 3160 570 3193 commendationes
598 3159 676 3200 (sic)
703 3162 744 3193 R.
773 3177 810 3183 —
840 3161 895 3192 15.
924 3160 1040 3191 multis
1066 3160 1106 3191 B.
1135 3174 1174 3181 —
1210 3157 1266 3189 16.
1297 3160 1377 3188 tuae
1402 3157 1445 3187 R.
1474 3173 1514 3179 —
1542 3156 1599 3187 22.
1626 3159 1707 3187 sunt
1733 3154 1874 3187 seclusit
1900 3152 2008 3185 Erne-

261 3209 372 3243 suus,
400 3207 525 3238 delevit
550 3208 731 3240 Schutztus
758 3211 792 3240 et
818 3206 969 3238 Ellendt.
996 3221 1037 3229 —
1061 3205 1117 3236 23.
1146 3204 1383 3236 abhorrescere
1408 3203 1449 3235 Β.
1492 3220 1533 3226 -
1573 3202 1629 3234 26.
1657 3201 1867 3233 irraucuerit
1894 3199 2005 3231 Codd.

261 3254 366 3294 aliq·‚
392 3253 577 3284 iri-acuerit
602 3253 676 3293 (sic)
702 3255 774 3285 BR.
805 3270 844 3276 --
872 3253 928 3284 28.
957 3252 1130 3293 eloquente
1156 3251 1237 3291 Lag.
1265 3250 1299 3281 6.
1329 3250 1385 3282 17.
1407 3274 1416 3289 ‚
1452 3254 1485 3282 et
1511 3252 1557 3282 ita
1584 3249 1721 3282 volebat
1745 3247 1898 3278 Bakius:
1938 3246 2007 3278 elo-

261 3300 379 3344 quenti
397 3300 510 3335 Leid„
538 3300 734 3341 eloquentia
752 3300 855 3332 BRE.
878 3317 916 3322 —
937 3303 1120 3332 teneantur
1137 3298 1175 3329 B.
1200 3313 1236 3319 —
1266 3296 1322 3328 31.
1343 3298 1402 3338 qui
1420 3301 1499 3330 ante
1522 3306 1553 3328 v.
1577 3293 1830 3327 accommodate
1849 3294 1946 3331 ponit
1965 3293 2006 3324 B.

261 3362 304 3371 —
328 3346 385 3379 35.
411 3349 603 3388 uryeantur
628 3348 868 3388 imitenturque
884 3347 927 3379 R.
953 3364 987 3370 -
1018 3346 1073 3378 38.
1093 3347 1290 3385 superasset
1306 3344 1348 3376 R.
1374 3361 1412 3367 -
1440 3344 1497 3376 40.
1519 3351 1584 3377 esse
1602 3343 1629 3374 B
1654 3342 1806 3381 aliique,
1831 3339 1881 3372 R:
1909 3347 1947 3372 eo
1964 3339 2006 3371 E.
