2117 3762
308 276 360 322 52
972 278 1042 316 AD
1074 277 1386 319 HERENNIUM

306 385 449 431 nobis,
482 384 581 438 quid
612 383 681 424 alii
712 380 998 433 excogitarint.
1057 382 1126 424 IV.
1160 385 1211 423 At
1240 384 1320 424 hoc
1350 384 1485 438 ipsum
1517 380 1683 423 difficile
1715 386 1805 430 est,
1848 381 2054 438 inquiunt,

307 449 460 501 eligere
489 448 538 487 de
571 447 723 486 multis.
786 443 1060 493 Q11id.dicitis
1091 443 1287 485 difficile?
1318 451 1454 486 utrum
1477 446 1756 492 laboriosum,
1793 458 1845 485 an
1868 444 2059 486 artificio-

305 512 420 549 sum?
453 510 494 550 Si
519 509 795 554 laboriosum,
829 519 911 546 non
933 506 1070 545 statim
1092 508 1363 560 praeclarum.
1427 510 1530 548 Sunt
1550 509 1658 548 enim
1680 508 1808 547 multa
1829 506 2054 555 laboriosa,

304 585 409 626 quae
441 572 475 611 si
504 570 687 617 faciatis,
735 583 818 609 non
859 569 1055 608 continuo
1078 568 1354 621 ·gloriemini;
1401 572 1480 611 nisi
1522 571 1629 611 forte
1661 571 1809 617 etiam,
1859 570 1891 609 si
1922 575 2059 610 vestra

274 647 428 674 smanu
459 634 616 673 fabulas
647 637 715 672 aut
747 631 957 671 orationes
1002 635 1107 670 totas
1148 633 1508 685 transcripsissetis
1529 664 1538 680 ,
1585 632 1811 685 gloriosum
1840 632 2055 686 putaretis.

305 697 375 736 Sin
407 701 542 736 autem
573 695 681 734 istud
712 692 978 734 artificiosum
1012 693 1226 746 egregium
1257 694 1416 742 dicitis,
1450 696 1612 743 videte,
1656 709 1706 735 ne
1737 695 1886 735 insueti
1918 707 2058 734 rerum

303 760 504 798 maiorum
536 755 784 803 videamini,
832 756 866 796 si
898 768 972 796 vos
1004 768 1132 809 parva
1162 769 1228 795 res
1259 756 1380 796 sicuti
1410 771 1559 810 magna
1590 759 1782 798 delectat.
1845 758 1947 796 Nam
1978 754 2058 796 isto

302 821 427 860 modo
460 820 611 872 eligere
644 819 757 859 rudis
789 819 956 871 quidem
987 831 1112 858 nemo
1142 823 1302 872 potest,
1337 820 1409 858 sed
1435 820 1523 860 sine
1545 834 1707 861 summo
1729 817 1902 860 artificio
1923 816 2055 857 multi.

302 884 341 922 7.
376 882 569 936 Quisquis
602 881 710 921 enim
741 881 921 921 audierit
953 881 1003 920 de
1034 886 1121 920 arte
1154 881 1292 934 paullo
1324 882 1439 933 plus,
1473 881 1515 922 in
1543 884 1775 923 elocutione
1798 880 2056 936 praesertim,

251 957 287 983 πο
302 946 439 985 onmia
468 945 610 986 videre
641 945 818 999 poterit,
873 957 978 997 quae
1012 957 1064 983 ex
1094 949 1182 983 arte
1213 944 1428 993 dicuutur3
1476 943 1612 985 facere
1644 959 1766 986 nemo
1797 944 1951 998 poterit
1980 942 2058 983 nisi

301 1005 498 1048 eruditus.
559 1007 637 1054 Ut,
686 1007 719 1046 si
762 1005 813 1047 de
859 1007 1082 1059 tragoediis
1127 1007 1247 1046 Ennii
1294 1006 1396 1046 velis
1439 1007 1661 1049 sententias
1708 1009 1861 1061 eligere
1899 1011 1967 1047 aut
2007 1004 2058 1045 de

299 1068 540 1109 Pacuvianis
584 1069 810 1123 periodos,
860 1070 957 1123 quia
1000 1069 1122 1120 plane
1159 1069 1272 1108 rudis
1306 1069 1347 1108 id
1387 1068 1524 1109 faeere
1569 1082 1691 1110 nemo
1738 1073 1916 1122 poterit,
1964 1082 2058 1110 cum

297 1132 468 1179 feceris,
501 1137 541 1172 te
573 1132 913 1171 litteratissimum
945 1137 1064 1184 putes
1083 1162 1093 1179 ,
1142 1131 1307 1183 ineptus
1339 1132 1421 1180 sis;
1470 1137 1693 1186 propterea
1723 1132 1833 1187 quod
1865 1134 1907 1172 id
1937 1130 2058 1172 facile

298 1194 420 1235 faciat
463 1195 598 1248 quivis
638 1194 905 1234 mediocriter
943 1195 1171 1241 litteratus;
1225 1194 1324 1233 item
1363 1194 1426 1242 si,
1480 1208 1572 1235 cum
1618 1208 1668 1234 ex
1702 1196 1960 1236 orationibus
1990 1197 2060 1234 aut

248 1268 284 1294 1⁵
301 1258 501 1311 poematis
532 1257 707 1310 elegeris
739 1257 951 1310 exempla,
985 1269 1089 1310 quae
1121 1257 1242 1296 certis
1275 1258 1402 1311 signis
1433 1256 1595 1298 artificii
1626 1263 1765 1298 notata
1796 1262 1918 1305 sunt,
1963 1256 2061 1310 quia

279 1321 414 1360 -rudis
454 1320 496 1359 id
540 1333 662 1360 nemo
710 1319 846 1359 facere
886 1318 1046 1373 possit,
1095 1317 1433 1360 artificiosissime
1466 1325 1505 1360 te
1540 1319 1684 1360 fecisse
1714 1326 1863 1374 putes,
1913 1332 2056 1366 erres;

298 1388 519 1437 propterea
561 1383 671 1437 quod
716 1381 795 1422 isto
836 1382 954 1434 signo
987 1381 1175 1421 videmus
1207 1388 1244 1422 te
1276 1382 1464 1423 nonnihil
1498 1384 1619 1422 huius
1651 1383 1711 1423 rei
1747 1379 1881 1436 [scire]
1903 1412 1913 1429 ,
1967 1379 2057 1420 aliis

298 1445 450 1498 signis,
500 1447 626 1485 multa
667 1445 772 1485 scire
815 1444 1109 1497 intelligemus.
1190 1444 1349 1492 Quodsi
1395 1444 1662 1485 artificiosum
1709 1451 1770 1485 est
1813 1443 2059 1497 intelligere,

298 1520 403 1561 quae
436 1508 517 1547 sint
547 1522 599 1548 ex
631 1513 717 1547 arte
749 1508 925 1561 scripta,
962 1507 1091 1546 multo
1124 1512 1184 1546 est
1214 1506 1474 1547 artificiosius
1506 1509 1640 1560 ipsum
1673 1509 1856 1548 scribere
1878 1521 1929 1547 ex
1951 1510 2055 1546 arte.

247 1581 284 1607 20
299 1570 378 1618 Qui
412 1571 519 1610 enim
551 1569 693 1611 scribit
733 1569 982 1617 artificiose,
1029 1570 1079 1609 ab
1120 1568 1210 1608 aliis
1243 1572 1461 1610 commode
1493 1571 1644 1624 scripta
1674 1571 1795 1610 facile
1826 1567 2058 1621 intelligere

298 1633 478 1684 pote1·it;
526 1633 595 1687 qui
628 1631 752 1685 eliget
781 1631 922 1678 facile,
969 1644 1053 1671 non
1085 1631 1281 1672 continuo
1313 1632 1401 1684 ipse
1434 1632 1652 1673 commode
1685 1633 1842 1672 scribit.
1903 1633 1979 1678 Et,
2025 1630 2058 1669 si

298 1699 360 1734 est
388 1694 565 1734 maxime
596 1692 886 1741 artificiosum,
939 1693 1020 1733 alio
1052 1699 1238 1746 tempore
1271 1700 1438 1734 utantur
1476 1708 1524 1735 ea
1563 1696 1780 1742 facultate,
1831 1707 1914 1735 non
1953 1698 2055 1739 tum,

298 1770 388 1796 cum
421 1770 567 1811 parere
612 1757 689 1808 ipsi
722 1761 762 1796 et
793 1757 963 1810 gignere
996 1760 1037 1796 et
1075 1756 1267 1810 proferre
1301 1759 1467 1798 dehent.
1527 1759 1770 1805 Postremo,
1818 1756 1860 1797 in
1892 1770 1942 1796 eo
1975 1755 2058 1795 vim

296 1817 456 1859 artificii
488 1824 758 1866 consumant,
811 1824 856 1857 ut
897 1811 976 1870 ipsi
1008 1820 1059 1858 ab
1091 1820 1182 1859 aliis
1214 1820 1352 1872 potius
1385 1819 1563 1874 eligendi
1596 1834 1719 1875 quam
1750 1821 1927 1860 aliorum
1958 1817 2058 1858 boni

245 1893 282 1919 25
298 1882 499 1921 electores
532 1882 832 1924 existimentur.
895 1883 1047 1922 Contra
1078 1895 1154 1930 ea,
1204 1896 1309 1936 quae
1355 1884 1405 1922 ab
1447 1883 1495 1923 iis
1539 1882 1752 1929 dicuntur,
1801 1882 1871 1936 qui
1917 1880 2060 1921 dicunt

296 1945 439 1985 alienis
472 1945 674 1997 exemplis
706 1945 764 1983 uti
796 1950 1020 1996 oportere,
1055 1945 1151 1984 satis
1185 1950 1246 1985 est
1276 1946 1442 1987 dictum.
1502 1948 1647 1994 Nunc,
1698 1959 1804 2001 quae
1837 1944 2058 2000 separatim

297 2007 377 2048 dici
408 2013 610 2060 possunt,
644 2006 969 2047 consideremus.

408 2074 457 2112 V.
504 2070 686 2111 Dicimus
718 2069 842 2123 igitur
872 2083 943 2110 eos
976 2083 1067 2110 cum
1108 2068 1231 2118 ideo,
1281 2072 1393 2126 quod
1438 2071 1583 2111 alienis
1628 2077 1818 2120 utantur,
1865 2082 2054 2125 peccare,

296 2138 383 2173 tum
413 2133 542 2186 magis
575 2132 699 2172 etiam
731 2132 1003 2187 delinquere,
1052 2134 1163 2186 quod
1195 2146 1219 2172 a
1249 2133 1387 2174 multis
1419 2135 1609 2188 exempla
1641 2140 1816 2175 sumant.
1893 2134 1974 2173 Sed
2005 2133 2056 2172 de

247 2207 347 2235 30θο
366 2228 375 2242 ,
407 2194 518 2250 quod
548 2201 693 2248 postea
724 2194 925 2243 diximus,
968 2200 1062 2235 ante
1093 2196 1320 2236 videamus.
1385 2196 1425 2237 Si
1458 2196 1731 2237 concederem
1764 2197 1898 2238 aliena
1929 2209 2056 2248 opor-

297 2264 382 2298 tere
413 2270 622 2298 assumere
654 2258 844 2311 exempla
863 2289 873 2306 ,
908 2258 1118 2298 vincerem
1140 2257 1261 2299 unius
1283 2264 1503 2313 oportere:
1538 2262 1743 2312 primum,
1778 2261 1891 2315 quod
1914 2264 2057 2299 contra

296 2319 374 2360 hoc
404 2319 514 2360 nulla
546 2326 672 2361 staret
703 2334 847 2361 eorum
877 2321 1000 2361 ratio.
1061 2322 1224 2361 Liceret
1252 2322 1362 2363 enim
1383 2321 1583 2375 eligerent
1605 2327 1645 2362 et
1665 2324 1893 2376 probarent
1913 2334 2057 2377 quem-

295 2384 419 2431 libet,
454 2384 523 2437 qui
555 2384 635 2423 sibi
665 2384 706 2423 in
740 2397 881 2423 omnes
911 2397 978 2424 res
1009 2385 1292 2438 suppeditaret
1322 2386 1536 2437 exempla,
1575 2386 1642 2425 vel
1673 2391 1837 2440 poetam
1868 2383 1933 2425 vel
1964 2397 2057 2425 ora-

295 2451 459 2493 torem,
507 2446 622 2486 cuius
654 2447 895 2486 auctoritate
927 2448 1172 2487 niterentur.
1233 2448 1393 2488 Deinde
1440 2448 1614 2488 interest
1643 2448 1781 2503 magni
1820 2448 1936 2495 eius,
1985 2444 2057 2502 qui

392 2569 423 2599 1.
450 2568 548 2599 nobis
568 2590 576 2599 .
599 2590 607 2598 .
629 2589 636 2596 .
666 2568 748 2607 quid
774 2569 1008 2607 ercogyiearint
1034 2567 1079 2603 P,
1106 2569 1202 2598 nobis
1228 2569 1310 2608 quid
1336 2571 1570 2611 eoecoyitarint
1595 2569 1642 2607 A,
1676 2570 1774 2601 nobis
1800 2568 1889 2609 quod
1914 2567 2055 2607 excoqi-

298 2615 408 2646 tarint
434 2615 471 2646 F.
505 2615 594 2645 Fort.
622 2614 742 2651 nobis,
770 2615 832 2645 alii
858 2615 939 2654 quid
965 2616 1199 2655 exroqilarint
1227 2615 1332 2647 ΒΑιΤ.
1361 2633 1402 2638 --
1442 2617 1473 2647 6.
1502 2617 1730 2658 artificiosum
1754 2621 1785 2648 et
1810 2615 1986 2656 eyreqium
2011 2614 2052 2645 T.

297 2661 341 2692 Ut
367 2670 450 2699 nos,
477 2661 638 2692 PABFR.
679 2678 717 2683 —
760 2661 790 2692 8.
818 2662 957 2701 seligyere
985 2661 1110 2692 PAFT.
1156 2677 1189 2683 -
1236 2663 1268 2694 9.
1292 2663 1429 2694 audivit
1454 2664 1494 2694 de
1520 2668 1594 2695 arte
1620 2664 1725 2701 PAB,
1753 2664 1794 2694 de
1819 2668 1894 2693 arte
1919 2662 2055 2692 audivit

298 2707 401 2739 FRT.
430 2724 472 2729 -—
499 2710 552 2739 11.
586 2708 625 2738 Ut
651 2707 698 2738 L:
729 2708 786 2738 lca
810 2713 848 2738 ut
869 2708 1034 2744 PABFR,
1062 2708 1185 2747 Itaque
1204 2708 1244 2739 T.
1274 2726 1312 2731 —
1343 2711 1396 2740 12.
1424 2711 1585 2748 periodos
1609 2708 1706 2751 quia]
1726 2710 1867 2740 nuntios
1893 2710 1952 2739 sed
1969 2708 2055 2748 quia

299 2762 350 2791 pr.
374 2756 410 2785 P.
439 2754 679 2791 (Memorabile
706 2754 788 2784 illud
816 2757 956 2786 nuntios
971 2778 979 2791 ‚
1008 2757 1099 2795 quod
1128 2760 1216 2786 esset
1237 2754 1303 2795 τὰς
1323 2755 1396 2787 τῶν
1414 2754 1587 2799 ἀγγέλων
1607 2758 1670 2788 καὶ
1689 2753 1903 2798 εξαγγέλων
1920 2752 2055 2801 ῥήσεις

299 2809 337 2831 ac
362 2802 439 2833 vide
468 2806 569 2833 etiam
598 2807 703 2840 atque
731 2803 846 2838 etiam,
877 2812 917 2833 ne
948 2803 1010 2833 hoc
1036 2812 1067 2833 v.
1097 2811 1216 2841 parum
1245 2803 1456 2834 intellectum
1485 2807 1657 2843 pepererit
1683 2808 1831 2834 monstra
1867 2803 2053 2833 lectionum

300 2851 412 2878 statim
437 2848 673 2884 memoranda,
703 2848 911 2880 inculcatum
933 2855 1047 2880 autem
1068 2851 1110 2880 sit
1128 2858 1158 2880 v.
1176 2850 1351 2887 periodos,
1372 2853 1451 2889 quia
1470 2855 1582 2889 aptius
1602 2858 1668 2881 non
1689 2849 1928 2881 succurrebat.
1957 2848 2053 2888 Quae

302 2898 413 2931 enim,
442 2903 584 2934 quaeso,
613 2897 674 2926 ista
703 2898 876 2934 oppositio
903 2896 1103 2935 sententias)
1129 2896 1332 2935 (pm-foelus?
1374 2897 1554 2929 Praeterea
1577 2900 1608 2927 in
1630 2906 1680 2936 pr.
1707 2896 1731 2927 P
1752 2897 1810 2928 sed
1837 2897 1920 2935 quia
1947 2896 2052 2927 latere

299 2942 435 2971 videtur
461 2947 491 2972 et
518 2944 613 2983 quia.
667 2940 749 2980 On.)
781 2958 816 2962 —
844 2943 1051 2980 pacuvium}
1077 2952 1161 2973 num
1186 2944 1216 2973 si
1241 2944 1325 2982 quia
1348 2951 1434 2974 corr.
1457 2944 1503 2979 P,
1533 2945 1744 2982 pacui-ionis
1767 2942 1942 2984 periodos.
1969 2951 2053 2973 num

298 2987 329 3015 si
355 2988 436 3025 quia
462 2988 537 3022 AF,
563 2989 772 3027 pacuvianis
794 2989 950 3027 periodis
975 2999 1044 3019 non
1069 2991 1098 3019 si
1124 2989 1206 3030 quia
1233 2989 1277 3025 B,
1305 2993 1513 3028 pacavianis
1537 2991 1697 3029 periodos
1721 2999 1792 3021 non
1812 2991 1895 3031 quia
1914 2991 1963 3026 R,
1988 2997 2052 3028 pa-

299 3032 478 3063 chuvianis
503 3035 674 3074 peryodos
700 3045 769 3066 non
796 3036 825 3065 si
851 3037 908 3075 qui
935 3035 974 3066 T.
1028 3035 1137 3068 Viden
1165 3039 1196 3066 in
1225 3038 1296 3066 istis
1322 3045 1391 3066 non
1415 3038 1465 3074 si,
1491 3046 1573 3067 num
1597 3038 1647 3073 si,
1676 3047 1746 3068 non
1771 3041 1884 3068 inesse
1911 3037 2050 3076 vestigia

299 3087 330 3110 v.
359 3081 523 3109 numios?
552 3097 590 3102 —
620 3082 675 3112 15.
700 3082 917 3121 poematibus
943 3082 1047 3112 BRT.
1099 3083 1143 3114 Ut
1169 3091 1248 3120 nos,
1273 3082 1371 3113 PAF.
1406 3099 1436 3104 -
1483 3085 1539 3115 17.
1568 3084 1666 3115 huius
1690 3085 1742 3114 rei
1766 3083 1934 3115 PAFRT:
1976 3082 2051 3113 eius

298 3123 382 3165 (om.
415 3127 476 3164 rei)
515 3127 552 3156 E.
605 3126 652 3165 (te
677 3128 835 3158 nonnihil
858 3131 945 3159 scire
971 3129 1015 3165 B,
1057 3126 1194 3167 Lamb.)
1235 3145 1270 3150 —
1315 3131 1402 3160 scire
1438 3139 1506 3161 om.
1539 3130 1667 3161 PAFT.
1727 3131 1797 3164 Nos
1829 3130 2047 3162 seclusimus.

298 3188 340 3192 —
369 3171 420 3202 18.
448 3173 560 3202 multa
586 3179 616 3204 te
642 3175 728 3205 seire
755 3175 827 3205 ΒΤ.
881 3175 923 3206 Ut
949 3184 1033 3213 n05‚
1068 3175 1227 3206 PABFE.
1257 3191 1297 3197 —
1324 3176 1555 3218 intelle-quum
1579 3177 1656 3215 (sic)
1681 3178 1750 3209 FT.
1780 3195 1820 3200 —
1846 3178 1902 3209 20.
1929 3175 2053 3207 scribet

298 3217 348 3253 B,
378 3218 415 3248 L.
449 3233 482 3238 —
512 3218 568 3249 21.
594 3220 717 3250 scribet
744 3221 822 3259 BT,
850 3221 888 3252 L.
920 3239 957 3245 —
985 3223 1041 3254 ⁴28.
1070 3219 1236 3261 Dicimus]
1265 3222 1385 3254 Omnes
1412 3224 1436 3253 B
1463 3229 1497 3255 et
1524 3233 1571 3262 pr.
1591 3224 1631 3255 T.
1662 3225 1874 3257 ‹Pei-mutata
1901 3226 1990 3255 inter
2013 3232 2049 3254 se

300 3264 506 3301 compendia
527 3265 621 3295 Dms.
652 3272 685 3296 et
710 3268 802 3297 Oms.
823 3268 944 3303 ΒΑιΤ.)
974 3284 1008 3290 -
1043 3269 1153 3310 iyitur
1176 3268 1374 3300 PABFRT:
1405 3279 1485 3310 erqo
1505 3271 1544 3301 E.
1566 3288 1608 3294 —
1633 3280 1688 3302 eos
1715 3281 1791 3302 cum
1814 3272 1930 3309 video,
1957 3270 2050 3311 quod

299 3310 441 3342 ABFl‘:
489 3319 544 3341 eos
569 3315 640 3342 tum
666 3313 740 3342 ideo
767 3317 855 3351 quod
882 3324 969 3346 corr.
991 3316 1015 3346 P
1042 3315 1111 3354 (eos
1136 3317 1172 3346 id
1197 3315 1287 3356 quod
1315 3325 1363 3354 pr.
1389 3317 1452 3356 P),
1481 3326 1535 3348 eos
1561 3326 1693 3356 omne-5,
1719 3319 1793 3349 ideo
1819 3318 1911 3357 quod
1937 3317 1977 3348 E.
2008 3333 2044 3340 —

299 3357 356 3388 ἓξ).
383 3359 499 3398 mayis
527 3358 634 3388 etiam
658 3358 856 3392 PABFRT:
885 3364 988 3394 etiam
1012 3364 1124 3404 mauis
1150 3363 1189 3394 E.
1223 3377 1256 3383 —
1287 3361 1342 3394 32.
1370 3363 1430 3395 hoc
1458 3373 1526 3395 om.
1555 3365 1596 3397 T.
1626 3381 1663 3388 —-
1691 3364 1785 3396 Licet
1808 3364 1907 3396 PAF.
