2117 3762
730 257 827 296 Lm.
864 256 914 295 ll.
977 257 1018 297 C.
1053 258 1118 298 30.
1150 259 1215 298 31.
1780 266 1855 305 151

109 367 191 403 est:
243 361 344 403 Dedi
378 369 556 418 oportet.
616 360 817 416 Depulsio
857 368 940 402 est:
996 364 1084 403 Non
1116 369 1296 416 oportet.
1360 364 1554 414 Quaestio
1588 372 1673 407 est:
1727 369 1859 422 Opor-

108 429 275 465 teatne?
325 428 441 466 Ratio
474 431 561 465 est:
614 425 704 464 Non
746 424 854 464 enim
898 438 1032 465 mcum
1075 424 1150 465 snit
1193 425 1375 466 ollii-iuni
1414 440 1488 467 nec
1527 441 1619 468 mea
1661 435 1856 483 potestas,

107 500 198 528 cum
240 494 277 527 et
322 489 360 527 id
392 486 535 527 aetatis
573 491 612 526 et
642 488 825 538 privatus
859 502 990 527 essem
1024 494 1062 528 ct
1093 495 1199 528 esset
1230 503 1387 530 summa
1419 503 1510 529 cum
1543 491 1787 532 auctoritate
1820 499 1860 534 et

106 556 309 603 potestate
341 549 594 604 imperator,
644 549 713 602 qui
754 549 935 596 videret,
985 556 1027 590 ut
1067 549 1162 589 satis
1203 549 1420 592 bont-stum
1459 551 1604 594 foedus
1643 551 1855 595 feriretur.

107 611 332 653 lnlirmatio
371 618 458 652 est:
511 614 561 652 At
600 611 709 650 enim
748 612 940 665 quoniam
981 618 1021 651 tu
1061 613 1265 667 particeps
1308 613 1435 654 fartus
1475 629 1518 654 es
1549 616 1589 655 in
1620 617 1887 670 turpissimos

106 674 274 716 foedere
305 687 489 715 summae
523 672 762 725 religionis,
812 675 906 714 dedi
949 681 985 714 te
1029 675 1235 714 comenit.
1300 678 1500 717 ludit-atio
1532 683 1620 718 est:
1674 680 1774 719 Cum
1806 680 1856 727 is,

105 739 174 793 qui
212 738 422 793 potestatis
460 737 560 776 nihil
600 735 816 783 babuerit,
868 738 980 777 iussu
1019 737 1280 790 imperatoris
1321 738 1361 778 in
1403 738 1573 780 foedere
1606 742 1717 781 etin
1750 747 1861 782 tanta

104 800 304 854 religione
334 797 591 846 interfuerit,
638 797 848 839 dedendus
892 801 943 839 sit
987 800 1176 839 hostibus
1221 804 1382 841 necne?
1433 803 1521 842 lloc
1553 816 1680 855 genus
1711 817 1858 844 causae

105 876 197 903 cum
240 862 454 916 superiore
495 862 571 900 hoe
616 860 772 908 differt,
823 860 933 916 quod
975 862 1017 901 in
1062 860 1133 901 illo
1179 862 1368 903 concedit
1415 878 1456 904 se
1497 880 1591 905 reus
1624 865 1858 918 oportuisse

103 923 237 965 facere
268 923 331 970 id,
378 924 488 978 quod
528 921 614 963 lieri
657 925 764 964 dicat
795 930 1009 964 accusator
1038 923 1294 978 oportuisse,
1344 928 1415 966 sed
1446 926 1566 968 alicui
1597 929 1656 968 rei
1688 934 1756 969 aut
1786 930 1900 971 ho-io

105 985 204 1026 mini
235 999 397 1026 causam
428 986 635 1033 attribuit,
670 999 774 1040 quae
807 985 1008 1026 voluntati
1038 999 1137 1026 suae
1169 985 1296 1027 suerit
1324 987 1618 1041 impedimento
1652 992 1740 1032 sine
1761 1004 1860 1032 con-

104 1049 302 1089 cessionis
338 1046 554 1102 partibus;
606 1062 699 1088 nani
739 1061 881 1088 earum
921 1049 1052 1089 maior
1092 1051 1294 1103 quaedam
1338 1051 1398 1091 vis
1438 1056 1528 1100 est,
1577 1052 1687 1107 quod
1718 1053 1858 1109 paullo

102 1118 195 1166 post
224 1109 488 1164 intelligetur.
567 1112 634 1150 93.
683 1112 728 1150 lu
759 1111 839 1150 hoc
871 1117 1007 1151 autem
1039 1124 1121 1151 non
1155 1125 1351 1153 accusare
1383 1114 1558 1154 alterum
1591 1128 1666 1156 nec
1697 1116 1859 1171 culpam

102 1176 144 1215 in
173 1173 299 1215 alium
330 1173 552 1213 transferre
596 1172 747 1222 debet,
794 1174 866 1213 sed
905 1174 1190 1213 demonstrare
1231 1188 1322 1214 eam
1364 1188 1453 1216 rem
1491 1176 1591 1218 nihil
1623 1180 1673 1219 ad
1705 1192 1748 1219 se
1781 1193 1858 1219 nec

102 1236 152 1278 ad
183 1241 428 1290 potestatem
460 1248 593 1289 neque
625 1234 675 1276 ad
706 1233 887 1275 osticium
920 1249 1040 1276 suum
1071 1236 1320 1290 pertinuisse
1352 1244 1422 1278 aut
1444 1241 1664 1291 pertinere.
1724 1243 1857 1296 Atque
1871 1257 1908 1283 1⁵

101 1298 142 1339 in
173 1299 253 1339 hoc
283 1311 434 1352 genere
465 1297 544 1339 hoc
574 1298 721 1338 accidit
750 1297 868 1344 novi,
901 1297 1012 1353 quod
1043 1305 1259 1339 accusator
1289 1313 1455 1355 quoque
1485 1315 1609 1355 saepe
1641 1318 1692 1343 ex
1725 1318 1860 1344 remo-

101 1360 212 1402 tione
244 1359 573 1401 criminationem
605 1359 782 1400 conlicit.
843 1362 912 1407 ct,
955 1359 990 1400 si
1021 1361 1091 1415 qui
1122 1374 1215 1401 eum
1248 1368 1439 1411 accuset,
1481 1364 1576 1418 qui,
1617 1378 1708 1406 cum
1740 1379 1860 1418 prae-

102 1429 167 1465 tor
212 1429 342 1471 esset,
398 1424 439 1463 in
483 1422 792 1477 expeditionem
831 1421 883 1463 ad
919 1436 1034 1463 arma
1073 1423 1273 1478 populum
1313 1424 1487 1472 vocarit,
1539 1440 1633 1467 cum
1666 1429 1857 1468 consules

101 1491 252 1526 essent.
314 1487 415 1525 Nam
459 1492 504 1526 ut
544 1487 585 1526 in
626 1486 842 1538 superiore
886 1487 1079 1540 exemplo
1124 1500 1219 1527 reus
1260 1488 1311 1527 ab
1359 1502 1433 1529 suo
1478 1487 1616 1530 officio
1657 1495 1697 1531 et
1733 1503 1755 1530 a
1785 1504 1859 1531 sua

100 1554 302 1603 potestate
333 1546 484 1588 factum
517 1549 786 1594 demovebat,
818 1549 875 1588 sic
907 1549 948 1588 in
980 1547 1058 1588 hoc
1088 1550 1138 1588 ab
1171 1549 1260 1590 eius
1292 1548 1428 1591 officio
1460 1564 1507 1592 ac
1527 1558 1750 1607 potestate,
1786 1555 1857 1607 qui
1873 1570 1909 1596 πο

101 1618 342 1658 accusatur,
388 1611 475 1665 ipse
508 1616 723 1651 accusator
753 1609 905 1651 factum
937 1613 1194 1652 removendo
1228 1611 1302 1652 bac
1336 1614 1424 1668 ipsa
1453 1613 1613 1656 ratione
1646 1614 1860 1657 confirmat

101 1675 422 1714 accusationem.
484 1674 550 1714 94.
584 1675 630 1713 ln
662 1674 739 1713 hac
769 1674 820 1713 ab
853 1679 1029 1727 utroque
1062 1688 1113 1714 ex
1143 1675 1337 1715 omnibus
1364 1678 1589 1717 honestatis
1611 1684 1651 1718 et
1672 1679 1858 1719 utilitatis

101 1738 312 1788 partibus,
347 1735 569 1788 exemplis,
602 1734 729 1789 signis
750 1735 1068 1783 ratiocinando,
1104 1735 1201 1791 quid
1227 1736 1425 1793 cuiusque
1447 1738 1595 1788 oflicii,
1628 1741 1752 1788 iuris,
1784 1754 1859 1795 po-

100 1799 256 1838 testatis
297 1799 373 1844 sit,
419 1799 564 1852 quaeri
605 1797 815 1852 oportebit
853 1804 892 1838 ct
930 1796 1105 1840 fueritne
1147 1801 1206 1847 ei,
1256 1813 1337 1854 quo
1370 1799 1420 1842 de
1452 1809 1618 1855 agetur,
1666 1804 1708 1843 id
1738 1802 1855 1851 iuris,

100 1857 251 1908 officii,
297 1861 513 1912 potestatis
557 1860 799 1901 attributum
846 1873 993 1901 necne.
1065 1862 1199 1902 Locos
1238 1868 1375 1902 autem
1414 1878 1654 1906 communes
1686 1880 1739 1906 ex
1770 1867 1907 1920 ipsa25

100 1936 169 1970 re,
202 1922 235 1962 si
267 1920 365 1976 quid
395 1921 690 1975 indignationis
723 1936 769 1962 ac
801 1922 1110 1977 conquestionis
1143 1924 1338 1972 habebit,
1372 1925 1477 1965 sumi
1509 1927 1732 1981 oportebit.

210 1985 365 2025 XXXI.
419 1985 641 2025 Concessio
680 1990 761 2032 est,
808 1998 883 2037 per
920 1998 1043 2039 quam
1080 1999 1165 2026 non
1204 1985 1357 2027 sactum
1393 1987 1529 2042 ipsum
1570 1991 1771 2042 probatur
1807 1989 1858 2032 ab

100 2059 200 2094 reo,
246 2047 319 2087 sed
348 2051 394 2088 ut
421 2047 685 2100 ignoscatur,
733 2045 775 2087 id
807 2047 974 2101 petitur.
1038 2047 1162 2088 Cuius
1203 2053 1340 2102 partes
1371 2055 1466 2090 sunt
1497 2052 1622 2099 duae,
1667 2054 1858 2106 purgatio

101 2116 140 2151 et
169 2110 422 2164 deprecatio.
482 2108 678 2164 Purgatio
710 2115 790 2156 est,
824 2124 899 2162 per
930 2124 1053 2163 quam
1086 2110 1196 2157 eiuS‚
1228 2111 1298 2165 qui
1328 2117 1566 2162 accusatur,
1601 2127 1682 2155 non
1705 2114 1855 2157 sactum

99 2173 236 2225 ipsum
279 2170 353 2213 sed
397 2171 588 2213 voluntas
628 2170 879 2213 defenditur.
951 2174 1013 2213 Ea
1042 2173 1171 2213 habet
1200 2179 1336 2228 partes
1367 2180 1471 2222 tres,
1517 2175 1908 2229 imprudentia1n‚³o

100 2247 260 2282 casum,
292 2233 652 2275 necessitudinem.
712 2236 779 2274 95.
813 2235 1095 2289 Imprudentia
1118 2240 1196 2282 est,
1230 2250 1324 2277 cum
1355 2237 1481 2277 scisse
1512 2237 1668 2293 aliquid
1699 2241 1754 2288 is,
1789 2242 1859 2296 qui

100 2298 312 2350 arguitur,
343 2301 544 2350 negatur3
577 2301 622 2336 ut
652 2298 760 2350 apud
793 2295 993 2352 quosdam
1024 2298 1091 2338 lex
1122 2303 1237 2338 erat:
1287 2301 1345 2339 Ne
1377 2301 1468 2354 quis
1498 2301 1651 2342 Dianae
1681 2302 1859 2345 vitulum

100 2360 347 2400 immolaret.
408 2361 564 2399 Nautae
586 2357 774 2412 quidam,
807 2373 900 2400 cum
931 2358 1105 2400 adversa
1134 2365 1376 2416 tempestate
1407 2361 1451 2403 in
1481 2361 1562 2403 alto
1591 2365 1855 2414 iactarentur,

100 2427 322 2469 voverunt,
355 2420 390 2462 si
420 2434 470 2462 eo
500 2426 646 2476 portu,
680 2435 803 2475 quem
835 2421 1163 2477 conspiciebant,
1210 2423 1330 2476 potiti
1362 2431 1520 2474 essent,
1570 2425 1608 2466 ei
1639 2426 1740 2475 deo,
1788 2429 1857 2482 qui

99 2485 158 2524 ibi
189 2489 321 2531 esset,
354 2498 398 2524 se
428 2484 602 2524 vitulum
634 2484 936 2528 immolaturos,
998 2485 1104 2526 Casu
1137 2491 1224 2526 erat
1254 2487 1295 2526 in
1326 2501 1375 2527 eo
1397 2494 1522 2542 portu
1543 2486 1682 2529 sanum
1703 2491 1855 2531 Dianae
1871 2505 1906 2531 35

101 2546 210 2594 eius,
242 2548 308 2587 cui
340 2545 511 2587 vitulum
543 2546 748 2587 immolari
788 2560 870 2588 non
906 2546 1071 2588 licebat.
1133 2550 1421 2603 Imprudentes
1454 2552 1577 2604 legis,
1620 2565 1712 2592 cum
1752 2551 1858 2593 exis-

101 2614 215 2658 sent,
247 2609 422 2650 vitulum
453 2609 787 2651 immolaverunt.
848 2611 1118 2652 Accusantur.
1179 2613 1356 2652 Intentio
1375 2618 1468 2653 est:
1502 2613 1681 2654 Vitulum
1711 2616 1859 2655 immo-

100 2670 212 2711 lastis
251 2672 290 2712 ei
336 2673 442 2720 deo,
494 2674 558 2713 cui
604 2686 686 2713 non
732 2671 897 2713 licebat.
968 2672 1166 2728 Depulsio
1216 2679 1277 2715 est
1314 2676 1355 2715 in
1395 2677 1661 2716 concessione
1705 2678 1854 2731 posita.

101 2734 218 2774 Ratio
250 2739 332 2774 est:
366 2735 530 2776 Nescivi
560 2749 643 2775 non
674 2734 814 2776 licere.
875 2734 1102 2777 Iulii-matio
1135 2741 1225 2777 est:
1276 2740 1447 2784 Tamen,
1482 2739 1675 2791 quoniam
1706 2737 1853 2787 fecisti,

102 2796 214 2848 quod
243 2808 327 2836 non
357 2796 525 2846 licebat,
574 2811 627 2838 ex
656 2797 746 2851 lege
777 2797 980 2853 supplicio
1013 2799 1160 2853 dignus
1193 2813 1251 2839 es.
1313 2799 1510 2840 ludit-atio
1549 2806 1635 2840 est:
1683 2802 1783 2843 Cum
1814 2803 1855 2842 id
1870 2819 1905 2844 40

102 2857 267 2905 fecerit,
301 2858 411 2912 quod
442 2872 524 2901 non
553 2860 804 2915 oportuerit,
839 2865 880 2901 et
910 2861 951 2901 id
982 2874 1065 2901 non
1096 2867 1291 2916 oportere
1321 2862 1532 2908 nescierit,
1565 2862 1668 2902 sitne
1699 2862 1856 2918 suppli-

104 2918 169 2960 cio
200 2917 380 2973 dignus?
428 2923 496 2963 96.
546 2924 671 2965 Casus
711 2928 849 2964 autem
879 2921 1080 2964 inseretur
1110 2924 1152 2964 in
1182 2924 1514 2972 concessionem,
1562 2936 1655 2964 cum
1685 2922 1856 2967 demon-

195 3063 230 3095 8.
257 3063 469 3096 dedendusne
492 3064 563 3096 PA.
601 3082 642 3088 —
679 3067 713 3099 9.
747 3075 822 3098 cum
848 3075 871 3098 a
894 3067 1070 3107 superiore
1094 3065 1174 3105 AR,
1201 3076 1224 3098 a
1247 3067 1424 3105 superiore
1447 3065 1527 3097 Ald.
1554 3065 1594 3097 L.
1623 3065 1746 3100 Graev.
1798 3067 1857 3109 (Ut

103 3118 190 3148 nos,
216 3111 267 3144 P.)
294 3127 334 3133 —-
363 3110 419 3142 14.
445 3120 506 3143 nec
531 3111 556 3142 Ρ
582 3112 712 3153 aliique
739 3118 772 3146 et
797 3114 847 3145 L:
875 3121 984 3153 neque
1011 3113 1051 3144 Ε.
1082 3129 1121 3135 -
1149 3113 1206 3144 17.
1235 3114 1293 3154 qut
1316 3113 1396 3143 PA:
1425 3114 1500 3152 quis
1525 3112 1599 3144 RE.
1629 3130 1670 3136 —
1714 3114 1770 3146 18.
1799 3124 1856 3147 ea:-

99 3157 280 3198 peditione
312 3156 360 3194 P,
402 3157 568 3190 seditione
599 3159 640 3192 Α.
687 3175 726 3182 -
769 3160 827 3192 19.
863 3163 971 3191 essent
996 3160 1050 3195 Α,
1094 3158 1210 3191 Schot.
1241 3160 1336 3190 Voss.
1365 3159 1410 3189 11.
1439 3163 1474 3190 ct
1498 3168 1551 3200 pr.
1578 3159 1630 3191 P:
1672 3161 1721 3192 ibi
1746 3165 1857 3194 essent

104 3212 191 3235 corr.
220 3204 267 3241 P,
296 3204 453 3235 adessent
479 3212 557 3236 cum
584 3207 710 3238 ceteris
738 3207 777 3238 E.
828 3207 1024 3246 Utrumque
1051 3214 1184 3239 merum
1211 3211 1261 3237 est
1287 3206 1386 3245 gloss.
1416 3221 1456 3227 —-
1494 3214 1562 3238 sua
1587 3216 1655 3239 om.
1682 3207 1784 3239 PAR.
1817 3225 1852 3230 —

103 3249 160 3281 22.
188 3251 343 3283 omnibus
363 3250 524 3290 partibus
550 3251 740 3284 honestatis
765 3253 865 3285 PAR.
895 3269 934 3275 —
972 3255 1003 3283 et
1028 3261 1070 3283 ex
1094 3254 1252 3284 ominbus
1278 3252 1443 3283 utilitatis
1467 3251 1538 3284 ΡΑ.
1568 3270 1606 3276 -
1649 3253 1706 3285 24.
1735 3258 1856 3296 agetur

104 3297 219 3328 Schol.
249 3302 283 3329 et
307 3306 358 3337 pr.
385 3296 438 3328 P:
466 3298 587 3338 ayitur
613 3299 638 3329 E
665 3307 742 3330 cum
769 3299 829 3331 AR
855 3303 888 3332 et
913 3308 1002 3331 corr.
1031 3297 1070 3329 P.
1090 3314 1134 3320 —
1159 3299 1216 3330 34.
1244 3308 1320 3331 eum
1341 3303 1483 3338 portum
1508 3301 1543 3332 in
1569 3299 1654 3332 Cod.
1684 3304 1853 3339 reperisse

104 3343 245 3376 videtur
270 3343 308 3376 C.
335 3344 484 3386 Langius
509 3344 601 3384 apud
626 3345 730 3378 Beier
754 3346 797 3379 de
823 3345 891 3378 Off.
919 3345 997 3379 Vol.
1025 3344 1072 3376 11.
1101 3353 1135 3385 p.
1164 3344 1242 3378 156.
1269 3362 1314 3367 -
1338 3345 1395 3378 36.
1422 3346 1603 3380 immolare
1627 3346 1685 3379 ΡΑ
1709 3348 1851 3390 alitque.
