2117 3762
316 277 370 318 70
983 268 1052 310 AD
1084 268 1390 312 HERENNHJM

316 396 432 429 nem,
479 380 597 423 stude
626 391 770 421 verum
800 372 999 416 invenire.
1058 374 1149 414 Hoc
1191 388 1318 428 genus
1356 380 1397 418 et
1433 375 1701 417 acrimoniam
1731 373 1855 418 habet
1882 377 1925 418 in
1955 390 1998 418 se
2029 379 2070 420 et

317 444 726 489 vehementissimum
758 443 819 479 est
849 441 888 477 et
917 438 966 477 ad
998 434 1240 477 brevitatem
1272 438 1641 480 accommodatum.

428 506 635 549 Praecisio
667 505 747 548 est,
780 514 896 546 cum,
929 497 1047 539 dictis
1080 499 1349 554 quibusdam,
1381 503 1612 557 reliquum,
1644 502 1754 556 quod
1786 507 1977 557 coeptum
2009 507 2071 544 est

319 570 417 617 dici,
448 569 694 624 relinquitur
722 564 960 605 inchoatum
991 562 1033 601 in
1055 560 1307 603 audientium
1339 565 1512 613 iudicio,
1547 565 1627 606 sic:
1658 564 1759 606 Mihi
1790 569 1925 606 tecum
1954 579 2071 621 prae·-

288 633 490 675 scertatio
520 645 604 672 non
635 632 722 675 est,
755 626 851 667 ideo
883 626 995 679 quod
1025 623 1202 678 populus
1232 626 1438 667 Romanus
1470 642 1534 668 me
1569 660 1578 668 .
1616 659 1624 668 .
1662 659 1671 669 .
1702 629 1801 668 nolo
1823 626 1984 676 dicere,
2017 643 2070 670 ne

319 697 383 737 cui
423 696 529 736 sorte
565 704 762 744 arrogans
801 687 964 736 videam
1010 693 1050 728 te
1089 692 1226 727 autem
1265 701 1387 743 saepe
1426 691 1652 744 ignominia
1691 692 1860 745 dignum
1901 692 2071 746 putavit.

318 760 448 799 Item:
501 759 559 796 Tu
592 756 669 794 ista
698 765 809 793 nunc
838 752 965 791 audes
997 751 1157 796 dicere,
1206 751 1275 804 qui
1315 765 1448 807 nuper
1486 755 1643 794 alienae
1676 754 1816 793 domui
1851 785 1860 793 .
1897 784 1907 794 .
1943 784 1953 794 .
1986 766 2071 794 non

318 820 446 861 ausim
479 816 644 864 dicere,
676 829 748 860 ne,
782 827 873 855 cum
904 818 943 854 te
974 811 1094 865 digna
1127 813 1299 858 dixero,
1332 828 1398 855 me
1430 816 1642 870 indignum
1675 817 1886 871 quidpiam
1917 816 2071 857 dixisse

318 883 474 923 videar.
536 879 614 918 Hic
643 877 825 918 atrocior
855 875 972 917 tacita
1005 874 1182 929 suspicio
1216 889 1337 929 quam
1369 879 1519 918 diserta
1551 880 1784 932 explanatio
1817 877 1918 919 sacta
1950 883 2025 919 est.

269 956 303 981 10
430 940 650 983 Conclusio
681 946 757 988 est,
791 952 894 995 quae
916 939 1032 979 brevi
1054 938 1408 992 argumentatione
1429 953 1479 980 ex
1508 941 1580 985 iis,
1611 956 1716 996 quae
1739 948 1831 982 ante
1854 941 1958 982 dicta
1981 945 2075 981 sunt

318 1011 388 1047 aut
419 1003 546 1052 sacta,
580 1001 744 1043 conficit
773 1004 839 1050 id,
873 1003 984 1057 quod
1015 1002 1246 1042 necessario
1282 1009 1577 1058 consequatur,
1610 1003 1688 1045 hoc
1718 1006 1865 1045 modo:
1914 1004 2074 1054 Quodsi

317 1069 466 1111 Danais
508 1069 648 1108 datum
691 1071 779 1106 erat
821 1066 1037 1106 oraculum
1079 1077 1160 1105 non
1202 1078 1324 1119 posse
1364 1066 1453 1119 capi
1493 1067 1656 1107 Troiam
1696 1069 1783 1108 sine
1821 1066 2073 1108 Philoctetae

319 1130 496 1185 sagittis,
541 1131 619 1171 hae
657 1135 792 1171 autem
831 1127 931 1168 nihil
963 1126 1070 1167 aliud
1102 1127 1317 1175 fecerunt,
1366 1128 1443 1168 nisi
1475 1130 1756 1171 Alexandrum
1786 1129 2071 1184 perculerunt,

318 1196 428 1236 huuc
458 1194 749 1247 exstinguere,
782 1192 823 1231 id
855 1191 1048 1231 nimirum
1081 1191 1170 1243 capi
1202 1189 1276 1230 suit
1307 1192 1486 1231 Troiam.

268 1272 303 1299 15
430 1257 583 1299 XXXI.
635 1255 703 1295 42.
764 1256 932 1294 Restant
979 1253 1100 1294 etiam
1147 1255 1289 1294 decem
1336 1255 1629 1295 exornationes
1679 1253 1924 1302 verborum,
1974 1268 2076 1310 quas

318 1322 474 1362 idcirco
506 1333 590 1360 non
619 1332 724 1372 vage
762 1316 1055 1371 dispersimus,
1106 1315 1178 1356 sed
1216 1330 1240 1356 a
1280 1316 1566 1370 superioribus
1604 1318 1917 1372 separavimus,
1965 1319 2077 1372 quod

320 1396 464 1425 omnes
494 1381 535 1423 in
567 1395 649 1423 uno
680 1395 834 1434 genere
865 1385 959 1420 sunt
988 1379 1160 1434 positae.
1222 1381 1323 1419 Nam
1357 1393 1498 1419 earum
1530 1381 1714 1420 omnium
1746 1381 1826 1421 hoc
1857 1379 2075 1435 proprium

321 1451 406 1493 est,
440 1450 486 1485 ut
515 1446 565 1485 ab
598 1444 746 1485 usitata
774 1442 999 1484 verborum
1032 1447 1232 1496 potestate
1263 1441 1482 1483 recedatur
1511 1448 1632 1497 atque
1666 1445 1707 1483 in
1729 1444 1850 1484 aliam
1872 1444 2077 1483 rationem

321 1523 414 1550 cum
460 1509 636 1562 quadam
680 1511 894 1547 venustate
941 1504 1073 1546 oratio
1120 1504 1368 1546 conferatur.
1433 1508 1492 1546 De
1540 1508 1690 1560 quibus
1736 1507 2077 1547 exornationibus

271 1586 306 1611 20
321 1572 548 1613 nominatio
582 1575 643 1611 est
672 1571 826 1624 prima,
860 1582 966 1623 quae
997 1581 1073 1607 nos
1104 1569 1321 1612 admonet,
1361 1573 1433 1613 ut,
1474 1569 1587 1608 euius
1618 1570 1680 1609 rei
1712 1583 1864 1609 nomen
1895 1574 1965 1610 aut
1993 1582 2077 1609 non

321 1636 371 1676 sit
403 1639 472 1674 aut
503 1634 597 1673 satis
626 1634 824 1673 idoneum
856 1644 939 1671 non
986 1629 1056 1677 sit,
1107 1644 1197 1670 eam
1242 1636 1406 1670 nosmet
1449 1629 1601 1670 idoneo
1644 1629 1774 1672 verbo
1819 1632 2078 1672 nominemus

321 1703 392 1739 aut
431 1696 671 1737 imitationis
715 1701 784 1735 aut
823 1691 1133 1746 significationis
1179 1705 1313 1736 eausa.
1389 1694 1659 1741 mutationis,
1708 1696 1788 1734 hoc
1834 1695 1983 1742 modo,
2034 1698 2080 1734 ut

321 1761 501 1802 maiores
539 1760 691 1800 rudere
731 1763 771 1798 et
809 1757 950 1809 vagire
990 1761 1030 1796 et
1066 1754 1228 1809 mugire
1267 1761 1306 1796 et
1337 1770 1599 1797 murmurare
1632 1762 1672 1797 et
1701 1755 1869 1798 sibilare
1901 1756 2080 1813 appella-

321 1828 432 1865 runt.
494 1820 792 1876 Significandae
824 1820 884 1860 rei
906 1831 1049 1864 causa,
1082 1818 1165 1857 sic:
1197 1819 1419 1873 Postquam
1450 1820 1526 1860 iste
1556 1820 1598 1859 in
1629 1833 1714 1860 rem
1746 1819 1952 1873 publicam
1983 1818 2081 1861 fecit

272 1899 306 1924 25
321 1887 548 1940 impetum,
598 1883 737 1937 fragor
776 1882 949 1923 civitatis
987 1880 1188 1935 imprimis
1228 1886 1289 1921 est
1325 1881 1498 1922 auditus.
1567 1884 1658 1923 Hoc
1697 1897 1849 1937 genere
1887 1896 1982 1924 raro
2018 1887 2081 1923 est

323 1950 549 1994 utendum,
594 1961 645 1987 ne
677 1947 774 1987 novi
805 1945 923 1986 verbi
955 1944 1172 1984 assiduitas
1204 1943 1343 1984 odium
1376 1945 1533 1999 pariat;
1572 1947 1643 1986 sed
1675 1946 1708 1986 si
1739 1947 1957 1987 commode
1989 1946 2079 2000 quis

323 2025 372 2052 eo
404 2017 543 2052 utatur
573 2016 613 2051 et
641 2023 761 2057 raro,
811 2023 893 2048 non
935 2006 1058 2047 modo
1098 2021 1183 2047 non
1214 2006 1397 2048 offendet
1431 2009 1631 2054 novitate,
1681 2010 1753 2049 sed
1797 2010 1919 2050 etiam
1960 2021 2082 2049 exor-

323 2076 438 2115 nabit
476 2074 720 2114 orationem.
799 2069 1108 2112 Pronominatio
1154 2075 1236 2118 est,
1289 2084 1393 2125 quae
1439 2071 1557 2112 sicuti
1606 2071 1852 2124 cognomine
1902 2072 2081 2125 quodam

326 2143 522 2178 extraneo
563 2138 814 2176 demonstrat
857 2133 920 2180 id,
968 2132 1077 2188 quod
1128 2147 1202 2173 suo
1242 2135 1411 2174 nomine
1459 2148 1543 2174 non
1584 2140 1721 2188 potest
1760 2134 1986 2190 appellari;
2035 2140 2082 2175 ut

276 2199 356 2241 sosi
404 2198 514 2254 quis,
562 2212 653 2239 cum
687 2198 878 2252 loquatur
910 2198 959 2238 de
993 2198 1206 2244 Gracchis,
1260 2200 1309 2237 At
1339 2209 1421 2237 non
1452 2196 1631 2236 Africani
1669 2203 1862 2251 nepotes,
1909 2196 2079 2252 inquiat,

325 2263 558 2303 istiusmodi
604 2262 784 2302 fuerunt.
861 2261 963 2300 Item
1009 2260 1042 2299 si
1087 2260 1203 2314 quis,
1254 2258 1303 2299 de
1343 2258 1579 2300 adversario
1621 2272 1711 2299 cum
1753 2260 1886 2307 dieat,
1936 2260 2081 2299 Videte

326 2340 460 2373 nunc,
508 2325 696 2380 inquiat,
744 2325 925 2369 iudices.
971 2325 1317 2378 quemadmodum
1351 2336 1416 2362 me
1447 2322 1735 2375 Plagiosippus
1774 2323 1850 2362 iste
1881 2322 2078 2362 tractarit.

328 2389 416 2429 Hoc
463 2393 583 2440 pacto
630 2401 710 2428 non
742 2388 928 2428 inornate
960 2387 1189 2440 poterimus
1230 2390 1270 2425 et
1309 2386 1350 2424 in
1389 2386 1594 2425 laudando
1637 2385 1747 2425 etin
1779 2386 1981 2425 laedendo
2013 2389 2083 2425 aut

328 2464 504 2504 corpore
549 2456 619 2491 aut
651 2451 787 2490 animo
834 2456 903 2490 aut
947 2450 1154 2490 extraneis
1194 2450 1318 2489 rebus
1360 2449 1527 2496 dicere,
1577 2448 1708 2488 sicubi
1739 2449 1790 2488 sit
1831 2462 2078 2502 cognomen,

279 2524 313 2551 ³⁵
330 2516 441 2570 quod
463 2527 539 2566 pro
561 2519 674 2554 certo
706 2514 871 2553 nomine
903 2514 1170 2553 collocemus.
1233 2512 1407 2551 XXXII.
1442 2512 1510 2552 43.
1544 2510 1834 2552 Denominatio
1858 2515 1941 2557 est,
1976 2523 2081 2564 quae

330 2581 381 2620 ab
414 2579 538 2619 rebus
569 2577 814 2630 propinquis
854 2582 893 2616 et
931 2574 1112 2616 finitimis
1155 2576 1280 2615 trahit
1318 2575 1570 2621 orationem,
1623 2588 1703 2629 qua
1739 2574 1869 2627 possit
1907 2573 2082 2627 intelligi

330 2656 427 2689 res,
475 2654 578 2696 quae
617 2653 698 2679 non
736 2653 809 2679 suo
847 2641 1050 2679 vocabulo
1091 2640 1141 2679 sit
1178 2638 1400 2691 appellata.
1462 2639 1506 2677 Id
1547 2643 1616 2677 aut
1654 2639 1705 2677 ab
1736 2638 1953 2677 inventore
1985 2649 2083 2676 con-

331 2703 488 2752 ficitur,
539 2708 584 2743 ut
615 2703 647 2743 si
679 2703 770 2756 quis
802 2703 851 2742 de
883 2702 1059 2754 Tarpeio
1090 2701 1265 2755 loquens
1286 2732 1296 2749 ,
1331 2714 1423 2741 eum
1457 2699 1732 2753 Capitolinum
1764 2699 1980 2748 nominet3
2013 2702 2084 2740 aut

424 2857 457 2889 lt.
486 2857 695 2896 relinquitur
719 2855 916 2886 inchoatum
943 2855 1048 2891 PAR,
1089 2854 1192 2887 Scit:
1231 2856 1439 2894 relinquitur
1476 2855 1613 2894 (omisso
1641 2851 1855 2892 inchoatum)
1884 2852 1922 2883 E.
1974 2853 2083 2883 (tmit-

336 2910 411 2936 tunt
439 2907 540 2937 etiam
570 2903 676 2938 FRT.
707 2906 739 2933 in
768 2904 912 2939 ceteris,
942 2909 976 2932 ut
1002 2902 1105 2940 PtB,
1136 2905 1226 2934 varie
1255 2903 1444 2933 turbantes.
1484 2918 1504 2922 —
1550 2906 1659 2930 terum
1681 2900 1958 2939 praecereatione
1984 2902 2031 2929 est
2058 2898 2082 2929 P

335 2952 428 2988 Eri..
454 2952 684 2991 praeconatio
714 2956 820 2981 tecum
848 2953 894 2979 est
921 2948 999 2985 (nin.
1021 2958 1103 2980 nou*
1131 2950 1176 2986 T,
1206 2954 1312 2981 tecum
1335 2959 1402 2988 pur
1427 2950 1571 2979 certatio
1599 2947 1718 2978 Lami).
1748 2951 1838 2977 coni.
1871 2962 1903 2968 -
1929 2946 1963 2977 7.
1990 2945 2084 2977 istud

335 2999 444 3035 AFR,
476 3000 510 3029 L.
545 3016 576 3020 -
610 2999 664 3029 12.
692 2996 778 3036 sine}
805 2997 873 3027 nisi
900 2995 965 3026 FT.
999 3012 1026 3017 -
1059 2997 1112 3026 17.
1141 3002 1220 3026 sunt
1244 2999 1378 3036 positae
1404 2995 1572 3026 PAuttT:
1600 2997 1733 3032 positae
1757 2998 1838 3024 sunt
1864 2993 1930 3024 FE.
1956 3010 1994 3014 —
2022 2993 2079 3023 20.

336 3047 428 3076 cuius
462 3045 595 3075 l'BR'l':
639 3046 692 3075 cui
719 3044 816 3075 AFE.
859 3059 890 3063 —
938 3041 992 3072 23.
1022 3045 1242 3082 appellarunt
1272 3043 1435 3074 PxFRT:
1477 3041 1738 3082 appellat-erunt
1767 3041 1833 3071 BE.
1878 3055 1913 3060 —
1952 3039 2006 3070 25.
2036 3042 2084 3069 est

336 3092 499 3122 utendum
525 3092 688 3123 PAFRT:
726 3090 888 3121 utendum
915 3094 961 3120 est
987 3088 1056 3119 BE.
1095 3107 1126 3113 -
1176 3091 1230 3121 27.
1260 3090 1320 3121 sed
1347 3092 1449 3121 etium
1475 3090 1655 3120 exornabit
1682 3097 1757 3117 cum
1787 3087 1894 3118 Codd.
1923 3087 2004 3123 aliu.
2034 3086 2080 3116 L:

335 3139 392 3169 sed
431 3140 533 3168 etiam
571 3141 717 3168 erornac
757 3136 954 3171 PABFRT,
996 3135 1054 3166 sed
1091 3138 1273 3167 exornabit
1312 3139 1415 3168 etium
1442 3136 1481 3167 E.
1523 3152 1561 3157 -
1605 3134 1658 3165 29.
1687 3144 1757 3165 non
1779 3138 1887 3174 potest
1913 3132 2084 3172 appellari

338 3185 504 3217 PBFRT:
535 3185 708 3223 appellari
733 3193 804 3216 non
827 3189 936 3223 potest
964 3183 1036 3214 ΑΕ.
1067 3200 1104 3206 -
1136 3183 1190 3214 30.
1221 3185 1357 3223 inquiat
1381 3183 1428 3214 T:
1456 3184 1582 3223 inquiet
1611 3181 1779 3217 ABFRE,
1808 3181 1948 3220 inquieti
1975 3179 2010 3209 P.
2044 3194 2080 3201 -

339 3233 383 3263 32
424 3232 561 3271 inquiat
588 3231 700 3262 ABR:
726 3233 838 3271 inquit
864 3231 940 3263 PE.
969 3230 1090 3269 inquid
1119 3230 1164 3264 F,
1192 3239 1257 3261 om.
1279 3231 1318 3260 T.
1351 3247 1387 3252 —-
1429 3230 1690 3271 Pluytooeyppus
1716 3228 1815 3259 PAT.
1867 3226 1932 3256 Atii
1959 3226 2080 3259 aliter:

340 3289 370 3311 v.
394 3278 516 3310 Graev.
557 3293 596 3299 ——
639 3278 693 3309 34.
723 3279 832 3310 sicubi
858 3281 903 3308 sit
929 3286 1111 3318 coynonoen
1137 3277 1336 3310 Setiutztus:
1377 3279 1478 3309 sicuti
1512 3284 1698 3315 cognomen
1731 3283 1808 3305 cuin
1840 3275 1962 3304 ceteris
1989 3273 2082 3303 tibris

340 3327 441 3357 etiam
468 3327 574 3356 nostri
603 3329 635 3356 et
665 3326 702 3355 E.
731 3341 770 3348 —
814 3325 870 3357 36.
898 3325 940 3357 ab
966 3325 1065 3356 rebus
1088 3325 1297 3366 propinquis
1322 3327 1351 3355 et
1375 3324 1531 3367 finitimis
1557 3321 1753 3355 PABFRT:
1781 3330 1803 3353 a
1823 3321 2028 3360 propinquis
2051 3323 2083 3351 et

338 3373 493 3419 finiti-mis
518 3371 616 3404 rebus
643 3372 680 3406 E.
