2117 3762
510 319 576 357 AD
609 316 661 355 M.
700 316 906 356 BRUTUM
939 314 983 356 C.
1016 317 1084 357 21.
1117 317 1185 356 22.
1218 317 1287 356 23.
1700 316 1780 360 417

37 419 220 461 reiicitur
250 422 331 462 alio
362 426 483 475 atque
514 419 593 461 alio
626 419 729 461 elata
760 419 902 462 verbo.
949 424 1016 462 73.
1052 423 1096 463 In
1118 421 1391 477 omnibusque
1413 419 1538 463 rebus
1559 422 1780 466 videndum

31 489 91 525 est
130 490 355 537 quatenus;
413 483 486 524 etsi
518 483 625 523 enim
657 496 754 523 suus
786 483 930 538 cuique
963 483 1108 525 modus
1141 490 1223 532 cst,
1275 489 1410 525 tamen
1442 485 1572 537 magis
1607 483 1782 525 offendit

32 545 203 586 nimium
237 560 357 600 quam
389 559 548 601 parum.
606 545 652 584 In
675 559 756 599 quo
778 545 941 600 Apelles
963 547 1141 601 pictores
1173 559 1337 601 quoque
1371 559 1442 587 eos
1472 559 1640 602 peccare
1672 547 1782 587 dice-

33 609 122 655 bat,
155 609 223 663 qui
255 623 337 650 non
369 609 591 655 sentirent,
630 609 727 661 quid
761 615 866 650 essct
897 611 1009 650 satis.
1070 611 1241 661 Magnus
1273 615 1336 650 cst
1365 608 1478 650 locus
1509 608 1598 658 hic,
1631 610 1780 656 Brute,

31 670 142 724 quod
184 678 224 713 te
263 686 347 713 non
386 669 511 723 sugit,
561 675 601 710 et
641 684 830 724 magnum
873 671 1066 712 volumen
1107 671 1216 712 aliud
1253 673 1480 722 desiderat:
1532 671 1602 714 sed
1633 671 1683 713 ad
1713 673 1811 720 id,5

31 734 142 786 quod
165 733 323 787 agitur,
356 732 456 774 illud
475 733 593 773 satis:
630 733 728 773 Cum
761 735 839 774 hoc
872 736 1019 775 decere
1050 757 1103 764 —
1125 736 1236 789 quod
1267 749 1432 789 semper
1461 748 1708 790 usurpamus
1739 735 1780 774 in

30 794 220 836 omnibus
241 794 360 836 dictis
383 801 422 835 et
442 793 573 843 sactis,
608 796 787 838 minimis
809 802 849 837 et
869 796 1060 838 maximis
1077 819 1147 843 -—‚
1179 809 1269 838 cum
1293 799 1383 845 hoc,
1414 797 1598 852 inquam,
1631 796 1781 839 decere

30 855 228 906 dicimus,
266 857 364 899 illud
395 871 478 897 non
510 856 680 907 decere,
721 867 761 900 et
790 861 831 900 id
862 871 1184 915 usquequaque,
1229 865 1425 912 quantum
1457 860 1530 909 sit,
1565 865 1779 916 appareat,

32 920 72 960 in
103 918 266 974 alioque
296 925 475 972 ponatur
505 919 696 976 aliudque
727 926 858 963 totum
900 921 971 970 sit,
1022 927 1160 962 utrum
1205 921 1394 963 decere
1435 935 1486 963 an
1526 929 1781 976 oportere

33 979 167 1029 dicas3
200 1004 251 1010 —
282 982 349 1022 74.
384 988 578 1037 oportere
610 983 718 1024 enim
748 982 1044 1038 perfectionem
1072 984 1256 1025 declarat
1277 982 1420 1032 officii,
1453 998 1535 1040 quo
1558 992 1598 1026 et
1617 998 1783 1040 semper
1796 998 1831 1024 10

30 1045 227 1084 utendum
265 1049 327 1084 est
365 1050 405 1085 et
443 1046 656 1093 omnibus,
701 1047 849 1087 decere
897 1047 1012 1102 quasi
1056 1052 1196 1102 aptum
1242 1060 1331 1088 esse
1377 1054 1783 1105 consentaneumque

28 1105 204 1159 tempori
234 1111 275 1146 et
304 1118 531 1161 personae3
564 1109 676 1164 quod
706 1121 798 1150 cum
829 1110 870 1149 in
901 1109 1018 1150 factis
1049 1108 1288 1164 saepissime
1318 1114 1404 1151 tum
1435 1111 1477 1150 in
1509 1111 1626 1152 dictis
1656 1110 1781 1159 valet,

28 1165 70 1207 in
100 1166 215 1222 vultu
244 1166 422 1224 denique
453 1175 494 1210 et
524 1176 640 1224 gestu
671 1177 712 1212 et
741 1171 928 1221 incessu;
963 1177 1188 1227 contraque
1218 1171 1317 1213 item
1349 1171 1574 1222 dedecere3
1608 1171 1719 1228 quod
1748 1173 1783 1213 si

27 1234 149 1284 poeta
178 1228 282 1283 sugit
311 1238 357 1272 ut
386 1233 609 1273 maximum
641 1232 804 1281 vitium,
836 1233 905 1288 qui
937 1239 1079 1289 peccat
1109 1236 1253 1284 etiam,
1287 1248 1380 1277 cum
1408 1236 1529 1290 probi
1553 1236 1781 1277 orationem

27 1290 183 1347 affingit
214 1294 405 1349 improbo
437 1296 613 1337 stultove
645 1294 862 1351 sapientis;
910 1297 942 1337 si
975 1297 1154 1352 denique
1185 1299 1323 1352 pictor
1352 1297 1420 1339 ille
1451 1297 1577 1348 vidit,
1618 1311 1709 1339 cum
1740 1298 1780 1338 in
1797 1309 1831 1336 ις

27 1354 279 1396 immolanda
319 1356 534 1411 Iphigenia
576 1357 702 1399 tristis
741 1357 909 1399 Calchas
954 1366 1086 1408 esset,
1132 1361 1330 1402 maestior
1370 1359 1528 1409 Ulixes,
1579 1364 1784 1401 maereret

26 1416 264 1466 Menelaus,
313 1418 618 1461 obvolvendum
666 1426 786 1476 caput
824 1423 1143 1475 Agamemnonis
1185 1436 1298 1470 esse,
1345 1422 1542 1478 quoniam
1579 1435 1784 1464 summum

26 1479 144 1522 illum
172 1480 327 1522 luctum
358 1481 551 1537 penicillo
581 1496 665 1524 non
694 1489 836 1536 posset
864 1483 1041 1534 imitari;
1088 1484 1123 1526 si
1154 1483 1333 1540 denique
1363 1484 1539 1534 histrio,
1586 1483 1684 1540 quid
1714 1483 1786 1526 de-

28 1550 143 1594 ceat,
177 1546 359 1600 quaerit,
393 1546 491 1601 quid
522 1543 754 1587 faciendum
786 1548 942 1589 oratori
973 1550 1194 1602 putemus?
1224 1571 1278 1579 —
1309 1546 1382 1589 sed
1413 1562 1505 1589 cum
1526 1548 1607 1589 hoc
1629 1552 1784 1589 tantum

28 1605 103 1655 sit,
137 1606 235 1661 quid
264 1607 306 1648 in
336 1608 469 1649 causis
500 1621 727 1662 earumque
758 1610 876 1665 quasi
904 1608 1102 1652 membris
1131 1608 1274 1660 saciat,
1307 1615 1449 1653 orator
1477 1611 1650 1652 viderit:
1683 1609 1784 1652 illud
1797 1621 1835 1648 2⁰

27 1668 194 1725 quidem
227 1669 494 1724 perspicuum
525 1675 608 1716 est,
658 1683 740 1712 non
772 1673 897 1714 modo
927 1678 1065 1728 partes
1103 1672 1328 1723 orationis,
1381 1674 1455 1715 sed
1486 1674 1610 1715 etiam
1643 1686 1785 1716 causas

28 1739 133 1775 totas
165 1733 262 1775 alias
293 1734 371 1775 alia
401 1733 533 1774 forma
565 1731 727 1774 dicendi
757 1747 846 1776 esse
877 1736 1121 1777 tractandas.

141 1798 296 1838 XXIII.
327 1798 393 1841 75.
427 1795 647 1850 Sequitur,
679 1801 723 1836 ut
753 1796 950 1851 cuiusque
980 1797 1146 1853 generis
1166 1803 1264 1839 nota
1286 1802 1507 1854 quaeratur
1528 1803 1568 1839 et
1588 1797 1782 1839 formula.

26 1860 220 1913 Magnum
261 1872 365 1914 opus
407 1863 448 1899 et
486 1857 684 1907 arduum,
730 1864 776 1898 ut
813 1872 935 1914 saepe
974 1861 1056 1900 iam
1098 1858 1302 1910 diximus3
1356 1863 1428 1902 sed
1459 1858 1784 1914 ingredientibus

27 1922 374 1963 considerandum
405 1920 500 1969 suit,
535 1922 633 1975 quid
664 1933 906 1975 ageremus,
936 1935 1043 1963 nunc
1065 1923 1233 1976 quidem
1264 1922 1368 1971 iam,
1402 1935 1648 1978 quocunque
1678 1922 1785 1963 fere·
1798 1932 1834 1960 2⁵

26 1997 143 2033 mur,
176 1986 310 2025 danda
339 1983 533 2024 nimirum
564 1982 653 2024 vela
685 1988 792 2024 sunt.
852 1986 909 2024 Ac
939 1983 1118 2039 primum
1148 1983 1432 2025 informandus
1464 1988 1526 2025 est
1556 1984 1625 2025 ille
1647 1984 1782 2034 nobis,

27 2057 150 2101 quem
189 2045 324 2088 solum
360 2046 526 2101 quidam
563 2050 713 2086 vocant
750 2046 943 2088 Atticum.
1001 2049 1070 2087 76.
1121 2047 1371 2088 Summissus
1411 2051 1472 2087 est
1509 2052 1549 2088 et
1592 2045 1782 2097 humilis,

27 2108 366 2151 consuetudinem
405 2107 593 2156 imitans,
644 2105 696 2149 ab
736 2108 945 2150 indisertis
984 2123 1027 2150 re
1065 2110 1156 2164 plus
1187 2122 1310 2164 quam
1343 2108 1538 2164 opinione
1569 2107 1779 2151 differens.

27 2171 170 2225 Itaque
210 2185 304 2213 eum
344 2169 416 2225 qui
455 2169 650 2220 audiunt,
702 2173 888 2226 quamvis
918 2170 998 2225 ipsi
1028 2170 1205 2212 infantes
1236 2171 1336 2220 sint,
1388 2176 1526 2212 tamen
1555 2171 1626 2213 illo
1658 2171 1783 2213 modo

29 2231 240 2274 confidunt
269 2246 313 2275 se
341 2246 464 2288 posse
496 2232 650 2274 dicere.
710 2235 812 2274 Nam
845 2234 1043 2275 orationis
1074 2233 1276 2275 subtilitas
1297 2232 1505 2275 imitabilis
1525 2233 1596 2274 illa
1616 2234 1782 2288 quidem
1797 2246 1832 2273 ³0

31 2294 194 2337 videtur
224 2309 314 2337 esse
344 2294 616 2344 existimanti,
649 2294 721 2337 sed
750 2295 853 2337 nihil
883 2302 943 2337 est
976 2295 1210 2351 experienti
1240 2296 1389 2338 minus.
1446 2297 1531 2337 Etsi
1561 2295 1671 2337 enim
1701 2310 1784 2339 non

29 2357 195 2413 plurimi
225 2359 435 2412 sanguinis
466 2363 548 2407 est,
579 2356 733 2398 habeat
761 2364 898 2401 tamen
927 2372 1071 2400 sucum
1101 2359 1282 2414 aliquem
1313 2363 1498 2412 oportet,
1528 2364 1592 2406 ut,
1625 2359 1784 2400 etiamsi

26 2419 106 2461 illis
135 2419 327 2462 maximis
357 2421 515 2462 viribus
546 2426 705 2469 careat,
749 2422 820 2469 sit,
859 2427 905 2463 ut
933 2423 989 2463 ita
1020 2422 1179 2469 dicam,
1212 2421 1372 2475 integra
1401 2419 1650 2462 valetudine.
1711 2423 1778 2462 77.

26 2481 213 2525 Primum
256 2482 384 2538 igitur
423 2497 518 2526 eum
558 2490 767 2539 tamquam
809 2498 831 2525 e
869 2483 1042 2525 vinculis
1080 2496 1349 2525 numerorum
1380 2484 1620 2528 eximamus.
1679 2484 1781 2525 Sunt

28 2546 137 2586 enim
169 2544 362 2600 quidam,
394 2552 440 2588 ut
470 2547 576 2595 scis,
615 2546 788 2588 oratorii
817 2546 997 2595 numeri,
1032 2547 1082 2587 de
1112 2543 1262 2601 quibus
1291 2559 1391 2587 mox
1421 2559 1605 2600 agemuS,
1639 2547 1827 2587 obser-as

26 2606 150 2650 vandi
186 2607 349 2650 ratione
391 2608 592 2664 quadam,
645 2607 717 2650 sed
756 2609 837 2650 alio
877 2610 918 2650 in
956 2622 1107 2663 genere
1147 2607 1366 2657 orationis,
1415 2608 1457 2650 in
1496 2610 1575 2650 hoc
1609 2607 1777 2650 omnino

26 2670 305 2726 relinquendi.
368 2672 555 2713 Solutum
586 2670 782 2726 quiddam
813 2672 864 2712 sit
893 2684 970 2712 nec
998 2684 1149 2725 vagum
1179 2676 1342 2720 tamen,
1374 2676 1420 2713 ut
1447 2669 1605 2725 ingredi
1633 2669 1775 2718 libere,

28 2747 111 2775 non
141 2739 187 2775 ut
214 2733 387 2776 licenter
416 2733 605 2777 videatur
635 2747 788 2775 errare.
848 2732 986 2774 Verba
1023 2734 1145 2774 etiam
1175 2732 1314 2775 verbis
1343 2733 1460 2788 quasi
1490 2738 1776 2788 coagmentare

28 2795 222 2852 negligat.
282 2798 418 2839 Habet
447 2795 555 2839 enim
585 2797 654 2837 ille
684 2801 890 2852 tamquam
919 2796 1054 2838 hiatus
1085 2801 1126 2837 et
1155 2803 1381 2838 concursus
1417 2795 1617 2838 vocalium
1651 2795 1774 2837 molle

122 2941 158 2974 4.
185 2941 344 2983 Magnus
370 2946 455 2975 esset
483 2943 578 2975 locus
603 2942 693 2974 libri.
744 2941 788 2974 Ut
814 2950 897 2979 nos,
933 2941 975 2973 R.
1021 2938 1190 2982 (Maqnus
1216 2940 1309 2973 locus
1335 2949 1401 2972 om.
1430 2944 1478 2972 esc
1503 2939 1603 2974 Glese
1628 2940 1670 2973 ad
1697 2940 1769 2974 Cic.

33 2986 76 3023 de
101 2989 216 3022 DiVIn.
246 2997 279 3028 p.
307 2990 386 3022 211.
405 3013 414 3029 ‚
456 2995 495 3021 ut
521 3000 595 3022 mox
622 2988 660 3029 ἕ.
687 2987 760 3029 75.)
802 3004 843 3009 -
884 2988 936 3020 hic
962 2996 1031 3020 om.
1061 2987 1130 3019 vn.
1177 3003 1214 3009 —
1259 2987 1294 3019 7.
1331 2987 1430 3019 dictis
1454 2985 1580 3027 sactis,
1617 2988 1770 3019 minimis

31 3035 194 3068 maximin
221 3035 305 3068 Cod.
336 3035 381 3077 (⁴2)
408 3035 590 3070 Goerenzii
618 3037 660 3068 ad
686 3035 759 3068 cic.
787 3035 829 3067 de
854 3034 959 3075 Legg.
988 3043 1022 3074 p.
1042 3032 1098 3065 38.
1122 3050 1163 3056 -
1190 3033 1224 3065 8.
1251 3034 1394 3065 dicimus
1418 3048 1431 3054 —
1454 3050 1468 3056 ·
1493 3037 1522 3065 et
1546 3034 1583 3064 id
1608 3037 1771 3074 expunxit

29 3083 153 3115 Lamb.
191 3097 229 3106 -
269 3083 428 3114 dicamus
472 3083 555 3116 Em.
600 3085 689 3115 coni.
726 3099 764 3106 -
810 3082 866 3113 13.
902 3087 933 3113 οι
974 3081 1011 3112 in
1045 3085 1143 3123 aestu
1180 3079 1251 3112 Vtt.
1286 3081 1328 3111 R.
1369 3096 1406 3102 —
1448 3081 1528 3111 icem
1561 3089 1630 3112 om.
1656 3081 1699 3114 R.
1729 3098 1767 3105 —·

31 3130 86 3162 14.
114 3129 215 3170 probi
240 3129 331 3162 Vit.:
355 3129 505 3169 probam
530 3138 608 3162 cum
634 3131 760 3162 ceteris
786 3129 882 3160 libris
908 3128 980 3159 RE.
1008 3143 1049 3149 —
1077 3126 1133 3158 15.
1162 3136 1238 3158 cum
1261 3127 1299 3158 in
1323 3125 1536 3157 immolanda
1564 3126 1660 3159 Vit.:
1693 3137 1770 3160 cum

29 3176 248 3208 immolanda
282 3183 360 3208 cum
386 3178 507 3210 ceteris
533 3176 627 3208 libris
653 3177 724 3208 RE.
765 3191 800 3197 —
841 3176 895 3207 16.
927 3174 1039 3206 Ulixes
1064 3172 1134 3205 Vtt.
1163 3173 1282 3210 Eius.,
1318 3172 1372 3204 R:
1413 3171 1546 3212 Utus-ses
1570 3173 1610 3205 E.
1636 3191 1678 3197 —
1709 3175 1767 3206 20.

31 3224 136 3263 quasi
161 3232 228 3255 orn.
258 3222 326 3254 Vit.
356 3238 396 3245 —
423 3222 480 3255 30.
509 3223 646 3263 quidem
668 3223 731 3254 illa
755 3221 843 3254 Ven.
863 3223 896 3253 1.
926 3220 1047 3253 Lamb.
1077 3224 1196 3252 contra
1223 3219 1327 3250 libros
1353 3220 1386 3250 et
1403 3218 1445 3250 R.
1465 3235 1506 3241 —-
1533 3219 1590 3252 35.
1617 3221 1770 3253 oratorii

31 3269 93 3302 Dr.
120 3270 216 3302 Mon.
246 3269 312 3302 Gu.
332 3269 366 3300 1.
393 3269 450 3307 2..
477 3269 531 3300 R:
559 3270 695 3300 oratori
718 3267 787 3300 Vit.
816 3268 910 3300 Eins.
929 3290 938 3305 ,
968 3266 1006 3298 E.
1034 3265 1211 3306 (Oratorii
1236 3266 1370 3297 numeri
1397 3265 1431 3296 h.
1460 3265 1483 3297 Ι.
1511 3266 1769 3308 distinguuntur

32 3325 51 3348 a
75 3316 246 3358 poeticis.)
280 3332 324 3338 —
356 3315 413 3347 39.
441 3319 619 3356 tamquam
644 3323 712 3347 om.
738 3315 780 3347 R.
824 3330 862 3337 —
903 3314 1019 3346 hiatus
1054 3317 1087 3344 et
1113 3320 1300 3343 concursus
1324 3311 1469 3352 Quintil.
1497 3312 1538 3351 9,
1563 3313 1606 3353 a,
1639 3314 1696 3345 37.
1735 3318 1769 3346 et

31 3363 140 3396 lulius
166 3363 283 3395 Victor
309 3370 342 3402 p.
371 3361 449 3394 252.
495 3361 558 3393 Ed.
587 3365 748 3394 nostrae:
791 3361 905 3393 hiatus
930 3367 1099 3394 concursu
1123 3358 1182 3391 RE
1208 3366 1286 3391 cum
1311 3357 1487 3393 Ciceronis
1511 3360 1606 3394 libris
1632 3363 1768 3402 praeter

33 3409 131 3443 Eins.
148 3433 157 3449 ,
184 3411 243 3450 qut
269 3410 383 3443 hiatus
406 3409 577 3443 vocalium
601 3417 669 3442 om.
696 3415 877 3442 concursu.

109 3475 200 3502 ciem
218 3474 247 3502 tr.
266 3475 288 3504 1.
1276 3470 1330 3511 27
