2117 3762
245 300 325 342 138
900 300 971 340 DE
1002 300 1327 343 INVENTIONE

239 410 338 449 tuna
367 411 408 448 et
437 421 490 448 ex
519 410 665 448 natura
687 409 799 447 etex
818 403 954 453 victu,
987 406 1150 454 studio,
1181 405 1322 456 factis,
1353 421 1475 456 casu,
1510 406 1792 457 orationibus,
1824 410 1998 452 consilio

240 475 281 511 et
311 483 364 512 ex
394 469 536 511 habitu
564 467 690 511 animi
719 472 788 508 aut
818 466 1007 521 corporis
1038 467 1237 523 pleraque
1268 472 1476 525 pertinent
1506 470 1557 511 ad
1580 469 1747 511 easdem
1767 484 1858 521 res,
1892 486 1997 528 quae

239 546 330 574 rem
361 531 604 574 credibilem
635 534 703 571 aut
732 528 1019 571 incredibilem
1049 529 1187 571 facere
1217 539 1392 584 possunt
1422 540 1462 575 et
1491 546 1585 574 cum
1625 532 1720 574 facti
1760 533 1998 587 suspicione

238 594 478 649 iunguntur.
540 595 607 634 43.
645 592 827 632 Maxime
864 591 974 632 enim
1004 591 1149 648 quaeri
1179 600 1346 647 oportet
1374 596 1416 637 in
1446 599 1522 638 hac
1554 595 1873 644 constitutione,
1915 598 1998 651 pri-

209 670 352 699 smum
390 655 626 713 potueritne
666 653 823 708 aliquid
864 653 978 706 fieri3
1024 654 1176 696 deinde
1215 669 1347 711 ecquo
1387 657 1438 700 ab
1477 658 1558 700 alio
1599 657 1803 713 potuerit;
1850 658 1999 701 deinde

237 719 408 761 facultas
427 749 437 767 ‚
471 720 521 759 de
552 730 633 771 qua
663 721 758 758 ante
788 716 987 769 diximus3
1032 717 1183 759 deinde
1212 724 1352 761 utrum
1381 721 1423 762 id
1453 720 1612 762 facinus
1643 722 1717 768 sit,
1759 723 1870 775 quod
1900 734 2000 776 poe-

237 784 367 824 nitere
406 781 532 821 fuerit
572 792 771 830 necesse3
822 781 922 821 item
967 783 1079 835 quod
1120 794 1237 834 spem
1277 781 1437 823 celandi
1479 797 1564 824 non
1604 785 1800 833 haberet;
1851 782 2000 825 deinde

236 842 520 892 necessitud03
551 841 592 883 in
624 856 705 897 qua
723 874 735 891 ,
767 856 868 884 num
898 856 1067 884 necesse
1096 842 1221 884 fuerit
1250 841 1293 884 id
1322 851 1390 885 aut
1420 843 1511 886 fieri
1544 852 1612 886 aut
1641 846 1697 887 ita
1727 844 1841 893 fieri,
1874 859 2002 900 quae-

236 907 354 948 ritur.
415 906 604 954 Quorum
634 918 729 959 pars
759 904 811 947 ad
840 908 1056 947 consilium
1087 909 1285 961 pertinet,
1318 905 1429 961 quod
1448 907 1638 961 personis
1660 906 1903 949 attributum
1925 914 1999 956 est,

188 982 223 1006 10
239 975 282 1011 ut
310 968 352 1010 in
383 981 431 1009 ea
462 980 604 1014 causa,
637 981 761 1023 quam
792 970 1075 1023 exposuimus.
1134 971 1238 1010 Ante
1268 981 1357 1009 rem
1391 967 1523 1022 [erit]‚
1562 972 1673 1023 quod
1704 971 1745 1011 in
1777 970 1926 1011 itinere
1957 984 2001 1012 se

236 1037 317 1072 tam
354 1029 615 1071 familiariter
649 1029 940 1084 applicaverit,
989 1030 1102 1087 quod
1141 1031 1347 1072 sermonis
1385 1044 1547 1072 causam
1587 1032 1834 1086 quaesierit,
1887 1031 2001 1087 quod

236 1093 358 1136 simul
387 1092 635 1141 deverterit‚
670 1095 871 1135 coenarit.
932 1096 979 1135 In
999 1108 1072 1143 re,
1106 1108 1213 1142 nox,
1245 1106 1431 1134 somnuS.
1492 1094 1590 1135 Post
1610 1107 1723 1142 rem,
1755 1097 1868 1150 quod
1889 1095 2002 1137 solus

235 1156 402 1203 exierit,
436 1154 549 1210 quod
578 1154 695 1197 illum
725 1161 807 1198 tam
837 1155 1085 1198 familiarem
1119 1155 1344 1212 [comitem]
1378 1162 1460 1198 tam
1490 1171 1624 1213 aequo
1654 1158 1793 1201 animo
1822 1160 2005 1215 relique-

234 1219 309 1268 rit,
343 1217 455 1274 quod
487 1223 746 1259 cruentatum
779 1219 961 1272 gladium
1000 1218 1207 1261 habuerit.
1269 1220 1337 1261 Μ.
1380 1221 1543 1261 Horum
1573 1233 1669 1273 pars
1705 1220 1757 1262 ad,
1784 1222 2003 1264 consilium

186 1292 221 1318 1⁵
235 1283 427 1338 pertinet.
490 1280 717 1331 Quaeritur
748 1281 883 1331 enim,
924 1287 1064 1324 utrum
1096 1282 1288 1324 videatur
1320 1282 1543 1336 diligenter
1571 1282 1677 1323 ratio
1705 1281 1882 1325 faciendi
1911 1298 2002 1326 esse

234 1344 372 1387 habita
405 1349 446 1386 et
476 1345 735 1398 excogitata,
782 1358 834 1386 an
866 1346 923 1387 ita
958 1351 1139 1394 temere,
1183 1351 1336 1387 utnon
1372 1344 1462 1386 veri
1501 1344 1635 1386 simile
1673 1344 1725 1387 sit
1753 1359 2003 1401 quemquam

234 1415 317 1450 tam
347 1413 505 1450 temere
536 1409 587 1448 ad
619 1406 865 1449 maleficium
897 1410 1134 1450 accessisse.
1192 1410 1238 1449 In
1277 1423 1359 1462 quo
1391 1407 1629 1462 quaeritur,
1679 1421 1778 1449 num
1809 1422 1891 1463 quo
1921 1409 2003 1450 alio

234 1470 358 1513 modo
392 1470 647 1512 commodius
679 1472 860 1525 potuerit
891 1470 981 1512 fieri
1012 1471 1078 1513 vel
1109 1485 1132 1512 a
1160 1469 1327 1512 fortuna
1361 1468 1657 1511 administrari.
1721 1471 1825 1511 Nam
1859 1484 2001 1525 saepe,

234 1534 269 1576 si
299 1532 524 1589 pecuniae,
558 1532 593 1574 si
621 1531 885 1582 adiumenta,
929 1532 991 1588 [si]
1023 1533 1234 1575 adiutores
1259 1533 1422 1581 desint,
1464 1532 1635 1574 facultas
1669 1531 1797 1574 fuisse
1825 1533 2006 1575 faciendi

186 1609 318 1639 ²0non
358 1596 536 1638 videtur.
603 1597 694 1637 Hoc
730 1597 854 1636 modo
888 1597 923 1638 si
955 1596 1176 1651 diligenter
1208 1595 1490 1645 attendamus,
1542 1601 1637 1649 apta
1678 1596 1786 1637 inter
1826 1610 1869 1638 se
1914 1610 2005 1639 esse

234 1658 503 1712 intelligimus
534 1660 660 1707 haec,
694 1671 799 1713 quae
830 1658 1022 1712 negotiis,
1055 1664 1096 1700 et
1123 1659 1217 1707 illa,
1252 1672 1356 1715 quae
1383 1658 1573 1714 personis
1607 1663 1702 1699 sunt
1732 1657 1945 1700 attributa.

346 1721 422 1763 Hic
451 1733 585 1775 neque
614 1719 735 1762 facile
765 1724 826 1761 est
862 1734 1000 1775 neque
1028 1721 1311 1763 necessarium
1341 1720 1595 1775 distinguere
1624 1725 1669 1762 ut
1704 1720 1747 1761 in
1771 1716 2007 1775 “Superiori-

236 1787 314 1826 bus
341 1784 550 1839 partibus,
588 1797 671 1837 quo
709 1788 829 1837 pacto
864 1782 1047 1838 quidque
1084 1789 1366 1825 accusatorem
1409 1789 1449 1824 et
1488 1785 1699 1838 quomodo
1740 1781 2006 1824 defensorem

235 1853 414 1889 tractare
459 1852 666 1900 oporteat.
746 1848 839 1886 Non
883 1846 1187 1894 necessarium,
1238 1851 1464 1901 propterea
1505 1849 1640 1901 quod,
1687 1859 1812 1887 causa
1851 1846 2003 1900 posita,

187 1920 222 1945 25
237 1910 337 1967 quid
364 1912 406 1952 in
437 1923 643 1965 quamque
675 1911 912 1956 conveniat,
944 1922 1012 1949 res
1040 1910 1130 1962 ipsa
1162 1907 1330 1949 docebit
1360 1921 1455 1956 eos,
1489 1907 1560 1962 qui
1590 1921 1672 1948 non
1698 1907 1836 1949 omnia
1866 1909 1934 1949 hic
1962 1921 2006 1949 se

234 1974 478 2016 inventuros
509 1971 734 2026 putabunt,
774 1971 847 2013 sed
890 1971 955 2026 [ad
995 1985 1068 2019 ea,
1111 1985 1218 2025 quae
1250 1975 1472 2025 praecepta
1499 1975 1615 2019 sunt,
1662 1970 2001 2026 comparationis]

235 2038 361 2078 modo
389 2034 596 2091 quandam
624 2034 669 2075 in
695 2047 914 2075 commune
938 2035 1194 2075 mediocrem
1218 2033 1531 2087 intelligentiam
1559 2031 1790 2075 conferent:
1823 2035 1892 2074 45.
1922 2048 2006 2075 non

235 2099 356 2139 facile
389 2102 556 2145 autem,
604 2098 716 2152 quod
748 2101 789 2137 et
826 2095 1034 2137 infinitum
1070 2101 1132 2137 est
1171 2101 1232 2137 tot
1268 2098 1319 2137 de
1350 2095 1475 2137 rebus
1508 2101 1727 2150 utramque
1758 2095 1802 2136 in
1843 2100 2006 2149 partem

235 2159 475 2214 singillatim
520 2161 571 2199 de
616 2173 697 2200 una
738 2173 903 2215 quaque
939 2158 1150 2212 explicare
1196 2164 1236 2200 et
1268 2158 1368 2200 alias
1407 2158 1528 2199 aliter
1567 2157 1668 2199 haec
1697 2157 1742 2198 in
1787 2163 2006 2214 utramque

187 2228 395 2279 aopartem
430 2235 578 2262 causae
611 2221 745 2263 solent
775 2223 1012 2264 convenire.
1088 2223 1199 2263 XIV.
1244 2222 1386 2273 Quare
1422 2220 1688 2262 considerare
1717 2223 1848 2270 haec,
1898 2234 2006 2277 quae

236 2286 524 2341 exposuimus,
562 2283 785 2339 oportebit.
844 2284 1019 2325 Facilius
1050 2289 1189 2324 autem
1226 2283 1277 2325 ad
1312 2285 1596 2325 inventionem
1630 2285 1793 2325 animus
1823 2285 2003 2333 incedet,

235 2349 271 2390 si
301 2349 405 2402 gesti
443 2347 601 2402 negotii
639 2353 680 2389 et
720 2361 837 2389 suam
877 2352 918 2388 et
957 2346 1185 2388 adversarii
1225 2346 1505 2387 narrationem
1546 2360 1671 2400 saepe
1710 2352 1750 2387 et
1788 2347 2008 2403 diligenter

234 2409 503 2467 pertractabit
543 2415 605 2459 et,
655 2413 766 2466 quod
798 2423 987 2465 quaeque
1017 2423 1113 2463 pars
1153 2410 1403 2463 suspicionis
1434 2408 1626 2456 babebit,
1674 2408 1841 2451 eliciens
1872 2409 2007 2451 consi-

237 2471 422 2521 derabit,
462 2486 614 2527 quare,
657 2487 739 2528 quo
772 2472 968 2520 consilio,
1011 2485 1091 2527 qua
1131 2486 1206 2526 spe
1246 2470 1490 2525 perficiendi
1528 2471 1712 2527 quidque
1740 2472 1894 2512 factum
1925 2472 2002 2522 sit;

187 2549 312 2578 sscur
340 2536 422 2575 hoc
451 2537 577 2576 modo
608 2534 747 2589 potius
779 2549 902 2589 quam
931 2535 1027 2586 illo;
1072 2549 1145 2576 cur
1184 2532 1234 2575 ab
1274 2535 1356 2575 hoc
1385 2534 1524 2588 potius
1555 2547 1679 2588 quam
1709 2535 1761 2575 ab
1791 2532 1890 2583 illo;
1931 2547 2006 2575 cur

236 2596 348 2639 nullo
380 2595 570 2638 adiutore
610 2603 680 2639 aut
721 2612 795 2638 cur
834 2599 943 2648 hoc;
990 2611 1064 2639 cur
1093 2611 1215 2638 nemo
1247 2597 1299 2639 sit
1328 2597 1518 2638 conscius
1548 2602 1618 2637 aut
1647 2609 1720 2637 cur
1750 2596 1802 2636 sit
1830 2600 1902 2636 aut
1931 2610 2007 2637 cur

236 2661 303 2702 hic
334 2659 409 2710 sit;
442 2674 515 2701 cur
544 2662 624 2701 hoc
653 2665 746 2701 ante
775 2658 929 2701 factum
959 2660 1031 2711 sit;
1063 2673 1137 2701 cur
1166 2662 1246 2701 hoc
1276 2665 1370 2701 ante
1400 2659 1554 2700 factum
1585 2671 1670 2699 non
1700 2657 1780 2708 sit;
1823 2672 1896 2699 cur
1924 2659 2006 2699 hoc

332 2787 388 2818 10.
413 2788 480 2819 erit
505 2796 574 2819 om.
601 2787 627 2818 P
659 2791 694 2819 et
733 2794 784 2825 pr.
817 2786 933 2818 Schol.
973 2786 1065 2818 Oud.
1116 2786 1187 2819 Nos
1225 2787 1445 2818 seclusimus.
1481 2800 1523 2807 —-
1566 2786 1622 2816 11.
1663 2785 1855 2824 applicarit
1880 2785 1922 2817 V.
1962 2801 2003 2808 -

240 2834 296 2864 12.
326 2834 404 2866 dein
429 2836 567 2866 cenarit
590 2834 664 2866 AT.
717 2834 806 2866 Ante
833 2843 864 2864 v.
893 2834 1025 2864 cenarit
1051 2835 1084 2865 in
1109 2833 1135 2864 P
1163 2841 1280 2865 erasae
1308 2839 1389 2866 sunt.
1415 2834 1505 2865 duae
1533 2832 1666 2863 litterae
1684 2855 1692 2869 ‚
1734 2840 1882 2871 quarum
1911 2834 2005 2872 prior

241 2881 263 2911 d
288 2881 424 2913 videtur
450 2881 569 2912 fuisse.
622 2880 680 2921 (Ut
706 2889 792 2917 nos,
833 2878 923 2917 VR.)
953 2895 989 2901 -·
1032 2879 1088 2910 13.
1121 2881 1278 2912 comitem
1314 2890 1382 2913 om.
1421 2889 1471 2919 pr.
1512 2879 1537 2910 P
1577 2883 1610 2910 et
1645 2887 1696 2918 pr.
1727 2878 1844 2910 Schol.
1885 2878 2002 2918 Oud.,

241 2929 442 2959 comitatum
467 2928 593 2960 VART
621 2932 655 2960 et
679 2935 766 2959 corr.
794 2927 834 2958 P.
863 2926 919 2968 (Ut
944 2934 1032 2963 nos,
1075 2927 1147 2958 Pal.
1176 2927 1239 2957 ΙΙΙ.
1269 2927 1441 2961 Grevenb.
1481 2926 1620 2958 Oxonn.
1649 2930 1743 2957 tres:
1783 2925 1844 2957 sed
1883 2935 2004 2958 vocem

241 2980 436 3012 suspectam
462 2972 696 3010 seclusimus.)
724 2990 763 2996 —
792 2974 848 3005 14.
878 2978 1099 3005 cruentatum
1123 2974 1223 3005 Leid.
1253 2974 1317 3007 111.
1348 2974 1410 3006 Ox.
1439 2982 1553 3005 unus:
1582 2977 1766 3004 cruentum
1782 2971 2000 3005 PARTE.—

243 3021 377 3053 Horum
402 3038 415 3044 -
440 3038 453 3044 -
477 3019 608 3061 utrum]
649 3021 737 3053 «Pro
776 3020 827 3052 his
863 3020 1022 3052 omnibus
1058 3029 1108 3059 pr.
1143 3021 1257 3052 Schol.
1293 3026 1427 3053 tantum
1463 3020 1594 3052 habent
1637 3027 1780 3050 rursum
1817 3023 1852 3051 et.
1896 3029 1915 3052 a
1954 3028 2000 3050 m.

241 3076 312 3099 sec.
365 3067 556 3106 Quaeritur
581 3076 699 3108 erqo.»
728 3067 819 3099 Oud.
860 3084 899 3090 -—
944 3068 1000 3098 15.
1043 3066 1233 3106 Quaeritur
1269 3070 1358 3099 enim
1396 3075 1465 3099 om.
1505 3067 1564 3098 AT
1599 3069 1633 3098 et
1666 3074 1717 3105 pr.
1752 3066 1798 3104 P,
1837 3067 2000 3106 pertinet.

244 3113 435 3153 Quaeritur
458 3120 575 3146 utrum
602 3124 690 3147 corr.
718 3115 757 3146 P.
785 3128 827 3137 -
853 3114 907 3147 16.
937 3119 1063 3146 temere
1089 3115 1254 3153 expunxit
1279 3115 1459 3146 Schiitzius
1485 3115 1519 3144 in
1539 3113 1603 3144 Ed.
1628 3114 1710 3144 mai.
1738 3113 1900 3145 Tuentur
1925 3113 2002 3144 libri

243 3169 363 3193 omnes
389 3166 422 3193 et
446 3161 659 3194 Victorinus.
689 3177 726 3183 -
773 3161 830 3192 18.
856 3159 921 3202 vel]
945 3162 1081 3200 partim
1108 3160 1167 3191 ΑΤ
1193 3165 1227 3192 et
1253 3169 1305 3199 pr.
1334 3161 1450 3192 Schol.
1493 3159 1555 3200 (Ut
1582 3168 1669 3197 nos,
1712 3156 1829 3199 VPR.)
1864 3176 1906 3182 —-
1943 3160 2001 3191 19.

243 3209 274 3239 si
299 3213 378 3238 ante
406 3217 436 3241 v.
463 3208 641 3240 adiutores
667 3217 736 3240 om.
763 3208 897 3239 PART.
946 3208 1016 3240 Nos
1051 3207 1270 3240 seclusimus.
1314 3208 1456 3248 (Contra
1481 3209 1511 3238 si
1537 3211 1616 3238 ante
1642 3215 1674 3239 v.
1703 3207 1907 3238 adiumenta
1934 3215 2001 3240 om.

244 3254 388 3292 Ὀῆθεν.)
415 3270 455 3276 -
483 3254 606 3287 desunt
631 3255 736 3286 ART.
766 3270 805 3277 —
844 3255 901 3287 20.
928 3254 1141 3287 attendimus
1166 3254 1191 3285 P
1210 3277 1219 3292 ,
1247 3255 1462 3286 attendemus
1489 3254 1687 3286 Schutzius.
1715 3268 1755 3275 —
1792 3252 1850 3284 21.
1876 3253 2004 3285 inlelli-

243 3309 362 3342 qemus
391 3301 474 3335 Ern.
498 3306 637 3334 auctore
665 3302 862 3333 Sebutzius.
892 3319 928 3325 -
973 3301 1031 3333 26.
1058 3301 1123 3334 Vv.
1151 3301 1194 3333 ab
1222 3301 1305 3333 Ern.
1333 3302 1467 3334 seclusa
1494 3310 1564 3334 om.
1591 3300 1677 3337 AT,
1706 3299 1806 3331 Voss.
1833 3299 1879 3330 11.
1902 3323 1910 3338 ,
1947 3309 1999 3339 pr.

243 3348 270 3379 P
295 3351 328 3380 et
353 3347 468 3379 Schol.
509 3364 547 3371 —
588 3348 643 3379 31.
670 3350 793 3380 incidit
819 3348 878 3380 AT
907 3352 941 3380 et
966 3357 1017 3388 pr.
1045 3348 1094 3388 P,
1121 3347 1247 3381 incidet
1271 3349 1315 3381 R.
1350 3349 1411 3390 (Ut
1439 3357 1524 3388 nos,
1553 3355 1645 3380 corr.
1669 3346 1728 3384 P.)
1765 3360 1800 3368 —
1829 3345 1886 3379 33.
1917 3347 2003 3387 quid

243 3395 276 3428 R
302 3399 336 3428 et
361 3402 449 3427 corr.
475 3393 524 3434 P,
550 3398 588 3427 ut
613 3394 763 3430 edebant
788 3400 868 3431 ante
893 3396 978 3431 Ern.
