2117 3762
770 265 870 304 LIB.
904 266 933 305 Ι.
993 266 1034 306 C.
1069 267 1134 307 61.
1169 268 1236 306 62.
1796 271 1872 311 221

128 372 222 411 261.
257 370 405 410 deinde
436 383 528 410 cum
559 368 725 423 spiritus
755 368 843 409 eius
875 377 981 411 esset
1011 373 1244 423 angustior,
1278 376 1433 411 tantum
1465 369 1712 412 continenda
1743 373 1878 415 anima

128 433 167 474 in
199 431 372 473 dicendo
404 438 465 472 est
496 437 729 477 assecutus,
777 437 820 470 ut
850 445 927 472 una
959 434 1266 474 continuatione
1297 432 1519 475 verborum
1561 432 1615 485 (id
1647 436 1758 488 quod
1791 437 1878 476 eius

127 496 276 549 scripta
308 493 526 546 declarant)
572 492 692 534 binae
723 493 760 532 ei
792 494 1076 535 contentiones
1107 496 1223 536 vocis
1255 501 1294 536 et
1323 497 1588 536 remissiones
1619 495 1879 537 contineren-

128 565 207 606 tur;
261 560 329 612 qui
376 558 496 598 etiam
541 558 602 606 (ut
641 556 870 597 memoriae
915 557 1122 611 proditum
1160 560 1238 607 est)
1285 558 1481 600 coniectis
1522 557 1564 598 in
1602 572 1648 599 os
1686 559 1876 605 calculis,

129 635 285 662 summa
318 636 418 662 voce
450 632 592 660 versus
623 617 773 658 multos
805 633 886 660 uno
919 620 1064 674 spiritu
1095 620 1364 674 pronuntiare
1397 619 1713 671 consuescebat;
1745 635 1909 676 neques

129 684 162 724 is
193 686 419 726 consistens
451 685 491 722 in
523 682 613 723 loco
645 682 717 721 sed
759 680 1016 723 inambulans
1054 689 1176 737 atque
1215 681 1416 724 adscensu
1456 681 1689 737 ingrediens
1733 685 1878 724 arduo.

128 748 221 786 262.
255 749 374 787 Hisce
406 757 482 799 ego
514 742 893 792 cohortationibus,
930 746 1095 792 Crasse,
1128 746 1177 784 ad
1211 744 1389 785 studium
1423 750 1463 784 et
1495 746 1544 785 ad
1576 744 1760 786 laborem
1783 745 1883 784 inci-

127 811 272 850 tandos
302 810 471 849 iuvenes
492 806 759 846 vehementer
791 806 1010 856 assentior;
1047 813 1202 854 cetera,
1235 820 1339 862 quae
1368 806 1570 860 collegisti
1604 822 1655 848 ex
1689 806 1812 847 variis
1843 810 1884 846 et

128 870 303 911 diversis
336 868 480 911 studiis
511 874 551 909 et
582 867 757 916 artibus,
800 869 961 910 tametsi
992 872 1079 923 ipse
1113 883 1155 911 es
1186 870 1326 910 omnia
1360 875 1630 918 consecutus,
1664 875 1800 910 tamen
1830 867 1882 910 ab

127 932 305 974 oratoris
336 930 510 984 proprio
544 930 681 972 oflicio
713 937 838 986 atque
871 945 1041 972 munere
1074 933 1255 973 seiuncta
1286 944 1374 972 esse
1406 933 1600 973 arbitror.
1896 947 1932 972 10

237 995 365 1035 LXII.
418 995 531 1034 Haec
562 1007 653 1033 cum
685 994 886 1034 Antonius
917 995 1106 1043 dixisset,
1156 1007 1253 1035 sane
1293 992 1480 1035 dubitare
1511 996 1622 1035 visus
1654 1000 1715 1036 est
1746 993 1883 1048 Sulpi-

127 1056 213 1098 cius
243 1062 283 1097 et
314 1057 458 1104 Cotta,
507 1057 639 1096 utrius
686 1057 820 1096 oratio
871 1056 1044 1109 propius
1084 1059 1134 1098 ad
1180 1055 1395 1098 veritatem
1427 1057 1639 1098 videretur
1669 1056 1880 1098 accedere.

126 1121 222 1160 263.
256 1121 359 1160 Tum
392 1119 586 1160 Crassus:
636 1118 883 1171 Operarium
914 1117 1034 1160 nobis
1065 1120 1293 1175 quendam,
1328 1118 1503 1167 Antoni,
1538 1125 1746 1160 oratorem
1780 1120 1881 1161 facis

127 1186 249 1236 atque
279 1179 388 1222 haud
421 1181 528 1227 scio,
572 1194 624 1220 an
654 1179 773 1221 aliter
803 1179 954 1221 sentias
985 1186 1025 1221 et
1054 1188 1172 1222 utare
1204 1188 1273 1222 tua
1304 1181 1372 1222 illa
1403 1180 1574 1222 mirifica
1605 1183 1655 1221 ad
1688 1180 1882 1222 refellen-

127 1241 223 1284 dum
255 1243 572 1290 consuetudine,
607 1257 686 1297 qua
718 1242 790 1283 tibi
822 1256 943 1284 nemo
964 1257 1146 1299 unquam
1167 1245 1396 1298 praestitit;
1430 1243 1546 1285 cuius
1567 1243 1734 1299 quidem
1755 1244 1932 1298 ipsiusis

126 1305 332 1348 facultatis
364 1306 605 1348 exercitatio
638 1311 850 1346 oratorum
883 1306 1056 1359 propria
1088 1312 1170 1355 est,
1217 1308 1291 1348 sed
1333 1308 1416 1347 iam
1454 1306 1495 1347 in
1535 1306 1882 1362 philosophorum

127 1371 425 1411 consuetudine
457 1374 645 1410 versatur
675 1370 938 1424 maximeque
970 1383 1140 1417 eorum,
1190 1368 1261 1424 qui
1293 1370 1343 1410 de
1375 1368 1487 1410 omni
1517 1382 1563 1410 re
1595 1370 1812 1422 proposita
1841 1369 1882 1410 in

126 1438 346 1486 utramque
375 1438 534 1487 partem
565 1430 699 1472 solent
721 1431 1010 1484 copiosissime
1032 1430 1184 1473 dicere.
1246 1433 1342 1472 264.
1375 1434 1528 1474 Verum
1550 1444 1626 1486 ego
1648 1446 1732 1472 non
1753 1431 1887 1473 solum

127 1494 378 1542 arbitrabar,
410 1493 472 1535 his
502 1494 749 1547 praesertim
782 1493 1063 1542 audientibus,
1095 1508 1119 1535 a
1148 1507 1215 1535 me
1246 1492 1462 1535 informari
1494 1501 1715 1547 oportere,
1748 1493 1881 1549 qualis

128 1570 217 1598 esse
260 1563 403 1610 posset
438 1555 493 1603 is,
543 1555 614 1611 qui
657 1557 863 1596 habitaret
902 1557 943 1598 in
986 1555 1215 1605 subselliis,
1264 1570 1398 1612 neque
1445 1558 1670 1612 quidquam
1711 1555 1936 1610 amplius20

128 1618 319 1668 afferret,
352 1633 474 1675 quam
506 1620 617 1673 quod
649 1633 868 1660 causarum
899 1619 1120 1661 necessitas
1150 1617 1399 1673 postularet3
1434 1618 1507 1660 sed
1529 1620 1661 1660 maius
1691 1617 1888 1674 quiddam

128 1682 346 1730 videbam,
395 1695 487 1723 cum
533 1680 750 1722 censebam
793 1688 1020 1731 oratorem,
1067 1683 1314 1735 praesertim
1359 1683 1400 1723 in
1441 1688 1583 1723 nostra
1621 1696 1668 1723 re
1704 1680 1887 1736 publica,

129 1743 279 1785 nullius
310 1743 544 1786 ornamenti
575 1750 791 1797 expertem
823 1760 913 1786 esse
944 1750 1153 1800 oportere.
1216 1747 1277 1785 Tu
1308 1750 1467 1793 autem,
1498 1746 1693 1800 quoniam
1725 1745 1889 1799 exiguis

129 1807 375 1861 quibusdam
406 1805 556 1848 finibus
586 1813 718 1848 totum
751 1809 928 1848 oratoris
950 1821 1098 1849 munus
1121 1807 1450 1856 circumdedisti,
1484 1806 1563 1848 hoc
1584 1806 1744 1848 facilius
1767 1808 1889 1848 nobis

129 1881 314 1924 expones
345 1882 417 1916 ea,
451 1882 556 1923 quae
587 1870 661 1909 abs
692 1874 731 1910 te
763 1868 814 1910 de
845 1869 991 1911 officiis
1022 1871 1338 1925 praeceptisque
1361 1871 1538 1912 oratoris
1560 1871 1748 1926 quaesita
1772 1876 1938 1921 sunt325

129 1930 201 1972 sed
233 1931 384 1986 opinor
413 1930 640 1972 secundum
671 1932 782 1973 hunc
814 1933 951 1982 diem;
996 1933 1091 1973 satis
1123 1933 1232 1974 enim
1263 1932 1392 1974 multa
1422 1947 1445 1973 a
1476 1934 1596 1974 nobis
1627 1931 1750 1974 hodie
1781 1932 1889 1974 dicta

129 1998 240 2034 sunt.
301 1995 397 2035 265.
446 1996 564 2035 Nunc
594 2000 636 2035 et
667 1994 890 2044 Scaevola,
939 1996 1136 2049 quoniam
1174 1996 1217 2036 in
1253 1996 1531 2037 Tusculanum
1562 1994 1622 2035 ire
1655 1994 1887 2043 constituit,

129 2054 315 2111 paullum
344 2057 599 2111 requiescet,
634 2059 732 2099 dum
763 2071 807 2099 se
839 2059 954 2099 calor
983 2056 1168 2111 frangat;
1201 2063 1241 2099 et
1270 2057 1474 2112 nosipsi,
1508 2058 1704 2112 quoniam
1727 2056 1768 2099 id
1789 2063 1892 2099 tem-

128 2119 245 2173 poris
276 2123 357 2167 est,
404 2119 631 2160 valetudini
661 2122 806 2162 demus
836 2134 1023 2176 operam.
1083 2120 1241 2161 Placuit
1269 2122 1328 2163 sic
1359 2118 1566 2163 omnibus.
1629 2122 1734 2162 Tum
1766 2122 1890 2162 Scae-

130 2179 250 2229 vola,
284 2181 410 2230 Sane,
449 2182 604 2238 inquit,
651 2182 801 2224 vellem
831 2197 918 2224 non
948 2183 1252 2225 constituissem
1289 2185 1331 2225 in
1362 2182 1638 2225 Tusculanum
1668 2197 1734 2225 me
1764 2183 1890 2225 hodie
1904 2198 1939 2224 30

131 2248 351 2284 venturum
385 2258 475 2285 esse
519 2245 549 2296 †
575 2244 733 2287 Laelio.
795 2244 994 2288 Libenter
1019 2248 1207 2288 audirem
1227 2247 1468 2288 Antonium.
1529 2248 1602 2294 Et,
1633 2258 1726 2287 cum
1747 2259 1892 2287 exsur-

134 2310 276 2358 geret,
329 2306 451 2348 simul
481 2306 691 2356 arridens,
737 2310 882 2363 Neque
913 2310 1043 2359 enim,
1089 2310 1244 2365 inquit,
1290 2314 1372 2351 tam
1411 2309 1514 2351 mihi
1551 2310 1751 2350 molestus
1787 2309 1888 2357 fuit,

135 2369 247 2423 quod
276 2368 341 2409 ius
370 2374 559 2411 nostrum
589 2369 709 2412 civile
740 2372 950 2426 pervellit,
1000 2385 1125 2428 quam
1155 2373 1384 2422 iucundus,
1437 2371 1549 2427 quod
1587 2385 1631 2413 se
1661 2370 1704 2414 id
1733 2372 1891 2413 nescire

134 2429 348 2473 confessus
380 2437 456 2473 est.

226 2569 262 2602 4.
287 2570 349 2604 Vv.
374 2572 435 2612 qui
463 2572 567 2603 etiam
592 2588 605 2595 -
628 2587 641 2594 ·
666 2572 779 2605 arduo
804 2577 963 2614 suspecta
991 2572 1109 2606 Bakio.
1140 2589 1180 2597 —
1223 2573 1256 2606 6.
1285 2571 1331 2614 is]
1356 2575 1394 2606 id
1418 2575 1577 2608 Manutio
1604 2578 1744 2608 auctore
1770 2572 1892 2606 Mulie-

135 2625 206 2650 rus.
232 2634 273 2639 —
316 2620 354 2650 in
378 2627 445 2650 om.
472 2619 514 2650 R.
544 2636 580 2642 -
629 2619 663 2651 8.
692 2618 878 2660 assentior]
908 2629 1024 2653 censeo
1050 2620 1196 2653 Bakius.
1234 2636 1271 2643 —
1315 2621 1346 2653 9.
1374 2624 1513 2654 omnino
1539 2623 1583 2654 R.
1614 2638 1650 2645 —
1695 2621 1750 2652 13.
1778 2621 1891 2661 inquit

135 2664 235 2695 nobis
259 2664 303 2696 R.
336 2681 372 2687 —
417 2665 473 2696 18.
501 2664 625 2706 solum]
663 2667 766 2699 talem
791 2667 976 2699 Schutzius
1004 2676 1043 2700 ex
1071 2668 1218 2700 Oratore
1245 2667 1283 2700 C.
1312 2668 1346 2699 2.
1377 2685 1417 2692 —-
1456 2670 1511 2701 10.
1542 2667 1746 2701 arbitrabor
1771 2667 1810 2698 B.
1850 2681 1889 2688 —

137 2710 195 2742 24.
223 2714 418 2744 oratorium
436 2711 548 2744 Codd.
568 2713 650 2753 aliq.
677 2728 712 2734 —
741 2713 798 2744 27.
825 2715 1045 2746 constituisse
1071 2715 1113 2747 R.
1137 2731 1176 2738 —
1204 2715 1262 2747 30.
1289 2723 1362 2746 non
1387 2718 1640 2748 constituissem
1664 2716 1700 2745 in
1728 2713 1892 2744 Tuscula-

139 2766 223 2787 num
247 2758 344 2790 hodie
370 2758 490 2790 Laelio
515 2759 652 2792 volebat
669 2760 820 2800 Lipsius.
847 2761 960 2794 Verba
981 2762 1066 2793 baec
1084 2767 1244 2801 suspecta
1264 2765 1366 2794 etiam
1386 2763 1506 2795 Bakio.
1526 2779 1570 2784 —
1595 2762 1651 2792 31.
1674 2757 1804 2799 Laelio]
1823 2759 1892 2791 No-

141 2812 219 2835 men
234 2826 242 2841 ,
272 2810 308 2836 ut
326 2805 462 2837 videtur
478 2829 487 2844 ,
515 2810 731 2845 corruptum.
768 2806 907 2840 Postea
924 2831 931 2844 ,
960 2817 1049 2849 quae
1075 2808 1204 2841 Bakius
1229 2812 1263 2840 et
1281 2809 1475 2842 Ellendtius
1502 2813 1618 2841 contra
1637 2816 1690 2841 me
1709 2814 1892 2847 argumen-

141 2853 201 2883 tatt
226 2855 327 2890 sunt,
354 2854 470 2884 minus
497 2853 563 2886 iam
590 2853 700 2894 probo
727 2855 817 2886 coni.
845 2863 982 2888 meam:
1009 2855 1050 2887 L.
1078 2854 1185 2888 Aelio.
1214 2854 1282 2888 Οιι.
