2117 3762
641 241 709 281 AD
741 240 795 280 M.
829 240 1042 282 BRUTUM
1073 241 1115 282 C.
1145 242 1213 282 54.
1247 242 1312 283 55.
1345 241 1409 282 56.
1821 242 1900 283 {2543

151 350 191 388 et
221 359 327 401 quae
357 350 608 400 sequuntur,
650 358 774 400 quae.
817 345 895 386 nisi
928 360 1019 388 cum
1052 346 1204 388 tibicen
1236 348 1430 396 accessit,
1477 345 1678 388 orationis
1709 353 1803 389 sunt
1833 362 1898 389 so-

149 409 258 451 lutae
290 408 512 450 simillima.
572 410 624 449 At
665 409 917 449 comicorum
957 411 1106 450 senarii
1148 416 1319 465 propter
1359 409 1667 452 similitudinem
1699 413 1901 452 sermonis

149 473 207 513 sic
237 485 359 527 saepe
402 477 495 514 sunt
534 471 705 518 abiecti,
754 476 798 511 ut
835 485 1126 526 nonnunquam
1171 475 1239 514 vix
1281 475 1320 514 in
1361 475 1419 514 eis
1458 486 1658 514 numerus
1689 479 1728 514 et
1758 486 1901 514 versus

149 533 321 588 intelligi
343 533 485 588 possit.
547 534 638 583 Quo
670 538 731 573 est
762 532 813 574 ad
848 534 1142 576 inveniendum
1175 533 1384 577 difficilior
1414 537 1454 576 in
1487 537 1673 577 oratione
1704 549 1902 577 numerus

151 611 272 652 quam
305 599 346 638 in
376 598 582 639 versibus.
643 596 736 637 185.
780 597 957 638 Omnino
999 596 1081 639 duo
1117 603 1233 646 sunt,
1281 612 1385 653 quae
1416 598 1611 640 condiant
1650 599 1932 647 orationem,⁵

149 658 373 702 verborum
416 672 769 714 numerorumque
823 659 1069 701 iucunditas.
1146 661 1191 701 In
1241 660 1380 701 verbis
1420 660 1524 702 inest
1564 662 1681 716 quasi
1729 660 1904 703 materia

148 722 369 778 quaedam,
413 721 455 762 in
494 735 668 763 numero
702 728 837 764 autem
870 722 1086 776 expolitio.
1151 721 1231 764 Sed
1271 728 1319 764 ut
1348 724 1496 764 ceteris
1526 723 1569 765 in
1601 726 1728 766 rebus
1758 737 1902 765 neces-

147 787 276 827 sitatis
314 786 482 826 inventa
519 783 754 839 antiquiora
794 791 889 826 sunt
927 800 1049 840 quam
1090 784 1339 838 voluptatis,
1385 787 1439 826 ita
1480 787 1521 827 in
1552 789 1626 828 hac
1657 801 1704 828 re
1735 786 1900 835 accidit,

145 855 191 890 nt
219 847 355 889 multis
399 846 548 888 seculis
588 854 681 889 ante
726 848 861 890 oratio
899 847 1009 889 nuda
1049 861 1096 889 ac
1125 849 1239 889 rudis
1270 846 1321 888 ad
1353 850 1464 890 solos
1496 851 1726 891 animorum
1759 863 1902 891 sensus

146 907 436 966 exprimendos
467 908 592 950 suerit
622 918 811 966 reperta,
859 924 980 965 quam
1019 911 1126 952 ratio
1158 922 1434 952 numerorum
1466 924 1586 952 causa
1619 911 1901 954 delectationis
1914 922 1952 948 10

145 973 308 1014 aurium
352 973 598 1027 excogitata.
679 975 771 1014 186.
816 974 960 1027 Itaque
1002 978 1041 1013 et
1080 973 1317 1013 Herodotus
1358 978 1398 1014 et
1441 972 1584 1015 eadem
1625 976 1899 1031 superiorque

143 1040 254 1076 aetas
284 1047 458 1075 numero
491 1036 623 1076 caruit
662 1035 741 1077 nisi
772 1034 937 1089 quando
968 1040 1126 1076 temere
1156 1048 1203 1075 ac
1233 1035 1427 1083 fortuite,
1470 1042 1510 1077 et
1548 1038 1772 1090 scriptores
1802 1052 1900 1092 per-

143 1102 306 1139 veteres
338 1098 389 1138 de
421 1111 595 1139 numero
627 1097 727 1138 nihil
772 1098 969 1146 omnino,
1027 1096 1077 1138 de
1115 1096 1304 1138 oratione
1343 1104 1564 1154 praecepta
1603 1100 1731 1142 multa
1770 1102 1892 1142 nobis

141 1159 416 1216 reliquerunt.
477 1162 578 1201 Nam
610 1161 722 1215 quod
753 1165 794 1200 et
823 1159 982 1201 facilius
1013 1164 1073 1200 est
1104 1165 1146 1201 et
1175 1158 1305 1213 magis
1335 1160 1640 1211 necessarium,
1672 1163 1715 1204 id
1737 1176 1900 1219 semper

142 1228 236 1265 ante
267 1221 547 1277 cognoscitur.
608 1222 712 1263 LVI.
754 1222 897 1276 Itaque
936 1221 1080 1263 tralata
1124 1229 1192 1263 aut
1221 1222 1328 1264 facta
1359 1228 1428 1264 aut
1457 1223 1594 1265 iuncta
1626 1226 1751 1266 verba
1782 1224 1900 1267 facile
1913 1233 1949 1260 ¹⁵

143 1291 237 1327 sunt
267 1285 455 1339 cognita,
503 1283 598 1340 quia
638 1285 908 1325 sumebantur
939 1299 960 1325 e
992 1287 1291 1327 consuetudine
1322 1285 1648 1342 quotidianoque
1691 1300 1898 1330 sermone.

142 1349 348 1389 Numerus
379 1353 514 1388 autem
544 1360 626 1387 non
658 1345 781 1388 domo
816 1346 1138 1402 depromebatur
1167 1361 1305 1403 neque
1333 1347 1516 1390 habebat
1544 1350 1722 1406 aliquam
1760 1364 1902 1391 neces-

143 1410 364 1450 situdinem
395 1415 464 1451 aut
494 1410 782 1464 cognationem
815 1424 907 1451 cum
939 1411 1142 1452 oratione.
1208 1413 1350 1467 Itaque
1381 1411 1511 1453 scrius
1541 1414 1751 1469 aliquanto
1784 1420 1902 1453 nota-

142 1478 207 1514 tus
239 1478 279 1513 et
308 1472 495 1527 cognitus
527 1474 642 1527 quasi
674 1472 878 1528 quandam
911 1473 1157 1527 palaestram
1179 1480 1219 1515 et
1239 1481 1426 1516 extrema
1446 1475 1697 1517 lineamenta
1718 1475 1895 1517 orationi

141 1535 294 1578 attulit.
376 1537 467 1577 187.
521 1537 681 1586 Quodsi
729 1541 770 1577 ct
809 1542 982 1590 angusta
1020 1538 1223 1592 quaedam
1259 1543 1382 1592 atque
1422 1538 1584 1580 concisa
1631 1544 1670 1580 et
1715 1538 1793 1579 alia
1840 1543 1950 1579 est²⁰

142 1597 334 1640 collatata
355 1603 396 1639 et
417 1596 566 1639 diffusa
597 1599 754 1644 oratio,
786 1612 956 1640 necesse
987 1605 1049 1640 est
1077 1600 1120 1639 id
1150 1612 1234 1641 non
1264 1601 1493 1642 litterarum
1524 1601 1710 1643 accidere
1734 1607 1897 1650 natura,

141 1663 215 1703 sed
245 1659 558 1702 intervallorum
588 1661 810 1715 longorum
843 1666 882 1702 et
902 1661 1091 1702 brevium
1113 1663 1341 1713 varietate3
1375 1662 1524 1719 quibus
1546 1663 1752 1718 implicata
1779 1672 1901 1719 atque

140 1725 345 1780 permixta
376 1726 531 1771 oratio,
577 1725 773 1779 quoniam
820 1730 904 1765 tum
946 1723 1103 1765 stabilis
1144 1730 1206 1766 est
1243 1730 1330 1765 tum
1370 1725 1590 1776 volubilis,
1636 1740 1806 1769 necesse
1839 1732 1901 1768 est

141 1785 346 1828 eiusmodi
386 1792 573 1826 naturam
614 1785 798 1827 numeris
838 1787 1054 1828 contineri.
1113 1790 1216 1828 Nam
1258 1788 1452 1830 circuitus
1484 1789 1576 1838 ille,
1625 1803 1747 1844 quem
1779 1803 1916 1844 saepe,

139 1849 222 1889 iam
254 1849 459 1896 diximus,
491 1847 698 1891 incitatior
727 1862 904 1890 numero
935 1848 1025 1903 ipso
1060 1848 1191 1891 fertur
1221 1856 1261 1892 et
1289 1849 1470 1900 labitur,
1520 1851 1657 1908 quoad
1686 1852 1950 1906 perveniat²⁵

139 1912 191 1952 ad
222 1909 348 1952 finem
380 1915 421 1952 et
448 1911 623 1952 insistat.
684 1911 956 1966 Perspicuum
987 1917 1050 1954 est
1078 1912 1203 1968 igitur
1231 1915 1417 1955 numeris
1437 1914 1646 1956 astrictam
1668 1913 1900 1956 orationem

140 1986 230 2016 esse
261 1975 441 2023 debere,
474 1987 615 2016 carere
645 1976 851 2016 versibus.

253 2038 347 2078 188.
395 2038 476 2079 Sed
516 2036 555 2078 ei
593 2037 758 2079 numeri
796 2035 1005 2093 poeticine
1047 2037 1153 2088 sint,
1206 2052 1258 2080 an
1303 2052 1355 2081 ex
1393 2039 1474 2081 alio
1517 2052 1669 2094 genere
1701 2038 1898 2096 quodam,

140 2099 335 2154 deinceps
366 2106 427 2142 est
456 2098 695 2142 videndum.
756 2099 903 2145 Nullus
936 2106 997 2141 est
1027 2101 1154 2155 igitur
1183 2116 1382 2144 numerus
1416 2108 1534 2144 extra
1566 2104 1774 2159 poeticos,
1805 2116 1902 2157 pro-

138 2168 282 2219 pterea
313 2164 425 2217 quod
456 2161 623 2204 definita
652 2167 747 2204 sunt
775 2175 929 2216 genera
958 2177 1245 2206 numerorum.
1307 2167 1409 2206 Nam
1442 2166 1578 2208 omnis
1608 2166 1699 2208 talis
1731 2172 1813 2214 est,
1857 2170 1950 2208 ut³0

140 2239 248 2267 unus
285 2226 336 2266 sit
374 2238 396 2266 e
437 2226 584 2267 tribus.
646 2227 722 2266 Pes
762 2226 899 2274 enim,
949 2228 1019 2281 qui
1049 2227 1270 2269 adhibetur
1299 2227 1351 2269 ad
1382 2243 1603 2277 numeros,
1650 2231 1828 2285 partitur
1858 2230 1901 2270 in

139 2288 245 2337 tria,
295 2293 341 2329 ut
382 2300 549 2329 necesse
588 2287 641 2329 sit
683 2293 844 2343 partem
883 2288 1002 2343 pedis
1042 2296 1113 2331 aut
1151 2290 1366 2346 aequalem
1410 2305 1500 2333 esse
1540 2292 1658 2333 alteri
1695 2293 1801 2346 parti
1832 2297 1902 2333 aut

139 2350 271 2392 altero
302 2356 414 2392 tanto
445 2356 514 2391 aut
544 2350 682 2406 sesqui
714 2364 804 2392 esse
835 2351 1051 2393 maiorem.
1112 2354 1171 2394 Ita
1202 2355 1247 2394 fit
1277 2354 1461 2410 aequalis
1493 2357 1703 2411 dactylus,
1745 2355 1899 2410 duplex

139 2414 324 2462 iambus,
371 2412 607 2468 sesquiplex
654 2426 814 2468 paean;
865 2414 935 2468 qui
987 2416 1116 2468 pedes
1162 2417 1204 2455 in
1242 2417 1471 2459 orationem
1514 2431 1596 2459 non
1643 2420 1790 2460 cadere
1829 2416 1900 2473 qui

138 2479 340 2531 possunt?
387 2478 537 2530 quibus
577 2476 721 2517 ordine
762 2475 907 2517 locatis
947 2476 1058 2532 quod
1090 2476 1293 2527 efficitur,
1345 2493 1614 2523 numerosum
1647 2482 1699 2522 sit
1728 2494 1897 2522 neeesse
1914 2483 1950 2510 ³⁵

140 2543 216 2580 est.
280 2540 372 2583 189.
420 2540 500 2580 Sed
532 2538 766 2594 quaeritur,
809 2553 890 2594 quo
923 2553 1096 2580 numero
1129 2545 1199 2581 aut
1229 2540 1379 2595 quibus
1410 2543 1670 2598 potissimum
1702 2543 1754 2585 sit
1784 2548 1900 2583 uten-

1823 2623 1896 2630 .—

232 2670 266 2702 1.
293 2671 464 2702 orationis
488 2670 556 2702 Vit.
586 2671 681 2703 Eins.
710 2671 769 2702 Dr.
796 2672 892 2704 Mon.
922 2671 990 2704 Gu.
1017 2672 1050 2704 3.
1080 2673 1148 2704 Erl.
1177 2674 1231 2705 R:
1261 2675 1414 2705 orationi
1431 2674 1471 2706 E.
1501 2691 1541 2697 -
1569 2675 1603 2706 2.
1631 2674 1678 2706 Ac
1704 2675 1796 2706 Mon.
1830 2674 1898 2707 Gu-

117 2716 174 2748 -3.
202 2716 398 2748 schutzius.
429 2735 467 2741 —
496 2717 530 2749 3.
558 2720 604 2749 eis
632 2718 698 2750 (iu.
726 2718 759 2748 3.
789 2719 884 2751 ErL:
925 2720 977 2751 his
1003 2728 1080 2751 cum
1109 2723 1231 2752 ceteris
1259 2720 1332 2752 RE.
1371 2738 1412 2742 —
1455 2721 1488 2753 8.
1524 2723 1576 2752 ita
1604 2731 1681 2753 cum
1708 2722 1793 2752 Ven.
1825 2731 1896 2754 sec.

140 2763 284 2805 Meyer:
312 2765 366 2795 ita
391 2767 423 2795 et
447 2765 516 2796 Erl.
546 2765 584 2796 E.
650 2765 810 2797 Ceterum
838 2775 890 2798 vv.
921 2768 974 2798 ita
997 2768 1034 2798 in
1057 2783 1072 2788 -
1097 2784 1110 2789 -
1137 2769 1291 2799 excitata
1318 2768 1522 2800 echderunt
1548 2778 1586 2801 ex
1615 2769 1680 2800 Vit.
1713 2769 1806 2800 Eius.
1838 2769 1896 2800 Dr.

142 2810 208 2841 Gu.
239 2811 347 2842 tribus
374 2816 408 2843 et
432 2811 461 2843 R
488 2816 632 2850 propter
657 2821 710 2844 vv.
739 2813 862 2843 similia
890 2813 942 2843 ita
967 2830 981 2835 -
1005 2828 1018 2834 -
1045 2814 1175 2853 itaque.
1221 2815 1348 2856 «suerit
1379 2820 1517 2855 reperta
1544 2831 1556 2837 —
1580 2831 1593 2835 -
1619 2816 1734 2854 itaque
1772 2818 1902 2847 omittit

139 2857 304 2888 Monac.»
346 2857 500 2894 Marem
544 2859 576 2889 id
602 2863 677 2896 est,
718 2861 921 2891 exciderunt
955 2869 993 2892 ex
1028 2869 1068 2891 eo
1099 2869 1151 2892 vv.
1181 2870 1284 2901 quam
1317 2864 1410 2892 ratio
1445 2877 1458 2883 -
1489 2879 1502 2884 -
1538 2864 1762 2900 excoquam,
1807 2871 1898 2902 quae

142 2908 323 2942 propterea
363 2905 450 2936 male
489 2904 616 2937 delevit
650 2905 766 2938 Peter.
819 2908 863 2937 At
897 2915 948 2937 vv.
986 2915 1125 2946 prorsus
1164 2910 1360 2940 necessaria
1387 2913 1492 2948 atque
1520 2910 1688 2947 requisita
1719 2909 1769 2940 vel
1795 2918 1812 2940 a
1843 2919 1896 2943 vv.

139 2949 261 2981 multis
289 2953 368 2981 ante
392 2951 516 2982 seculis
543 2961 619 2984 cum
647 2953 722 2983 aliis
753 2953 970 2992 interpolatis
997 2958 1112 2985 servat
1139 2953 1209 2985 Eri.
1240 2971 1278 2976 —
1308 2955 1362 2985 15.
1392 2956 1577 2986 coniuncta
1596 2956 1622 2985 Α
1640 2978 1648 2991 ,
1677 2955 1745 2987 Erl.
1776 2954 1842 2987 Gu.
1863 2955 1897 2987 3.

140 3013 182 3018 —-
221 2996 277 3027 17.
307 2995 422 3037 domo]
458 2998 560 3030 modo
600 2999 668 3030 vit.
699 3000 792 3031 Eins.
823 2999 891 3031 Erl.
926 2999 1049 3031 Palatt.
1089 3000 1155 3031 Gu.
1184 3001 1214 3030 1.
1245 3000 1277 3031 3.
1323 3000 1514 3038 (secundus
1543 3009 1610 3032 om.
1638 3011 1692 3033 vv.
1721 3001 1821 3033 domo
1849 3019 1861 3025 -
1885 3019 1899 3026 -

139 3043 427 3075 necessitudinem
443 3044 470 3084 :)
507 3044 560 3082 R,
605 3045 721 3078 Peter.
774 3046 861 3078 Vera
903 3047 1003 3078 lectio
1041 3045 1190 3078 debetur
1224 3045 1341 3078 Codici
1371 3046 1418 3086 (Ἰ)
1456 3048 1576 3079 Lamb.
1616 3053 1649 3079 et
1675 3048 1827 3081 Victorio
1864 3051 1899 3083 in

142 3090 291 3130 Castigg.
330 3093 513 3129 posterior.
550 3093 583 3122 in
618 3092 705 3131 Epp.
734 3094 775 3124 ad
802 3093 897 3124 Fam.
924 3094 970 3130 7,
997 3093 1054 3124 25.
1119 3093 1226 3125 Recte
1254 3095 1401 3132 explicat
1426 3093 1588 3126 Goeller-z
1628 3096 1741 3126 «nicht
1768 3104 1806 3126 so
1831 3105 1901 3128 υοη

139 3136 242 3168 Hans
267 3145 352 3174 aus,
379 3137 471 3168 nicht
495 3145 532 3167 so
557 3139 820 3170 unmittelbar.»
851 3157 887 3162 -
918 3140 974 3170 21.
1003 3139 1157 3170 dilatata
1183 3144 1213 3170 et
1239 3140 1316 3179 susa
1335 3142 1360 3171 Α
1377 3162 1386 3177 ,
1414 3139 1490 3172 Vet.
1520 3140 1640 3180 Stepb·
1668 3141 1737 3173 Erl.
1760 3142 1825 3173 Gu.
1847 3143 1897 3180 3.‚

141 3184 174 3215 id
203 3187 278 3220 est,
307 3182 416 3215 Codd.
445 3185 656 3223 interpolati.
685 3201 722 3207 -·
750 3185 808 3217 28.
835 3187 866 3218 ει·
892 3186 960 3217 Vnt.
990 3186 1083 3216 Eins.
1114 3185 1179 3216 Gu.
1210 3187 1242 3216 1.
1270 3186 1329 3216 2.:
1360 3187 1386 3215 ιἰ·
1411 3186 1463 3224 R,
1490 3187 1524 3218 ht'
1550 3187 1590 3218 Ε.
1621 3205 1659 3210 -
1688 3188 1744 3218 3-2.
1773 3199 1899 3228 aequa-

141 3230 203 3261 lem
229 3238 300 3261 esse
325 3231 427 3261 alteri
452 3231 546 3262 Eins.
576 3231 643 3262 Erl.
673 3231 743 3262 Gu.
771 3237 860 3270 tres,
889 3233 936 3263 R:
979 3232 1158 3273 aequalem
1197 3233 1300 3263 alteri
1334 3230 1418 3270 (om.
1459 3235 1542 3273 esse)
1586 3242 1664 3266 eum
1692 3237 1759 3266 vit.
1787 3236 1826 3267 E.
1857 3251 1893 3258 —

142 3276 199 3307 34.
226 3276 421 3318 sesquiplex
445 3278 525 3307 Asc.
553 3285 621 3309 sec.
651 3277 864 3315 Cratander,
900 3278 1048 3310 Lamb.:
1091 3279 1203 3318 sesqui
1230 3286 1307 3309 cum
1335 3278 1429 3310 libris
1455 3280 1526 3313 RE.
1554 3278 1712 3323 (sequens
1736 3282 1798 3313 Dr.
1829 3281 1895 3313 Gu.

142 3323 176 3355 1.
202 3321 253 3362 2.)
282 3339 320 3345 -
342 3332 460 3363 paean
485 3323 553 3356 Vit.
581 3324 672 3356 Eins.
705 3324 771 3356 Gu.
801 3329 888 3363 tres,
915 3326 998 3358 atii:
1023 3332 1140 3364 paeon
1167 3332 1244 3356 cum
1270 3324 1338 3357 Erl.
1368 3325 1444 3358 RE.
