2117 3762
811 178 856 219 C.
889 179 958 220 2&
991 181 1060 222 25.
1093 182 1160 222 26.
1782 181 1862 220 473

119 303 202 345 quo
232 287 421 330 laudator
449 287 656 336 affecerit,
688 289 758 327 aut
788 286 956 327 omnino
987 300 1071 328 non
1101 299 1190 328 esse
1219 282 1446 335 laudabile,
1476 280 1588 338 quod
1618 295 1702 324 non
1731 289 1858 333 recte,

118 364 202 394 non
239 351 329 392 iure
371 349 521 391 factum
560 351 624 390 sit.
683 349 844 398 Quibus
882 347 1074 390 omnibus
1104 348 1326 403 generibus
1358 361 1459 389 usus
1489 350 1552 387 est
1580 345 1702 387 nimis
1733 345 1865 401 impu-

119 415 268 454 denter
297 414 446 455 Caesar
475 418 615 453 contra
636 412 832 453 Catonem
863 424 1013 452 meum.
1072 413 1137 453 95.
1170 412 1278 459 Sed,
1311 423 1416 464 quae
1448 424 1501 451 ex
1521 413 1631 450 statu
1651 410 1862 450 contentio

118 474 319 524 efficitur,
352 489 443 516 eam
475 472 620 516 Graeci
648 473 900 528 κρινόμενον
931 479 1092 516 vocant.
1150 473 1251 515 Mihi
1282 472 1417 526 placet
1446 471 1509 518 id,
1549 471 1745 526 quoniam
1776 473 1867 526 qui-

119 535 214 580 dem
243 536 294 579 ad
324 543 363 579 te
395 537 557 584 scribe,
601 548 687 584 QVA
725 550 777 576 nn
821 550 872 577 nn
903 549 1058 578 Affirvn
1087 536 1243 577 vocari.
1305 535 1465 584 Quibus
1495 539 1632 576 autem
1671 535 1750 574 hoc
1787 545 1896 588 quas

120 601 173 642 de
216 613 262 641 re
306 601 444 654 agitur
487 599 740 645 continetur,
791 612 838 640 ea
880 598 1132 640 continentia
1176 603 1397 644 vocentur.
1450 598 1567 653 quasi
1611 594 1868 637 firmamenta

119 661 397 710 defensionis,
443 659 591 716 quibus
636 662 808 702 sublatis
853 660 1042 702 defensio
1088 659 1199 702 nulla
1244 659 1310 702 sit.
1381 661 1486 707 Sed,
1536 660 1731 715 quoniam
1774 659 1868 712 lege

117 724 276 766 firmius
312 723 355 765 in
385 722 680 764 controversiis
712 724 988 778 disceptandis
1019 737 1109 764 esse
1140 722 1240 764 nihil
1271 721 1413 770 debet,
1458 721 1590 763 danda
1630 727 1693 763 est
1722 734 1866 776 opera,

118 794 162 828 ut
191 786 324 841 legem
354 784 594 826 adiutricem
626 792 666 826 et
696 791 841 826 testem
872 783 1157 826 adhibeamus.
1229 787 1275 826 ln
1305 799 1386 840 qua
1416 798 1462 826 re
1493 784 1562 826 alii
1594 785 1709 839 quasi
1741 788 1868 825 status

119 851 318 890 exsistunt
347 848 468 895 novi,
502 846 575 888 sed
606 847 866 903 appellentur
895 847 1101 901 legitimae
1133 846 1466 902 disceptationes.
1528 848 1594 888 96.
1626 849 1730 888 Tum
1759 845 1919 887 enimio

118 910 360 953 defendetur
389 922 472 951 non
503 911 544 950 id
574 909 708 964 legem
739 909 902 958 dicere,
936 911 1048 963 quod
1079 910 1341 950 adversarius
1371 908 1492 956 velit,
1537 910 1609 949 sed
1640 908 1765 950 aliud.
1822 910 1868 949 Id

117 979 252 1015 autem
284 973 504 1027 contingit,
536 986 629 1014 cum
660 973 859 1025 scriptum
889 970 1131 1025 ambiguum
1163 979 1247 1019 est,
1280 976 1326 1013 ut
1358 973 1463 1012 duae
1494 973 1719 1012 sententiae
1752 971 1870 1013 diffe-

116 1040 256 1078 rentes
285 1036 416 1089 accipi
448 1036 619 1090 possint.
681 1037 785 1076 Tum
829 1034 1057 1089 opponitur
1102 1033 1255 1089 scripto
1300 1033 1490 1075 voluntas
1534 1033 1776 1088 scriptoris,
1826 1039 1872 1075 ut

116 1104 364 1154 quaeratur,
410 1099 591 1138 verbane
631 1097 749 1151 pluS,
794 1110 846 1138 an
888 1096 1091 1138 sententia
1121 1096 1261 1138 valere
1303 1094 1492 1138 debeant.
1550 1098 1654 1137 Tum
1694 1096 1774 1151 legi
1803 1097 1871 1138 lex

117 1163 321 1202 contraria
353 1162 538 1202 affertur.
601 1161 662 1201 Ita
701 1165 796 1201 sunt
836 1160 913 1200 tria
953 1172 1129 1214 genera,
1178 1172 1284 1215 quae
1324 1160 1650 1201 controversiam
1687 1158 1727 1200 in
1758 1160 1918 1200 omniu

116 1224 271 1278 scripto
316 1220 451 1264 facere
495 1223 674 1277 possint,
720 1223 983 1276 ambiguum,
1031 1221 1308 1276 discrepantia
1352 1221 1496 1277 scripti
1541 1227 1581 1263 et
1625 1220 1865 1270 voluntatis,

117 1285 271 1340 scripta
302 1286 523 1327 contraria.
582 1285 731 1326 XXVI.
776 1286 862 1325 Iam
900 1284 978 1325 hoc
1008 1285 1273 1339 perspicuum
1307 1290 1389 1331 cst,
1422 1297 1506 1326 non
1537 1283 1669 1338 magis
1698 1285 1740 1324 in
1771 1283 1872 1338 legi-

117 1350 225 1396 bus,
272 1360 394 1403 quam
425 1348 467 1388 in
497 1348 770 1395 testamentis,
816 1348 858 1387 in
888 1346 1244 1401 stipulationibus,
1290 1346 1333 1388 in
1363 1346 1536 1403 reliquis
1565 1348 1716 1396 rebus,
1764 1360 1870 1401 quae

118 1424 169 1452 ex
198 1409 352 1463 scripto
375 1416 570 1464 aguntur,
603 1423 726 1466 posse
748 1411 1054 1451 controversias
1076 1412 1243 1451 easdem
1265 1411 1483 1452 exsistere.
1543 1411 1705 1452 Horum
1726 1415 1873 1450 tracta-

117 1473 249 1515 tiones
286 1471 328 1514 in
367 1472 458 1514 aliis
497 1471 612 1514 libris
653 1472 930 1526 explicantur.
994 1474 1061 1513 97.
1108 1474 1193 1513 Nec
1231 1472 1365 1514 solum
1403 1478 1630 1528 perpetuae
1668 1473 1867 1520 actiones,
1884 1484 1920 1510 20

117 1535 190 1578 sed
221 1537 343 1578 etiam
370 1541 507 1591 partes
538 1535 737 1577 orationis
766 1534 910 1577 iisdem
941 1534 1043 1577 locis
1073 1534 1342 1583 adiuvantur,
1373 1535 1522 1589 partim
1544 1534 1746 1591 propriis.
1779 1547 1874 1590 par-

116 1600 189 1640 tim
219 1597 537 1648 communibus;
583 1604 631 1639 ut
659 1599 702 1639 in
731 1599 964 1654 principiis,
1014 1597 1164 1653 quibus
1194 1603 1240 1639 ut
1269 1600 1488 1647 benevoli,
1527 1604 1573 1640 ut
1601 1597 1781 1646 dociles,
1828 1602 1873 1638 ut

117 1660 262 1703 attenti
291 1662 397 1708 sint,
444 1662 514 1715 qui
546 1662 734 1709 audiant,
780 1659 1041 1702 efficiendum
1073 1666 1136 1702 est
1166 1660 1349 1715 propriis
1380 1661 1512 1711 locis3
1559 1662 1740 1716 itemque
1778 1673 1872 1701 nar-

116 1723 298 1765 rationes
327 1729 372 1765 ut
401 1725 451 1765 ad
481 1736 578 1764 suos
608 1723 710 1764 fines
741 1728 949 1778 spectent,
997 1722 1039 1764 id
1069 1729 1155 1770 est,
1203 1728 1247 1765 ut
1285 1723 1431 1777 planae
1470 1725 1571 1772 sint,
1617 1729 1663 1765 ut
1702 1725 1868 1771 breves,

117 1792 163 1827 ut
192 1785 426 1834 evidentes,
457 1791 502 1827 ut
531 1785 770 1834 credibiles,
801 1792 846 1827 ut
875 1791 1079 1834 moratae,
1112 1791 1158 1828 ut
1189 1799 1282 1827 cum
1304 1786 1517 1841 dignitate.
1579 1787 1696 1836 Quae
1727 1800 1871 1841 quam-
1884 1797 1920 1823 2⁵

118 1863 242 1905 quam
272 1848 315 1890 in
344 1854 430 1889 tota
460 1848 648 1890 oratione
679 1862 768 1890 esse
800 1847 969 1895 debent,
1004 1850 1136 1902 magis
1167 1854 1304 1890 tamen
1336 1854 1430 1890 sunt
1459 1852 1631 1904 propria
1660 1849 1869 1890 narrandi.

118 1912 184 1952 98.
217 1911 334 1960 Quae
364 1916 503 1952 autem
532 1912 800 1966 consequitur
830 1914 1109 1953 narrationem
1140 1910 1264 1961 fides,
1296 1925 1344 1953 ea
1366 1910 1653 1967 persuadendo
1676 1912 1873 1967 quoniam

118 1971 319 2022 efficitur,
353 1974 424 2027 qui
454 1975 505 2014 ad
535 1975 869 2028 persuadendum
898 1973 978 2015 loci
1009 1975 1190 2016 maxime
1220 1976 1407 2022 valeant,
1453 1974 1610 2016 dictum
1640 1979 1702 2016 est
1731 1974 1774 2015 in
1804 1974 1871 2022 iis,

117 2037 160 2077 in
190 2034 339 2090 quibus
379 2034 431 2078 de
472 2038 583 2078 omni
622 2037 786 2078 ratione
825 2037 1003 2078 dicendi.
1075 2037 1288 2079 Peroratio
1321 2043 1459 2079 autem
1489 2043 1530 2078 et
1559 2036 1639 2078 alia
1669 2035 1872 2092 quaedam

117 2096 245 2140 habet
274 2103 315 2140 et
344 2099 522 2140 maxime
551 2098 933 2153 amplificationem,
978 2099 1095 2141 cuius
1127 2099 1301 2142 effectus
1330 2101 1398 2142 hic
1429 2102 1552 2142 debet
1581 2113 1697 2147 esse,
1727 2104 1773 2140 ut
1803 2104 1874 2141 aut
1888 2111 1923 2138 ³0

117 2162 416 2217 perturbentur
444 2161 570 2203 animi
600 2167 669 2203 aut
698 2162 1039 2217 tranquillentur,
1087 2168 1148 2211 et,
1197 2162 1232 2205 si
1268 2165 1326 2204 ita
1362 2164 1444 2205 iam
1481 2164 1619 2204 allecti
1650 2169 1743 2204 ante
1775 2163 1870 2210 sint,

118 2228 165 2266 ut
192 2229 342 2278 augeat
371 2237 515 2265 eorum
547 2230 684 2266 motus
715 2230 786 2266 aut
814 2227 932 2266 sedet
962 2228 1112 2267 oratio.
1172 2228 1240 2268 99.
1274 2224 1383 2267 Huic
1412 2227 1580 2281 generi,
1630 2224 1673 2266 in
1712 2238 1793 2279 quo
1833 2228 1874 2265 et

119 2284 403 2328 misericordia
433 2291 472 2328 et
501 2288 717 2328 iracundia
756 2293 798 2328 et
838 2287 980 2329 odium
1011 2293 1052 2329 et
1081 2290 1237 2330 invidia
1268 2294 1309 2330 et
1339 2294 1503 2330 ceterae
1533 2287 1659 2330 animi
1689 2286 1874 2329 affectio-

119 2362 192 2390 nes
222 2350 540 2404 perturbantur,
572 2355 793 2405 praccepta
823 2352 1143 2406 suppeditantur
1173 2351 1264 2393 aliis
1298 2350 1371 2406 [in]
1409 2351 1548 2399 libris,
1580 2364 1685 2407 quos
1715 2349 1873 2406 poteris

120 2424 282 2453 mecum
320 2410 484 2467 legere,
536 2425 630 2454 cum
670 2412 800 2455 voles.
876 2412 939 2455 Ad
977 2415 1019 2456 id
1058 2419 1217 2464 autem,
1264 2416 1377 2471 quod
1416 2420 1458 2456 te
1499 2413 1604 2457 velle
1644 2426 1870 2462 senseram,
1886 2429 1922 2456 ³5

214 2665 248 2698 6.
275 2674 316 2698 ea
340 2665 360 2698 b
380 2665 450 2709 ῐρ,
479 2665 533 2699 N:
561 2674 618 2698 eae
643 2673 661 2697 a
679 2665 762 2705 dE,
788 2665 870 2698 haec
893 2666 1002 2704 Valla.
1029 2665 1109 2703 BV,
1138 2667 1260 2699 Lamb.
1290 2682 1330 2689 —
1358 2667 1415 2698 10.
1443 2666 1502 2699 sed
1528 2666 1744 2707 appellentur
1767 2673 1782 2695 a
1803 2663 1822 2695 d
1839 2672 1872 2702 e,

122 2713 316 2745 Victorius:
357 2714 415 2745 sed
439 2712 662 2753 appellantur
688 2713 709 2744 b
728 2725 771 2759 ρ,
798 2713 894 2745 Valla
912 2738 921 2751 ,
948 2714 1008 2746 BV
1026 2737 1034 2749 ,
1079 2714 1138 2746 sed
1161 2716 1222 2754 qui
1246 2713 1471 2755 appellantur
1496 2713 1531 2752 l',
1571 2713 1629 2754 qui
1654 2711 1874 2751 appellantur

122 2760 193 2792 NE.
225 2775 261 2780 —
289 2759 344 2791 11.
368 2759 572 2800 defendetur
597 2769 614 2791 a
632 2759 651 2790 d
668 2783 676 2795 .
703 2761 754 2793 N:
793 2759 991 2798 defenditur
1019 2760 1045 2792 E
1072 2769 1150 2793 curn
1177 2763 1324 2798 ceteris,
1363 2762 1427 2793 nisi
1462 2760 1554 2800 quod
1588 2759 1812 2799 defendentur
1837 2757 1872 2797 b,

122 2806 309 2848 defendunt
334 2805 369 2837 d.
397 2823 438 2828 —
465 2806 522 2837 12.
557 2808 745 2838 sententiae
771 2806 960 2848 differentes
986 2816 1002 2839 a
1025 2807 1044 2838 d
1065 2808 1098 2839 l':
1142 2807 1336 2849 differentes
1360 2808 1550 2839 sententiae
1575 2806 1601 2837 E
1629 2813 1706 2837 cum
1733 2806 1870 2837 ceteris.

123 2871 165 2876 —
192 2852 248 2884 14.
275 2861 322 2884 an
347 2862 363 2884 a
384 2851 403 2883 b
422 2853 442 2884 d
462 2861 479 2884 e
499 2853 534 2891 r,
563 2853 700 2885 Oxonn.
730 2859 820 2891 treS,
849 2854 970 2892 Valla,
998 2855 1079 2886 BV:
1123 2859 1187 2885 aut
1212 2862 1289 2886 cum
1319 2854 1468 2887 Grutero
1496 2854 1534 2885 E.
1563 2869 1599 2875 —-
1643 2851 1788 2883 debeant
1814 2860 1832 2883 a
1851 2851 1872 2883 b

124 2900 144 2931 d
165 2907 182 2931 e
201 2922 209 2935 .
237 2899 286 2937 Β,
311 2899 430 2937 Valla,
459 2899 543 2931 VB:
573 2900 691 2931 debeat
718 2899 756 2938 r,
797 2901 932 2933 Oxonn.
961 2902 1055 2938 duo,
1095 2900 1227 2935 Aldus,
1265 2902 1304 2932 E.
1336 2918 1372 2924 —-
1418 2900 1474 2931 16.
1500 2900 1633 2938 possint
1658 2907 1676 2930 a
1697 2898 1715 2929 b
1735 2897 1779 2934 d,
1818 2897 1871 2930 B:

120 2950 265 2987 possunt
289 2953 306 2977 e
326 2945 359 2982 r.
388 2949 422 2978 et
446 2945 472 2977 E
497 2954 574 2978 cum
603 2947 690 2979 Edd.
719 2947 801 2978 mibi
829 2949 932 2979 notis.
964 2964 999 2970 —
1038 2947 1093 2979 17.
1121 2949 1253 2987 scripta
1279 2957 1296 2980 a
1318 2948 1336 2977 b
1356 2947 1375 2978 d
1396 2956 1412 2978 e
1433 2947 1469 2984 s,
1499 2946 1694 2982 Victorius,
1722 2944 1870 2977 Laium:

124 2997 154 3025 et
180 2991 312 3031 scripta
337 3000 413 3024 cum
440 2992 587 3026 Grutero
614 2993 653 3025 E.
683 3011 721 3016 —
765 2994 822 3025 25.
848 2998 1008 3025 moratae
1041 2993 1100 3025 Gr.
1118 3017 1126 3030 ‚
1165 2994 1250 3026 Cod.
1282 3003 1371 3025 unus
1397 2992 1555 3025 Lambini
1583 2989 1640 3031 (2’),
1671 2991 1791 3029 Valla,
1827 2991 1871 3031 N,

124 3040 323 3071 Victorius:
351 3039 550 3071 moderatae
576 3039 686 3072 Codd.
716 3042 839 3079 nostri,
868 3041 927 3072 BV
945 3064 953 3077 ,
980 3040 1110 3077 Aldus,
1138 3040 1245 3081 E.„—-
1270 3040 1327 3072 26.
1355 3039 1530 3072 narrandi
1555 3047 1571 3069 a
1592 3037 1611 3068 b
1631 3038 1651 3070 d
1674 3037 1705 3076 s,
1733 3037 1869 3070 Oxonn.

125 3091 214 3123 tres,
241 3085 329 3116 Edd.
357 3089 437 3117 ante
465 3085 512 3116 E:
540 3087 707 3118 narranti
735 3088 759 3117 E
788 3089 879 3118 coni.
908 3092 965 3125 et,
992 3088 1019 3118 si
1047 3088 1132 3119 fides
1161 3087 1363 3123 Wundero,
1391 3086 1462 3118 Ers.
1493 3103 1528 3108 -
1559 3085 1616 3117 30.
1643 3085 1696 3116 hic
1721 3093 1737 3116 a
1758 3085 1776 3114 b
1799 3085 1818 3116 d
1839 3094 1870 3123 e,

124 3133 151 3164 B
170 3144 212 3177 ρ.
242 3132 358 3169 Valla,
384 3132 438 3171 N,
481 3132 564 3163 BV:
607 3134 636 3163 is
662 3132 697 3170 t',
724 3133 919 3170 Victorius,
957 3133 998 3164 E.
1045 3149 1080 3154 —
1125 3133 1181 3164 31.
1217 3135 1287 3164 sint
1311 3142 1329 3164 a
1349 3134 1390 3171 d,
1430 3132 1477 3168 B,
1513 3131 1593 3163 BV:
1633 3135 1713 3163 sunt
1740 3132 1766 3163 E
1793 3141 1871 3163 cum

126 3180 264 3212 ceteris.
292 3195 335 3200 —-
361 3177 418 3210 34.
442 3177 705 3220 perturbantur]
733 3182 952 3211 concitantur
979 3179 1167 3211 Lambinus
1194 3180 1301 3212 solus.
1351 3180 1395 3211 Λι
1421 3178 1484 3209 err.
1512 3178 1554 3211 de
1581 3177 1648 3210 ΟΠ.
1676 3178 1718 3217 2,
1745 3176 1782 3218 §-
1805 3178 1868 3210 18:

124 3229 235 3258 motus
272 3226 382 3257 animi
416 3224 599 3263 turbatos,
642 3230 676 3257 et
712 3225 878 3258 Woltium
908 3225 1199 3267 Waltherumque
1228 3226 1270 3259 ad
1307 3226 1390 3258 Tac.
1418 3226 1507 3257 Ann.
1537 3226 1581 3265 1,
1620 3225 1678 3257 21.
1714 3228 1799 3258 extr.
1827 3241 1870 3249 —

125 3274 164 3304 in
191 3280 258 3305 om.
286 3281 305 3304 a
324 3272 344 3303 b
364 3272 384 3304 d
405 3271 475 3310 t'd,
504 3272 590 3316 Βρ,
616 3271 659 3304 Ν.
707 3272 778 3305 Nos
804 3273 1022 3306 seclusimus.
