2117 3762
821 264 919 305 LIB.
951 264 1001 305 11.
1061 264 1102 306 C.
1134 266 1199 306 55.
1803 265 1883 305 265

138 376 247 418 enim
269 373 385 415 aiunt
406 372 605 420 Ennium,
639 369 889 411 flammam
913 384 934 410 a
957 372 1192 425 sapiente
1223 369 1436 412 facilius
1467 381 1555 410 ore
1585 368 1634 410 in
1666 370 1881 410 ardente

136 437 381 493 opprimi,
413 449 557 490 quam
587 435 717 474 bona
747 434 888 473 dicta
920 439 1120 483 teneat3
1154 436 1253 474 haec
1287 432 1444 474 scilicet
1474 430 1585 473 bona
1616 433 1740 478 dicta,
1777 445 1880 485 quae

138 500 242 541 salsa
264 498 371 547 sint;
403 511 498 538 nam
532 509 579 537 ea
613 496 762 536 dieta
800 495 1054 550 appellantur
1082 496 1254 550 proprio
1275 497 1353 536 iam
1377 494 1560 536 nomine.
1623 494 1705 534 LV.
1742 494 1820 533 Sed
1842 499 1887 533 ut

138 566 179 605 in
201 561 400 605 Scaevola
428 559 627 600 continuit
656 571 704 598 ea
722 559 886 599 Crassus
921 565 1044 613 atque
1076 560 1116 599 in
1146 558 1215 599 illo
1248 557 1375 599 altero
1402 570 1570 610 genere,
1604 558 1644 598 in
1674 569 1756 611 quo
1786 555 1885 597 nulli

136 627 267 668 aculei
295 623 639 666 contumeliarum
668 621 846 667 inerant,
892 634 1054 662 causam
1091 620 1201 662 illam
1231 619 1633 675 disputationemque
1664 619 1781 668 lusit,
1829 620 1916 659 sies

136 691 178 731 in
208 691 332 730 Bruto
351 717 361 733 ,
391 696 514 739 quem
546 683 692 723 oderat
724 688 763 723 et
793 696 915 738 quem
949 685 1119 738 dignum
1152 682 1398 724 contumelia
1431 681 1658 731 iudicabat,
1708 688 1888 736 utroque

137 763 288 807 genere
316 747 528 804 pugnavit.
589 746 686 785 223.
721 746 853 794 Quam
888 746 1013 787 multa
1047 744 1097 786 de
1130 744 1312 792 balneis,
1344 758 1444 800 quas
1477 758 1609 800 nuper
1642 743 1710 786 ille
1744 745 1890 785 vendi-

137 816 278 861 derat,
311 822 434 866 quam
463 808 590 848 multa
622 808 672 848 de
703 809 853 849 amisso
884 808 1135 862 patrimonio
1165 806 1294 848 dixit!
1340 812 1463 862 atque
1494 806 1561 848 illa
1591 806 1758 856 brevia3
1793 819 1887 846 cum

138 876 208 918 ille
253 875 428 918 diceret,
478 884 531 911 se
581 869 692 910 sine
742 883 896 912 causa
943 872 1157 912 sudare:
1210 868 1422 910 Minime
1471 870 1676 916 mirum,
1731 866 1886 923 inquit,

139 939 288 980 modo
335 933 468 976 enim
513 932 677 974 existi
725 934 783 973 de
828 932 1053 974 balneis.
1119 931 1441 973 Innumerabilia
1481 929 1765 972 huiuscemodi
1802 928 1939 970 fue-10

137 1005 255 1048 runt,
306 998 378 1039 sed
419 1010 504 1036 non
543 996 678 1036 minus
719 996 896 1036 iucunda
939 995 1009 1036 illa
1047 1000 1260 1050 perpetua.
1324 994 1423 1034 Cum
1464 995 1573 1034 enim
1604 996 1755 1034 Brutus
1785 990 1890 1033 duos

135 1064 311 1106 lectores
357 1059 574 1101 excitasset
619 1063 658 1098 et
703 1059 822 1098 alteri
868 1059 919 1099 de
964 1057 1126 1098 colonia
1169 1054 1429 1098 Narbonensi
1476 1057 1609 1098 Crassi
1655 1054 1890 1096 orationem

134 1122 352 1181 legendam
392 1121 600 1168 dedisset,
652 1121 769 1161 alteri
801 1122 851 1161 de
881 1120 971 1174 lege
1003 1119 1202 1167 Servilia,
1235 1125 1275 1160 et
1305 1133 1397 1160 cum
1429 1118 1635 1160 contraria
1665 1119 1770 1159 inter
1799 1130 1890 1158 sese

135 1191 186 1231 de
215 1201 260 1229 re
288 1183 450 1242 publica
482 1184 615 1237 capita
646 1184 909 1231 contulisset,
957 1188 1099 1224 noster
1127 1183 1195 1223 hic
1223 1182 1470 1223 facetissime
1496 1188 1578 1222 tres
1612 1182 1738 1237 patris
1773 1180 1889 1221 Bruti

134 1252 186 1292 de
206 1251 296 1290 iure
316 1247 428 1289 civili
448 1245 611 1287 libellos
633 1246 763 1286 tribus
785 1244 982 1299 legendos
1005 1246 1131 1287 dedit.
1191 1247 1284 1286 224.
1315 1247 1379 1286 Ex
1410 1244 1516 1285 libro
1548 1246 1705 1300 primo:
1745 1255 1887 1285 FORTE
1904 1252 1938 1277 ¹⁵

133 1324 320 1359 EVENJT,
353 1323 409 1351 vr
442 1323 484 1351 ΙΝ
505 1310 776 1350 vannxssl
808 1320 1017 1349 Essemvs.
1075 1309 1255 1356 Brute,
1298 1306 1629 1348 testificatur
1661 1310 1807 1361 pater
1836 1319 1889 1347 se

134 1373 237 1417 tihi
266 1373 636 1414 Privernatem
668 1369 883 1412 fundum
913 1370 1228 1426 reliquisse.
1289 1371 1448 1411 Deinde
1471 1370 1652 1411 exlibro
1675 1370 1884 1410 secundo:

135 1452 179 1481 rx
209 1438 382 1478 ALnAxo
416 1445 590 1475 Enamvs
621 1444 707 1474 noo
738 1445 793 1474 ΕΤ
823 1435 1003 1474 MARCVS
1034 1445 1195 1474 r1L1vs.
1258 1433 1472 1488 Sapiens
1512 1431 1763 1474 videlicet
1802 1433 1890 1471 ho-

135 1514 213 1542 mo
245 1511 354 1540 cum
383 1496 569 1553 primis
601 1501 816 1536 nostrae
848 1496 1087 1536 civitatis
1118 1501 1271 1537 norat
1301 1494 1434 1537 hune
1464 1497 1758 1551 gurgitem;
1789 1507 1891 1534 me-

135 1563 341 1609 tuebat,
389 1574 476 1608 ne,
527 1559 713 1599 cumis
750 1559 893 1599 nihil
929 1560 1176 1607 haberet,
1229 1557 1365 1599 nihil
1402 1571 1522 1599 esse
1561 1559 1606 1599 ei
1645 1555 1939 1600 relictum20

133 1629 436 1683 putaretur.
495 1624 598 1663 Tum
630 1635 681 1662 ex
710 1620 817 1662 libro
849 1622 1000 1669 terti0‚
1048 1620 1093 1662 in
1137 1633 1219 1675 quo
1257 1619 1380 1662 finem
1419 1619 1627 1662 scribendi
1669 1619 1767 1661 fecit
1811 1622 1890 1665 (tot

136 1688 264 1735 enim,
313 1690 358 1726 ut
387 1682 526 1726 audivi
557 1684 795 1725 Scaevolam
827 1683 992 1731 dicere,
1044 1687 1138 1723 sunt
1176 1682 1266 1724 veri
1295 1684 1411 1724 Bruti
1441 1682 1584 1733 libri),
1634 1695 1677 1724 lx
1707 1685 1890 1724 Tlssvnrr

134 1762 276 1793 ronTE
298 1759 531 1790 Assenmvs
553 1758 638 1787 roo
662 1758 716 1786 ET
735 1748 915 1787 MAncvs
947 1758 1107 1787 F1L1vs.
1169 1745 1262 1786 Ubi
1293 1751 1408 1787 sunt
1439 1746 1474 1786 ii
1505 1744 1678 1794 fundi,
1710 1747 1889 1790 Brute,

135 1826 266 1869 quos
311 1808 410 1852 tibi
452 1814 605 1864 pater
648 1809 881 1863 publicis
925 1808 1323 1850 commentariis
1373 1809 1716 1863 consignatos
1760 1805 1892 1849 reli-

135 1877 277 1932 quit?
318 1871 581 1923 Quodnisi
613 1872 856 1925 puberem
888 1876 963 1920 te,
1005 1870 1205 1924 inquit,
1246 1872 1342 1911 iam
1373 1869 1619 1919 haberet,
1653 1875 1938 1926 quartum2s

133 1937 330 1981 librum
373 1932 764 1988 composuisset
806 1938 854 1974 et
892 1946 944 1974 se
982 1934 1143 1973 etiam
1184 1934 1235 1974 in
1273 1933 1479 1974 balneis
1509 1935 1746 1974 locutum
1778 1945 1891 1973 cum

134 2001 256 2043 filio
287 1998 542 2050 scriptum
572 1995 915 2051 reliquisset.
977 1997 1073 2036 225.
1110 1996 1211 2044 Quis
1234 2000 1296 2036 est
1325 1995 1472 2049 igitur,
1506 1996 1575 2051 qui
1597 2009 1679 2036 non
1699 1993 1891 2042 fateatur,

134 2064 214 2106 hoe
254 2063 398 2117 lepore
442 2065 565 2113 atque
604 2059 668 2099 his
708 2057 866 2099 facetiis
904 2072 990 2098 non
1021 2057 1156 2098 minus
1187 2056 1409 2099 refutatum
1442 2071 1532 2099 csse
1564 2060 1737 2098 Brutum
1769 2069 1893 2110 quam

134 2126 215 2168 illis
235 2121 484 2180 tragoediiS,
518 2135 619 2175 quas
639 2120 723 2174 egit
742 2120 878 2169 idem,
913 2134 1006 2161 cum
1033 2134 1129 2161 casu
1159 2121 1201 2160 in
1233 2122 1379 2161 eadem
1409 2133 1531 2161 causa
1564 2118 1737 2174 [funere]
1772 2118 1894 2160 effer-

137 2194 252 2231 retur
282 2201 383 2228 anus
412 2183 544 2226 lunia.
601 2185 679 2224 Pro
711 2185 767 2224 dii
798 2184 1074 2231 immortales,
1108 2196 1213 2237 quae
1244 2183 1322 2224 fuit
1350 2182 1438 2231 illa,
1471 2189 1619 2237 quanta
1650 2184 1735 2224 visl
1771 2193 1942 2236 quam-30

140 2250 438 2305 inexspectatal
472 2260 595 2302 quam
624 2246 864 2302 repentina!
905 2261 1018 2296 cum,
1051 2245 1247 2288 coniectis
1277 2245 1432 2294 oculis,
1467 2251 1586 2299 gestu
1617 2246 1730 2286 omni
1760 2244 1894 2285 immi-

137 2314 274 2361 nenti,
317 2324 475 2353 summa
506 2309 701 2364 gravitate
733 2315 774 2351 et
803 2309 1012 2351 celeritate
1042 2307 1289 2356 verborum,
1335 2310 1518 2357 Brute,
1559 2307 1683 2363 quid
1713 2307 1893 2349 sedes?

137 2377 257 2431 quid
297 2375 441 2415 illam
484 2386 629 2413 anum
670 2373 813 2427 patri
855 2371 1100 2413 nuntiare
1141 2372 1220 2413 vis
1250 2373 1373 2412 tuo?
1424 2370 1543 2426 quid
1572 2369 1694 2412 illis
1726 2366 1895 2411 omni-

135 2438 246 2486 bus,
297 2447 510 2493 quorum
554 2435 812 2488 imagines
857 2435 975 2475 duci
1020 2435 1194 2474 vides?
1244 2432 1365 2488 quid
1411 2431 1711 2475 maioribus
1760 2431 1893 2472 tuis?

136 2502 261 2558 quid
290 2502 335 2541 L.
358 2501 537 2545 Bruto,
572 2495 660 2551 qui
689 2497 825 2538 hunc
855 2496 1102 2550 populum
1135 2497 1403 2538 dominatu
1434 2497 1581 2550 regio
1611 2491 1941 2537 liberavit‘tas

137 2561 262 2619 quid
302 2566 352 2603 te
390 2562 574 2615 agere?
625 2560 707 2600 cui
746 2559 847 2607 rei,
895 2559 973 2599 cui
1020 2557 1251 2612 gloriae,
1302 2560 1384 2600 cui
1423 2557 1607 2600 virtuti
1652 2557 1892 2599 studere?

136 2622 537 2668 Patrimonione
568 2620 842 2674 augendo?
875 2623 936 2662 At
965 2622 1015 2662 id
1047 2634 1144 2662 non
1177 2626 1252 2662 est
1282 2620 1610 2663 nobilitatis.
1671 2620 1763 2660 226.
1795 2616 1892 2658 Sed

138 2687 220 2730 fac
259 2699 396 2735 esse,
446 2684 582 2727 nihil
627 2689 890 2739 superest3
941 2682 1203 2725 libidines
1250 2687 1418 2725 totum
1464 2682 1888 2738 dissipaverunt.

139 2751 210 2791 An
253 2748 362 2790 iuri
405 2747 582 2791 civili?
630 2748 721 2788 Est
763 2751 1055 2801 paternum.
1118 2747 1222 2787 Sed
1256 2747 1410 2793 dicet
1456 2751 1530 2795 te,
1582 2757 1693 2786 cum
1735 2743 1891 2783 aedes

140 2812 424 2859 venderes,
475 2825 536 2852 ne
576 2812 629 2852 in
663 2809 800 2850 rutis
839 2810 1048 2863 quidem
1079 2812 1129 2849 et
1158 2809 1322 2850 caesis
1352 2809 1539 2850 solium
1578 2806 1674 2848 tibi
1714 2809 1941 2858 pater-¹00

231 2931 266 2963 1.
294 2931 444 2962 Ennium
468 2938 536 2961 om.
562 2930 663 2962 Voss.
693 2928 791 2961 Leid.
823 2944 857 2950 —
887 2927 922 2959 4.
950 2927 1118 2960 Scaevola
1142 2928 1201 2959 AB
1227 2928 1378 2968 aliique:
1407 2926 1608 2959 Scaevolam
1634 2925 1708 2956 RE.
1739 2940 1776 2947 --
1812 2932 1892 2956 con-

142 2978 245 3011 ticuit
270 2977 376 3010 ABR.
404 2993 445 2999 —
469 2977 508 3007 in
530 2977 591 3008 illo
617 2975 734 3008 ABR:
761 2975 820 3006 illo
847 2974 886 3006 E.
912 2989 955 2996 --
994 2974 1027 3005 7.
1055 2975 1274 3014 repuqnabat
1302 2975 1341 3006 R.
1370 2988 1411 2996 -
1452 2972 1485 3004 9.
1513 2973 1658 3011 mirum,
1685 2972 1797 3012 inquit
1821 2979 1890 3011 om.

139 3025 212 3057 AB.
242 3041 280 3048 —
309 3024 363 3056 10.
392 3023 482 3054 enim
505 3023 608 3055 modo
633 3023 675 3054 A.
704 3039 746 3045 --
784 3021 1021 3052 huiuscemodi
1047 3030 1114 3053 om.
1142 3022 1195 3059 A,
1231 3020 1371 3061 fuerunt
1397 3020 1564 3050 eiusmodi
1588 3019 1630 3050 R.
1661 3035 1698 3041 —
1741 3018 1795 3050 11.
1823 3018 1892 3049 duo

140 3072 182 3104 B.
210 3088 255 3093 -
281 3070 335 3103 13.
362 3074 487 3102 contra
510 3070 553 3102 R.
578 3085 612 3090 —
641 3069 699 3100 14.
728 3069 850 3108 capita
876 3076 943 3100 om.
971 3067 1044 3098 AB.
1075 3083 1112 3089 —
1140 3068 1367 3099 contulissent
1392 3066 1435 3096 R.
1465 3082 1501 3088 —
1531 3066 1587 3096 20.
1613 3064 1776 3102 haberet,
1802 3065 1892 3096 nihil

143 3127 212 3152 om.
239 3118 310 3149 AB.
340 3133 380 3140 —
424 3119 506 3148 esset
532 3117 574 3148 A.
605 3133 643 3139 ——
686 3115 743 3147 24.
771 3115 973 3155 consiynaco
999 3114 1041 3145 A.
1069 3130 1112 3134 ——-
1152 3113 1208 3145 26.
1237 3114 1387 3145 locutum
1414 3111 1524 3143 Codd.
1552 3112 1672 3144 multi:
1701 3111 1812 3143 locum
1838 3111 1891 3149 A,

142 3166 252 3197 lotum
275 3163 358 3201 RE,
403 3171 464 3202 pro
490 3163 643 3195 moribus
670 3163 832 3194 Romanis
869 3169 951 3194 sane
987 3168 1107 3199 parum
1145 3160 1283 3193 decore.
1320 3175 1360 3181 —
1402 3158 1459 3189 29.
1490 3160 1656 3198 quoniam
1681 3166 1757 3189 cum
1782 3158 1821 3189 R.
1849 3173 1891 3180 -

142 3211 261 3252 funere
285 3219 353 3242 om.
382 3209 440 3241 AB
457 3232 465 3245 ,
509 3218 587 3240 cum
610 3208 728 3248 funere
753 3209 795 3240 R·
822 3207 891 3239 Nos
917 3207 1135 3239 seclusimus.
1166 3223 1203 3228 —
1245 3205 1393 3245 ferretur
1418 3205 1457 3236 B.
1498 3222 1539 3228 —-
1577 3205 1634 3237 31.
1661 3204 1756 3236 tectis
1782 3205 1822 3236 B.
1853 3219 1890 3226 —

144 3258 239 3290 omni
260 3254 468 3297 imminenti]
497 3257 589 3287 omni
613 3260 643 3287 et
667 3256 859 3286 imminenti
881 3253 940 3285 AB
956 3276 965 3291 ‚
992 3255 1084 3285 omni
1110 3259 1140 3285 et
1164 3252 1262 3284 vultu
1288 3254 1375 3286 <sine
1402 3260 1433 3284 v.
1459 3250 1662 3290 imminenti)
1688 3251 1730 3283 R.
1757 3267 1797 3273 —
1831 3249 1888 3283 36.

145 3313 244 3347 agere
269 3304 328 3336 AB
345 3327 354 3341 ‚
383 3303 449 3335 Gu.
477 3302 510 3334 3.
540 3301 625 3334 Cod.
653 3302 741 3342 Reg.
766 3300 896 3333 7703.:
923 3299 1035 3340 facere
1060 3308 1138 3332 cum
1164 3301 1286 3330 ceteris
1311 3300 1401 3331 nous
1426 3298 1532 3333 RET.
1562 3314 1600 3320 -
1627 3297 1685 3332 39.
1713 3298 1789 3331 iure
1812 3296 1886 3336 AB,

143 3352 182 3385 in
204 3352 279 3384 iure
305 3351 345 3384 R.
375 3367 412 3374 -
438 3349 496 3382 [40.
524 3348 636 3390 ruptis
659 3364 673 3370 -
695 3364 710 3371 -
734 3348 817 3380 cecis
844 3349 922 3385 (sic)
947 3346 990 3379 R.
1021 3364 1058 3370 -
1086 3347 1199 3379 solum
1221 3345 1264 3377 R.
