2117 3762
273 250 299 290 2
935 242 1005 282 AD
1037 242 1351 285 HERENNIUM

274 365 463 408 geramus
498 349 714 392 voluntati.
773 348 918 394 Nunc,
970 361 1023 387 ne
1062 348 1236 388 nimium
1275 349 1400 402 longa
1443 353 1629 389 sumatur
1667 348 1829 396 oratio,
1884 349 1934 388 de
1979 361 2024 388 re

274 418 411 457 dicere
441 414 709 466 incipiemus,
743 411 776 451 si
806 416 845 450 te
875 423 1003 449 unum
1033 410 1135 450 illud
1167 412 1474 460 monuerimus,
1508 417 1639 451 artem
1671 411 1759 450 sine
1785 410 2024 450 assiduitate

273 479 436 520 dicendi
466 491 549 517 non
581 477 753 516 multum
784 474 953 520 iuvare,
995 476 1041 510 ut
1078 471 1285 525 intelligas
1325 476 1431 515 hanc
1472 475 1675 515 rationem
1715 473 2023 526 praeceptionis

272 543 323 582 ad
355 539 693 582 exercitationem
724 534 1030 576 accommodari
1061 539 1273 585 oportere.

241 619 256 643 ⁵
382 604 434 643 ΙΙ.
467 604 506 642 2.
543 600 726 641 Orator-is
757 596 938 638 officium
970 600 1031 635 est
1062 597 1112 636 de
1143 597 1193 635 iis
1223 599 1348 639 rebus
1378 613 1502 651 posse
1534 599 1698 647 dicere,
1739 610 1843 652 quae
1874 610 1940 637 res
1971 597 2023 636 ad

270 681 389 707 usum
420 665 581 705 civilem
615 663 799 702 moribus
829 674 876 700 ac
906 659 1068 712 legibus
1100 659 1348 700 constitutae
1379 667 1496 709 sunt,
1530 676 1623 701 cum
1645 661 1885 704 assensione
1908 659 2024 699 audi-

271 735 434 776 torum,
487 727 622 780 quoad
668 725 755 765 eius
799 721 888 763 fieri
929 722 1097 774 poterit.
1159 721 1255 761 Tria
1293 727 1388 761 sunt
1429 737 1583 776 genera
1623 737 1863 770 causarum,
1916 734 2022 775 quae

269 793 454 843 recipere
486 790 609 828 dehet
638 792 802 827 orator:
850 783 1220 825 demonstrativum
1240 813 1250 830 ‚
1284 785 1630 833 deliberativum,
1671 785 1880 825 iudiciale.
1941 785 2023 823 De-

268 853 581 894 monstrativum
624 855 706 898 est,
755 849 866 904 quod
905 847 1112 896 tribuitur
1137 846 1179 885 in
1219 845 1392 885 alicuius
1433 852 1569 887 certae
1611 861 1815 899 personae
1856 846 2023 886 laudem

219 930 255 955 10
268 917 333 957 vel
362 913 737 966 vituperationem3
789 910 1105 952 deliberativum
1137 912 1199 947 est
1227 907 1271 947 in
1301 909 1604 949 consultatione
1624 940 1634 957 ,
1683 910 1794 964 quod
1824 909 1952 948 habet
1979 908 2024 947 in

268 994 311 1019 se
342 978 575 1019 suasionem
607 980 648 1016 et
677 974 1006 1019 dissuasionem3
1055 970 1249 1010 iudiciale
1290 975 1373 1018 est,
1422 972 1534 1024 quod
1569 972 1752 1024 positum
1783 972 1826 1011 in
1857 974 2024 1010 contro-

266 1042 401 1082 versia
429 1041 557 1080 habet
586 1037 891 1078 accusationem
922 1038 992 1074 aut
1021 1033 1268 1086 petitionem
1299 1047 1392 1072 cum
1425 1032 1684 1075 defensione.
1746 1036 1887 1081 Nunc,
1921 1045 2022 1086 quas

267 1118 332 1144 res
372 1107 580 1143 oratorem
622 1101 777 1141 habere
822 1100 1041 1150 oporteat,
1095 1096 1362 1144 docebimus3
1425 1096 1606 1144 deinde,
1655 1111 1737 1151 quo
1784 1097 1909 1136 modo
1948 1096 2023 1135 has

267 1179 408 1205 causas
439 1165 603 1205 tractari
635 1162 874 1208 conveniat,
909 1159 1192 1199 ostendemus.
1254 1160 1294 1198 3.
1329 1159 1507 1211 Oportet
1536 1159 1662 1213 igitur
1682 1173 1772 1200 esse
1792 1160 1835 1198 in
1857 1163 2023 1199 oratore

217 1229 571 1275 15inventionem,
604 1225 943 1278 dispositionem,
978 1221 1286 1269 elocutionem,
1321 1223 1588 1269 memoriam,
1621 1222 2020 1274 pronuntiationem.

265 1291 452 1332 Iuventio
484 1295 546 1330 est
575 1288 822 1341 excogitatio
854 1299 993 1326 rerum
1022 1298 1216 1325 verarum
1247 1288 1318 1324 aut
1346 1285 1433 1325 veri
1466 1285 1687 1333 similium,
1721 1297 1827 1338 quae
1857 1297 2023 1324 causam

266 1353 528 1406 probabilem
558 1353 744 1393 reddant.
816 1347 1042 1401 Dispositio
1087 1351 1150 1387 est
1189 1348 1291 1387 ordo
1336 1352 1376 1387 et
1416 1347 1652 1387 distributio
1699 1361 1865 1395 rerum,
1917 1360 2023 1400 quae

267 1417 551 1462 demonstrat,
603 1414 701 1468 quid
742 1413 891 1466 quibus
930 1410 1034 1450 locis
1076 1410 1129 1450 sit
1166 1411 1471 1450 collocandum.
1531 1410 1724 1450 Elocutio
1759 1415 1822 1451 est
1850 1410 2025 1450 idoneo-

266 1493 358 1518 rum
388 1480 612 1519 verborum
643 1481 684 1516 et
712 1475 1009 1515 sententiarum
1031 1473 1082 1513 ad
1104 1472 1388 1513 inventionem
1414 1474 1762 1513 accommodatio.
1821 1472 2025 1513 Memoria

217 1554 253 1579 20
268 1545 330 1580 est
357 1538 474 1581 firma
503 1539 627 1580 animi
658 1552 795 1579 rerum
827 1541 868 1577 et
895 1537 1121 1577 verborum
1152 1540 1193 1575 et
1222 1536 1507 1588 dispositionis
1537 1536 1768 1588 perceptio.
1836 1536 2025 1576 Pronun-

266 1602 382 1642 tiatio
421 1606 482 1643 est
519 1603 633 1643 vocis
669 1602 806 1643 vultus
851 1604 988 1653 gestus
1027 1598 1259 1638 moderatio
1300 1612 1393 1638 cum
1432 1603 1663 1638 venustate.
1732 1599 1846 1639 Haec
1885 1598 2024 1638 omnia

266 1666 398 1705 tribus
439 1666 562 1706 rebus
602 1664 766 1718 assequi
803 1662 1059 1716 poterimus,
1101 1666 1188 1701 arte
1220 1661 1449 1701 imitatione
1482 1661 1795 1701 exercitatione.
1855 1661 1932 1700 Ars
1963 1664 2026 1700 est

266 1729 526 1781 praeceptiO,
580 1741 685 1781 quae
725 1728 793 1767 dat
832 1730 987 1766 certam
1027 1724 1138 1766 viam
1168 1724 1458 1778 rationemque
1489 1725 1669 1765 dicendi.
1732 1724 1911 1763 Imitatio
1945 1727 2021 1770 est,

267 1805 347 1844 qua
376 1791 630 1843 impellimur
660 1805 753 1831 cum
784 1789 972 1842 diligenti
1002 1788 1192 1835 ratione,
1239 1792 1285 1827 ut
1315 1788 1551 1841 aliquorum
1582 1788 1739 1828 similes
1770 1788 1814 1827 in
1844 1787 2022 1827 dicendo

216 1866 250 1891 25
265 1854 440 1895 velimus
471 1868 576 1894 esse.
638 1852 889 1893 Exercitatio
923 1855 985 1891 est
1014 1850 1204 1890 assiduus
1234 1863 1333 1890 usus
1363 1851 1707 1904 consuetudoque
1739 1849 1918 1890 dicendi.

377 1917 583 1965 Quoniam
624 1917 749 1970 igitur
789 1917 1117 1955 demonstratum
1157 1918 1238 1961 est,
1286 1926 1387 1967 quas
1418 1926 1562 1953 causas
1596 1918 1805 1953 oratorem
1835 1912 2023 1964 recipere

267 1994 450 2034 quasque
481 1994 547 2020 res
576 1980 733 2019 habere
764 1977 1029 2025 conveniret,
1075 1990 1213 2024 nunc,
1262 1975 1291 2027 ’ἷ-
1323 1977 1676 2030 quemadmodum
1707 1977 1759 2016 ad
1790 1975 2023 2015 orationem

264 2043 425 2094 possint
445 2042 620 2082 oratoris
642 2039 778 2081 officia
799 2039 1134 2088 accommodari,
1169 2039 1390 2079 dicendum
1412 2039 1591 2079 videtur.
1653 2040 1725 2079 ΙΙΙ.
1760 2038 1800 2078 [ι.
1833 2037 2022 2078 Iuventio

265 2104 308 2143 in
339 2118 411 2144 sex
440 2106 577 2157 partes'
608 2104 805 2144 orationis
836 2103 1118 2150 consumitur,
1158 2102 1202 2142 in
1233 2102 1477 2150 exordium,
1511 2102 1819 2150 narrationem,
1854 2100 2025 2141 divisio-

219 2178 386 2214 sonem,
434 2164 814 2215 confirmationem,
870 2165 1223 2213 confutationem,
1284 2165 1611 2205 conclusionem.
1687 2163 1917 2205 Exordium
1963 2166 2026 2202 est

266 2229 517 2283 principium
550 2229 772 2277 orationis,
804 2243 881 2281 per
911 2229 1023 2283 quod
1054 2228 1215 2267 animus
1246 2228 1446 2268 auditoris
1478 2227 1740 2268 constituitur
1770 2226 1822 2266 ad
1853 2225 2025 2266 audien-

268 2292 380 2331 dum.
442 2293 629 2332 Narratio
667 2297 728 2332 est
771 2305 910 2332 rerum
941 2295 1148 2344 gestarum
1179 2294 1251 2330 aut
1279 2291 1452 2343 perinde
1481 2295 1528 2330 ut
1557 2294 1767 2344 gestarum
1797 2287 2021 2341 expositio.

266 2354 422 2395 Divisio
454 2359 539 2403 est,
580 2369 656 2408 per
686 2368 808 2409 quam
839 2355 1075 2408 aperimus,
1123 2354 1223 2409 quid
1254 2354 1499 2404 conveniat,
1532 2354 1633 2408 quid
1661 2353 1704 2393 in
1735 2351 2024 2395 controversia

361 2537 394 2568 1.
422 2537 462 2567 de
475 2545 510 2568 re
526 2546 644 2569 omnes
660 2539 764 2569 nostri
781 2547 788 2576 ;
816 2539 855 2570 de
870 2547 907 2569 re
920 2540 996 2579 ipsa
1015 2548 1092 2572 cum
1112 2538 1177 2570 Ed.
1195 2538 1297 2571 1474.
1316 2538 1395 2571 Sch.
1422 2537 1482 2571 Est
1498 2539 1602 2579 gloss.
1619 2552 1663 2560 -
1687 2537 1722 2570 2.
1743 2536 1804 2569 sed
1819 2537 1849 2569 si
1862 2534 2022 2569 PABFT.

270 2599 310 2605 —-
335 2583 424 2614 illud
449 2593 556 2615 unum
581 2585 713 2615 AFRT.
743 2602 782 2607 ——-
809 2586 843 2616 [ι.
871 2587 1086 2618 commodari
1110 2586 1185 2617 AT.
1209 2603 1244 2609 -
1273 2587 1306 2619 5.
1333 2587 1377 2617 iis
1403 2586 1429 2618 L
1457 2591 1490 2618 et
1516 2586 1594 2618 sort.
1621 2586 1677 2616 R:
1704 2585 1756 2616 his
1773 2584 1965 2616 PABFTE.
1983 2599 2024 2607 -—

269 2630 303 2660 9.
332 2636 421 2661 certe
449 2631 597 2663 Ernestii
624 2640 762 2670 operae.
781 2649 819 2654 -
849 2634 904 2663 10.
934 2638 981 2664 est
1008 2637 1045 2666 tn
1070 2633 1325 2665 consultatione
1352 2633 1445 2673 quod
1470 2633 1568 2665 habet
1593 2631 1800 2664 PABFRT:
1836 2634 1901 2666 est,
1930 2630 2026 2672 quod

269 2678 306 2707 in
333 2678 581 2708 consultatione
605 2680 758 2717 positum
783 2679 883 2710 habet
909 2680 948 2711 E.
977 2698 1018 2704 -—
1059 2682 1114 2712 11.
1144 2678 1187 2720 et]
1215 2681 1268 2711 vel
1293 2680 1365 2711 PR.
1396 2698 1433 2704 —
1476 2681 1630 2720 positum
1656 2681 1763 2711 estin
1787 2679 2025 2711 controversia

270 2727 299 2753 et
325 2724 414 2761 quod
439 2724 538 2755 habet
563 2724 643 2759 PB,
681 2727 832 2764 positum
870 2731 917 2757 est
950 2728 988 2758 in
1019 2728 1257 2758 controversia
1289 2727 1381 2767 quod
1413 2727 1512 2759 habet
1535 2727 1606 2758 AF.
1634 2742 1676 2749 -
1723 2727 1779 2758 15.
1806 2726 2022 2764 memoriam,

267 2771 588 2808 pronuntiationem
624 2771 817 2802 PABFRT:
859 2775 1061 2805 memoriam
1097 2777 1128 2804 et
1162 2774 1493 2814 pronuntiationem
1526 2775 1567 2806 E.
1608 2790 1651 2796 —
1693 2773 1750 2804 18.
1791 2772 1876 2814 quid
1901 2772 2024 2812 quibus

273 2816 354 2846 locis
380 2816 458 2848 BF:
486 2819 567 2857 quid
593 2818 714 2857 quibus
739 2821 775 2850 in
800 2818 881 2850 locis
905 2820 986 2858 ΑΕ,
1026 2820 1108 2862 quid
1132 2821 1319 2862 quibusque
1344 2821 1427 2852 locis
1453 2822 1500 2860 P,
1541 2821 1661 2862 quibus
1686 2819 1836 2862 quidque
1861 2819 1945 2850 locis
1970 2819 2022 2858 R,

272 2870 339 2914 qz-zo
365 2863 514 2903 quidque
540 2865 612 2895 loco
639 2865 679 2897 T.
709 2882 748 2887 —
775 2865 832 2896 ⁴24.
862 2866 1030 2907 diligenti]
1059 2868 1193 2898 dicendi
1217 2868 1299 2906 AF,
1329 2868 1502 2908 deliqendi
1528 2867 1676 2899 Grutero
1702 2871 1844 2898 auctore
1871 2865 1952 2898 Sch.
1982 2883 2024 2889 —

272 2908 329 2938 20.
356 2909 532 2940 valeamus
557 2911 656 2942 PBT.
689 2928 725 2934 —
754 2912 810 2942 27.
841 2915 1021 2944 conveniat
1045 2914 1126 2951 BR,
1156 2914 1227 2945 Ers.
1257 2914 1300 2946 Ut
1325 2923 1386 2946 nos
1404 2937 1412 2951 ‚
1441 2915 1611 2952 PAFTE,
1640 2924 1679 2947 ex
1706 2922 1745 2946 ea
1772 2915 2023 2946 consecutione

273 2960 465 2991 temporum
484 2979 492 2993 ‚
522 2960 794 2996 quaescriptori
823 2959 885 2997 ipsi
914 2960 1081 2997 placuisse
1109 2961 1256 2993 videtur.
1285 2978 1324 2984 —
1366 2961 1478 2993 Locus
1504 2965 1589 2993 mire
1628 2962 1800 2994 turbatus.
1862 2960 1951 2994 Mihi
1985 2963 2025 2991 ut

275 3000 437 3032 Schmzio
475 3011 512 3033 ac
539 3004 780 3036 Lindemanno
809 3006 919 3043 placet
944 3006 1016 3038 Pal.
1046 3010 1145 3046 primi
1183 3008 1230 3038 ad
1265 3009 1518 3046 inventionem,
1559 3008 1682 3040 collata
1719 3006 1756 3048 ἕ.
1793 3008 1828 3040 [ι.
1865 3005 2025 3048 quemad-

272 3047 411 3077 modum
433 3050 543 3086 possit
569 3054 684 3082 oratio
710 3052 757 3082 ud
781 3053 953 3083 ractonem
979 3055 1130 3084 oratoris
1157 3053 1261 3096 officii
1297 3055 1554 3086 accommodari
1578 3055 1628 3094 P,
1672 3056 1868 3095 quemadm.
1908 3054 2024 3085 oratio

275 3095 320 3124 ad
357 3095 525 3146 rationem
556 3099 667 3135 possit
705 3098 811 3138 officii
841 3099 994 3129 oratoris
1031 3102 1287 3133 accommodari
1318 3102 1373 3140 Α,
1416 3102 1611 3142 quemadm.
1647 3101 1765 3144 officia
1798 3102 1951 3133 oratoris
1977 3100 2024 3131 ad

274 3143 468 3171 orationem
493 3144 749 3175 accommodari
772 3147 907 3184 possint
933 3145 959 3175 B
978 3169 986 3180 ,
1030 3148 1223 3186 quemadm.
1257 3149 1303 3180 ad
1338 3149 1513 3180 ‘rationem
1543 3150 1678 3189 possint
1712 3149 1827 3191 officia
1852 3147 2024 3179 orationis

274 3184 442 3224 (oratoris
468 3186 570 3228 corr.)
596 3192 853 3222 accommodari
879 3191 926 3229 F,
962 3194 1154 3231 quemadm.
1178 3197 1285 3233 possit
1310 3197 1356 3226 ad
1381 3197 1576 3227 orationem
1602 3197 1753 3228 oratoris
1784 3195 1936 3237 officium
1969 3203 2024 3226 ac-

275 3233 489 3286 commodari
514 3235 565 3268 R,
608 3237 804 3276 quemadm.
841 3238 886 3269 ad
919 3241 1110 3270 orationem
1135 3243 1269 3279 possint
1294 3241 1406 3283 officia
1432 3245 1584 3274 oratoris
1610 3241 1869 3275 accommodari
1893 3241 1936 3272 Τ.
1981 3256 2022 3264 -

276 3279 332 3310 29.
362 3289 400 3334 m
423 3286 500 3312 ante
527 3290 558 3312 v.
588 3284 766 3313 exordium
792 3294 859 3314 om.
890 3286 989 3316 ΑΓΒ.
1029 3302 1070 3308 —
1112 3286 1169 3318 31.
1208 3288 1383 3320 auditoris
1417 3289 1469 3321 vel
1501 3287 1580 3328 (auc
1613 3288 1683 3333 AF)
1720 3289 1948 3322 constituitur
1970 3287 2025 3321 vel

275 3324 322 3365 (cc
345 3324 415 3367 Ab)
445 3332 643 3367 apparatur
668 3330 713 3361 acl
738 3330 895 3363 PABFT.
947 3331 991 3363 Ut
1014 3341 1100 3372 nos,
1126 3333 1158 3365 R
1184 3340 1218 3367 et
1242 3335 1328 3367 Cod.
1355 3335 1542 3377 Duisburg.
