2117 3762
749 248 846 287 LlB.
881 247 949 288 lv.
1011 249 1055 288 C.
1089 249 1155 289 40.
1187 249 1252 288 lit.
1282 249 1350 288 42.
1849 255 1900 293 77

151 368 331 410 perans,
373 352 580 408 petulans,
630 352 863 405 superbus3
913 354 1061 407 impius
1104 355 1144 393 in
1175 360 1388 408 parentes,
1441 354 1625 405 ingratus
1658 355 1697 393 in
1730 356 1897 402 amicos,

153 417 322 458 infestus
353 417 561 466 cognatis,
602 415 642 454 in
673 415 911 467 superiores
943 423 1188 463 contumax,
1238 418 1277 456 in
1310 430 1466 471 aequos
1500 422 1540 455 et
1571 429 1688 470 pares
1720 416 1903 457 fastidio-

151 495 243 527 suS‚
278 483 318 521 in
351 480 567 520 inferiores
588 477 789 522 crudelis,
824 478 1002 532 deniqne
1031 479 1069 518 in
1092 493 1236 518 ‹mmes
1258 477 1544 518 intolerabilis.
1607 480 1673 517 53.
1709 478 1902 520 Eiusdem

151 543 315 595 generis
346 548 407 583 est
439 541 507 580 illa
537 539 836 593 frequentatio,
885 554 988 594 quae
1022 542 1242 594 plurimum
1274 542 1622 581 coniecturalibus
1653 542 1785 580 causis
1817 543 1905 596 opi-

151 606 330 654 tulatur,
376 618 468 644 cum
507 602 787 655 suspiciones,
840 616 943 656 quae
991 605 1207 657 separatim
1248 605 1380 644 dictae
1420 605 1598 644 minutae
1638 609 1678 643 et
1718 603 1932 643 inlirinae⁵

152 675 292 715 erant,
342 681 468 707 imum
507 665 548 703 in
590 665 724 704 locum
768 671 932 704 coactae
976 680 1061 705 rem
1095 666 1288 705 videntur
1319 667 1577 720 perspicuam
1608 666 1767 713 facere,
1820 681 1903 706 non

151 732 448 786 suspiciosam,
482 728 561 767 hoc
593 733 736 781 pacto:
787 727 919 767 Nolite
953 728 1101 779 igitur,
1148 729 1301 775 nolite,
1336 729 1512 775 indices,
1558 742 1631 775 ea,
1664 743 1768 784 quae
1801 727 1901 775 dixi,

151 793 370 849 separatim
402 795 618 844 spectare;
666 791 737 829 sed
769 791 904 829 omnia
936 790 1118 842 colligite
1151 795 1191 830 et
1221 789 1402 830 conserte
1435 792 1473 830 in
1508 806 1648 831 unum.
1711 793 1817 831 XLI.
1863 792 1903 831 Si

151 863 191 897 et
223 855 487 895 commodum
533 851 582 892 ad
630 853 750 893 istum
789 868 841 893 ex
880 854 988 892 illius
1030 858 1161 892 morte
1202 851 1395 892 veniebat
1432 859 1472 893 et
1511 855 1590 893 vita
1632 854 1811 893 hominis
1843 858 1906 894 est

151 918 415 971 turpissima,
462 915 621 955 animus
660 917 944 960 avarissimus,
992 915 1181 955 fortunae
1222 916 1444 955 familiares
1483 918 1832 957 attenuatissimae
1864 922 1952 956 et1⁰

149 994 216 1021 res
246 981 322 1020 ista
361 977 472 1019 bono
512 978 666 1017 nemini
716 984 877 1031 praeter
917 979 1037 1018 istum
1082 977 1177 1028 suit,
1225 992 1359 1033 neque
1392 978 1493 1018 alius
1525 980 1740 1033 quisquam
1772 991 1903 1032 aeque

149 1043 366 1083 commode
399 1054 533 1095 neque
564 1042 638 1081 iste
670 1041 759 1081 aliis
793 1039 1148 1081 commodioribus
1180 1042 1410 1081 rationibus
1440 1040 1577 1081 farere
1607 1043 1738 1096 potuit
1767 1055 1902 1096 neque

148 1104 417 1160 praeteritum
463 1109 524 1143 est
568 1105 618 1142 ab
661 1104 737 1143 isto
782 1103 1033 1159 quidquam,
1085 1105 1195 1159 quod
1241 1117 1343 1157 opus
1385 1103 1507 1143 suerit
1546 1105 1596 1143 ad
1638 1104 1902 1150 maleficium,

147 1180 283 1222 neque
323 1164 499 1213 sactum,
553 1167 663 1220 quod
704 1180 808 1218 opus
846 1180 928 1206 non
969 1165 1121 1215 suerit3
1173 1171 1214 1206 et
1250 1179 1342 1206 cum
1376 1166 1491 1205 locus
1522 1166 1696 1205 idoneus
1727 1167 1904 1205 maxime

147 1230 381 1285 quaesitus,
430 1235 514 1268 tum
549 1229 711 1268 occasio
745 1230 1013 1281 aggrediendi
1051 1230 1300 1276 commoda,
1352 1233 1513 1281 tempus
1545 1227 1721 1268 adeundi
1753 1241 1953 1283 oppor-15

147 1293 430 1337 tunissimum,
479 1291 655 1345 spatium
696 1290 940 1330 conficiendi
982 1290 1267 1343 longissimum
1306 1297 1515 1345 sumptum
1559 1296 1641 1337 est,
1688 1305 1771 1331 non
1811 1292 1898 1332 sine

147 1356 329 1396 maxima
359 1354 591 1394 occultandi
625 1351 680 1406 [et
710 1351 962 1407 perficiendi]
997 1352 1186 1394 maleficii
1209 1368 1304 1408 spe3
1338 1359 1378 1394 et
1399 1358 1610 1408 praeterea
1633 1359 1745 1400 ante,
1779 1367 1901 1408 quam

149 1419 309 1459 occisus
330 1419 457 1458 homo
488 1417 522 1456 is
553 1421 633 1462 est,
667 1417 743 1456 iste
774 1417 886 1456 visus
918 1423 980 1457 est
1010 1418 1050 1457 in
1083 1431 1131 1457 eo
1164 1418 1284 1464 loco,
1318 1417 1359 1455 in
1390 1429 1473 1470 quo
1505 1420 1566 1455 est
1597 1416 1751 1456 occisio
1781 1415 1901 1463 facta,

147 1482 282 1530 solus;
316 1483 453 1537 paullo
484 1486 578 1536 post
607 1481 649 1520 in
680 1481 769 1535 ipso
802 1479 1003 1520 maleficio
1035 1494 1117 1519 vox
1147 1480 1280 1527 illius,
1313 1480 1381 1534 qui
1413 1479 1702 1524 occidebatur,
1735 1478 1901 1526 audita;

148 1546 298 1586 deinde
320 1551 413 1600 post
433 1545 686 1584 occisionem
707 1545 828 1583 istum
852 1542 977 1583 multa
999 1548 1117 1583 nocte
1140 1544 1310 1582 domum
1343 1542 1498 1582 redisse
1530 1545 1704 1587 constat,
1738 1546 1904 1595 postera
1919 1554 1954 1579 20

148 1610 215 1649 die
247 1607 470 1648 titubanter
508 1612 549 1647 et
588 1608 870 1646 inconstanter
901 1606 951 1645 de
983 1606 1192 1645 occisione
1225 1604 1334 1645 illius
1366 1604 1573 1653 locutum;
1622 1604 1724 1643 haec
1755 1601 1904 1657 partim

148 1671 417 1717 testimoniis,
463 1670 613 1724 partim
651 1669 961 1724 quaestionibus
1002 1666 1057 1721 [et
1094 1664 1361 1721 argumentis]
1404 1666 1542 1705 omnia
1581 1666 1906 1719 comprobantur

148 1739 190 1773 et
218 1746 385 1774 rumore
415 1733 576 1787 populi,
618 1745 740 1785 quem
774 1745 824 1771 ex
855 1731 1109 1784 argumentis
1141 1735 1283 1770 natum
1315 1742 1485 1769 necesse
1516 1734 1577 1769 est
1609 1741 1698 1769 esse
1729 1741 1900 1767 verum:

147 1800 356 1841 vestrum,
402 1796 586 1840 iudices,
632 1800 715 1841 est,
764 1795 828 1833 his
867 1794 907 1833 in
947 1806 1072 1833 unum
1113 1793 1251 1832 locum
1295 1792 1482 1838 collatis,
1543 1796 1694 1830 certam
1740 1803 1903 1830 sumere

147 1858 382 1903 scientiam,
429 1872 513 1897 non
554 1857 834 1911 suspicionem
873 1855 1078 1896 malelicii.
1148 1857 1251 1894 Nam
1282 1869 1408 1894 unum
1440 1854 1595 1908 aliquid
1627 1859 1697 1893 aut
1727 1854 1901 1893 alterum
1917 1866 1953 1891 2⁵

146 1925 283 1976 potest
311 1921 352 1961 in
384 1921 508 1960 istum
540 1932 636 1959 casu
667 1919 864 1959 cecidisse
896 1919 1153 1971 suspiciose3
1187 1923 1233 1958 ut
1263 1917 1400 1957 omnia
1431 1918 1537 1957 inter
1567 1931 1610 1956 se
1641 1929 1663 1956 a
1694 1917 1828 1970 primo
1851 1916 1903 1955 ad

146 1987 400 2037 postremum
446 1983 693 2023 conveniant
741 1979 998 2034 [maleficia]‚
1050 1995 1221 2021 necesse
1266 1985 1327 2020 est
1371 1993 1466 2020 casu
1506 1993 1589 2019 non
1631 1992 1752 2033 posse
1798 1976 1902 2018 fieri.

147 2045 382 2087 Vehemens
427 2045 530 2085 haec
577 2050 639 2084 est
685 2044 903 2084 exornatio
946 2049 987 2084 et
1030 2044 1072 2082 in
1112 2042 1380 2083 coniecturali
1421 2042 1713 2081 constitutione
1758 2052 1905 2080 causae

146 2106 279 2149 ferme
324 2121 489 2162 semper
527 2107 761 2148 necessaria
799 2112 840 2147 et
875 2107 917 2146 in
957 2107 1104 2147 ceteris
1144 2106 1367 2160 generibus
1404 2118 1617 2145 causarum
1650 2103 1762 2144 etin
1792 2102 1905 2143 omni

149 2171 337 2211 oratione
367 2169 605 2211 adhibenda
634 2183 950 2224 nonnunquam.
1920 2177 1954 2202 ³0

259 2235 387 2275 XLII.
435 2233 503 2273 54.
552 2232 762 2288 Expolitio
803 2238 894 2281 est,
944 2246 1036 2273 cum
1076 2232 1117 2271 in
1157 2233 1307 2272 eodem
1343 2231 1435 2272 loco
1476 2243 1690 2270 manemus
1723 2235 1764 2270 et
1794 2225 1905 2269 aliud

148 2301 270 2352 atque
308 2296 417 2337 aliud
463 2296 601 2337 dicere
647 2296 849 2336 videmur.
926 2297 982 2337 Ea
1026 2293 1244 2349 dupliciter
1284 2292 1353 2341 sit,
1400 2294 1433 2334 si
1472 2298 1543 2334 aut
1581 2293 1752 2333 eandem
1785 2292 1904 2346 plane

149 2361 334 2400 dicemus
365 2374 452 2400 rem
483 2363 554 2399 aut
584 2359 634 2398 de
666 2360 810 2399 eadem
831 2372 892 2399 re.
955 2360 1137 2399 Eandem
1159 2373 1247 2399 rem
1270 2356 1473 2404 dicemus,
1505 2370 1588 2396 non
1611 2356 1757 2396 eodem
1779 2354 1902 2393 modo

150 2419 258 2475 (nam
304 2422 345 2462 id
393 2418 590 2477 [quidem]
631 2422 864 2461 obtundere
909 2420 1140 2462 auditorem
1173 2426 1253 2467 est,
1303 2434 1388 2460 non
1430 2433 1517 2459 rem
1559 2416 1782 2470 expolire),
1832 2415 1904 2455 sed

149 2488 416 2524 commutate.
479 2484 832 2524 Commutabimus
853 2483 1095 2538 tripliciter:
1126 2484 1290 2531 verbis,
1315 2482 1645 2538 pronuntiando,
1672 2479 1951 2522 tractando.3s
1983 2496 1990 2502 ·

147 2545 296 2588 Verbis
326 2547 696 2594 commutabimus,
745 2560 857 2594 cum,
905 2561 950 2587 re
988 2545 1117 2587 semel
1157 2547 1290 2594 dicta,
1340 2546 1490 2586 iterum
1522 2548 1592 2584 aut
1622 2543 1783 2596 saepius
1814 2541 1902 2580 aliis

148 2607 310 2658 verbis,
356 2623 462 2664 quae
494 2610 604 2650 idem
638 2610 817 2656 valeant,
864 2611 1008 2649 eadem
1039 2624 1105 2650 res
1137 2609 1393 2663 proferetur,
1437 2609 1517 2647 hoc
1548 2607 1695 2646 modo:
1739 2604 1902 2644 Nullum

151 2676 307 2712 tantum
339 2678 402 2713 est
430 2672 682 2728 periculum,
729 2671 841 2727 quod
879 2672 1041 2726 sapiens
1080 2685 1156 2727 pro
1195 2671 1325 2712 salute
1367 2670 1524 2726 patriae
1555 2669 1763 2709 vitandum
1795 2665 1904 2706 arbi-

243 2818 276 2849 2.
304 2817 447 2858 infestus
472 2819 629 2860 coynatis
655 2817 854 2849 PABFRT:
891 2817 1035 2857 infestus
1061 2818 1099 2848 in
1124 2821 1292 2858 coqnulos
1320 2818 1360 2849 E.
1399 2833 1435 2838 —
1481 2815 1536 2847 13.
1572 2818 1618 2846 est
1645 2813 1687 2844 ab
1712 2813 1780 2843 isco
1804 2810 1904 2851 quid·

152 2873 255 2906 quam
281 2864 452 2896 PAFRT:
481 2871 526 2897 est
553 2865 743 2906 quidquam
767 2866 810 2897 ab
834 2866 901 2896 isto
930 2866 953 2895 B
972 2888 980 2903 ‚
1019 2865 1209 2904 quidquam
1235 2869 1283 2895 est
1308 2865 1350 2896 ab
1376 2865 1441 2894 *isto
1470 2863 1508 2893 E.
1551 2877 1588 2883 —
1629 2861 1675 2892 ad
1700 2858 1904 2899 maleficium

153 2928 165 2934 -
189 2927 203 2933 -
226 2921 297 2942 non
321 2910 425 2950 suerit
450 2921 517 2943 om.
545 2913 643 2943 PAF.
674 2912 766 2951 (add.
795 2921 861 2952 mg.
893 2911 950 2952 Α.)
967 2935 975 2947 ,
1003 2921 1110 2952 ‘neque
1134 2914 1265 2952 sactum
1288 2927 1302 2932 -
1325 2927 1338 2934 -
1361 2909 1466 2949 suerit
1493 2917 1560 2940 om.
1587 2908 1641 2944 R,
1677 2906 1757 2938 Seii.
1801 2905 1905 2942 (Sunt

153 2961 238 2991 meri
276 2967 408 2991 errores
447 2961 510 2990 orti
547 2969 586 2990 ex
622 2960 752 2998 duplici
790 2968 820 2989 v.
847 2958 981 2999 suerit.)
1007 2958 1213 3000 maleficium
1239 2963 1302 2990 auc
1327 2957 1457 2996 sactum
1481 2955 1570 2994 quod
1594 2962 1665 2985 non
1689 2961 1774 2993 opus
1800 2950 1904 2991 suerit

152 3005 193 3036 Τ.
221 3021 263 3026 —-
304 3005 359 3036 17.
389 3009 418 3037 et
441 3006 642 3048 perficiendi*
668 3016 735 3037 orn.
763 3005 848 3037 PFT
875 3009 909 3037 et
937 3014 987 3045 pr.
1015 3006 1056 3037 Α.
1075 3028 1083 3041 ,
1112 3006 1177 3037 det.
1207 3005 1286 3036 Sch.
1337 3004 1406 3034 Nos
1432 3003 1649 3035 seclusimus.
1688 3015 1724 3022 —
1771 2998 1826 3030 18.
1856 3000 1905 3029 est

153 3053 276 3083 occisio
303 3051 470 3083 PABFTz
499 3054 620 3084 occisio
649 3058 698 3084 esc
724 3053 777 3090 R,
807 3053 930 3083 occisio
955 3053 1038 3090 (om.
1066 3053 1128 3090 est)
1156 3052 1304 3084 Ernesti:
1332 3058 1469 3088 operae.
1501 3064 1539 3070 —
1583 3048 1638 3079 19.
1666 3047 1703 3077 in
1727 3047 1802 3086 ipso
1827 3044 1902 3075 loco

152 3099 310 3141 maleficii
335 3099 382 3134 T.
410 3099 448 3130 L.
479 3115 515 3121 —
543 3099 600 3130 20.
628 3099 758 3132 redisse
783 3099 949 3130 PBFRT:
977 3098 1117 3130 rediisse
1145 3099 1216 3129 ΑΕ.
1245 3115 1285 3120 -
1308 3101 1448 3137 postero
1474 3095 1520 3131 Ρ,
1551 3095 1586 3125 Ι...
1617 3111 1653 3117 -
1683 3093 1738 3125 22.
1765 3096 1795 3124 et
1822 3096 1902 3123 ante

152 3155 185 3178 v.
213 3146 429 3185 aryumentis
455 3154 522 3176 om.
549 3145 605 3176 FT
631 3151 665 3177 et
698 3155 748 3186 pr.
776 3146 814 3177 Ρ.
864 3145 938 3187 (pro
964 3149 994 3178 et
1020 3145 1049 3176 R
1072 3142 1230 3184 partim.)
1258 3159 1296 3166 -
1323 3142 1576 3184 arqumentatis
1610 3140 1682 3175 Ert'.
1709 3144 1742 3172 et.
1772 3148 1822 3178 pr.
1861 3137 1900 3176 P,

155 3202 222 3224 om.
243 3193 282 3224 T.
310 3192 378 3224 Nos
396 3191 610 3224 seclusimus.
637 3191 798 3232 (Videtur
815 3193 914 3233 gloss.
936 3198 1047 3224 ortum
1068 3202 1106 3224 ex
1125 3193 1231 3222 altero
1251 3190 1440 3221 tormentis.
1463 3188 1549 3224 On.)
1578 3202 1610 3208 -
1634 3187 1691 3218 2¹4.
1712 3186 1840 3216 iudices
1855 3188 1901 3215 est

154 3237 358 3283 PABFRT:
386 3243 453 3278 est,
480 3238 606 3269 iudices
634 3239 673 3270 E.
696 3255 735 3262 —
762 3240 819 3271 27.
848 3239 888 3270 V.
915 3239 1087 3279 maleficia
1113 3238 1253 3270 seclusit
1282 3236 1305 3267 E
1322 3259 1330 3273 ,
1359 3236 1426 3267 del.
1456 3235 1482 3266 L
1509 3239 1543 3267 et
1567 3234 1645 3266 Schv
1669 3249 1712 3254 —
1737 3232 1793 3264 28.
1819 3232 1901 3262 haec

154 3291 203 3318 est
229 3282 428 3318 PABFRT:
457 3289 504 3314 est
529 3285 610 3316 haec
636 3285 674 3316 E.
705 3301 744 3308 —
770 3286 824 3317 32.
850 3286 953 3324 plane
979 3294 1046 3317 oin.
1075 3285 1141 3315 FT.
1173 3299 1209 3306 -
1238 3282 1292 3314 33.
1321 3282 1472 3313 dicemus
1497 3291 1569 3313 rem
1588 3281 1697 3316 PBR,
1726 3279 1820 3317 Ert'.,
1847 3277 1899 3309 L:

153 3340 227 3364 rem
251 3334 397 3366 dicemus
421 3331 553 3364 AFTE.
585 3347 621 3354 —
650 3331 707 3364 34.
733 3330 881 3374 quidem]
908 3333 1000 3373 quod
1023 3332 1073 3370 P,
1100 3340 1168 3363 om.
1197 3329 1286 3361 BRT
1312 3330 1458 3371 aliique.
1507 3328 1577 3362 Nos
1602 3328 1816 3360 seclusimus.
