2117 3762
708 269 801 308 Llll.
839 266 887 305 ll.
951 269 993 306 tl.
1029 269 1092 306 73.
1126 269 1188 308 74.
1223 270 1288 307 75.
1795 274 1864 312 281

128 370 344 412 vidissent·
389 371 639 411 meminisse.
703 369 780 411 Sed
827 384 960 426 neque
992 379 1166 428 propter
1208 374 1286 412 hoc
1317 372 1579 413 Themistocli
1629 386 1868 427 responsum

125 433 350 473 memoriae
384 433 504 473 nobis
533 446 658 487 opera
690 430 822 472 danda
852 447 932 472 non
960 440 1020 473 est
1050 448 1181 488 neque
1214 434 1279 474 illa
1312 447 1401 474 mea
1436 434 1570 474 cautio
1603 440 1643 474 ct
1678 435 1871 476 timiditas

125 495 165 534 in
198 496 330 535 causis
367 501 536 549 propter
573 498 846 548 praestantem
879 495 1138 549 prudentiam
1173 495 1307 536 Crassi
1345 494 1588 548 negligenda
1624 502 1698 537 est.
1761 499 1873 538 l'ter—

124 570 205 610 que
238 559 345 597 euim
384 557 556 597 istorum
587 569 668 596 non
699 554 796 595 mibi
829 557 960 597 attulit
988 557 1187 612 aliquam,
1218 557 1289 598 scd
1323 571 1436 598 suam
1474 558 1717 611 significavit
1750 558 1873 599 facul-

124 624 264 659 tatem.
325 621 418 659 301.
448 618 610 658 Etenim
640 617 841 671 permulta
876 624 968 659 sunt
999 620 1039 659 in
1067 619 1200 660 causis
1229 619 1268 660 in
1295 619 1406 660 omni
1429 626 1543 674 parte
1575 620 1774 661 orationis
1794 621 1902 661 cir-s

126 679 454 736 cumspicienda,
501 692 551 720 ne
591 680 687 732 quid
729 679 936 727 offendas,
986 695 1036 721 ne
1076 694 1157 735 quo
1199 680 1345 720 irruas.
1409 684 1539 736 Saepe
1581 681 1729 735 aliquis
1761 682 1873 723 testis

125 748 194 782 aut
223 756 305 783 non
336 741 458 783 laedit
487 747 558 781 aut
589 742 722 782 minus
755 743 896 788 laedit,
942 742 1018 783 nisi
1048 741 1292 790 lacessatur;
1339 749 1428 782 orat
1460 757 1579 789 rcus,
1624 750 1773 797 urgent
1803 745 1874 784 ad·

126 805 281 851 vocati,
313 810 358 844 ut
387 804 650 849 invehamur,
684 810 725 844 ut
757 804 860 844 male
892 804 1098 850 dicamus,
1132 802 1311 857 denique
1343 809 1385 844 ut
1415 804 1742 856 interrogemus:
1791 819 1871 847 non

125 878 319 912 moveor,
361 879 444 905 non
474 863 740 919 obtempero,
787 880 869 907 11011
908 864 1138 913 satisfacio;
1189 879 1323 918 neque
1356 871 1489 906 tamen
1522 868 1645 906 ullam
1676 880 1874 921 assequor

123 926 299 968 laudem.
360 927 560 967 Homines
602 927 709 967 cuim
751 927 929 981 imperiti
968 926 1152 975 facilius,
1205 929 1315 980 quod
1357 928 1478 967 stulte
1509 927 1687 976 dixeris,
1734 942 1922 984 repre-¹0

123 990 305 1029 hendere
346 1001 495 1042 quam,
547 991 657 1043 quod
700 991 911 1042 sapienter
955 988 1153 1034 iacueris,
1204 989 1370 1028 laudare
1413 995 1596 1042 possunt.
1659 992 1754 1030 302.
1796 990 1872 1031 Hic

122 1055 317 1105 quantum
350 1048 393 1089 fit
424 1050 544 1098 mali,
578 1051 610 1091 si
643 1051 817 1099 iratum,
861 1053 894 1092 si
924 1064 1006 1091 non
1039 1049 1232 1096 stultum,
1276 1049 1309 1089 si
1340 1064 1420 1090 non
1453 1049 1584 1090 levem
1618 1057 1759 1092 testem
1794 1052 1875 1093 lae-

122 1113 245 1152 serisl
279 1111 414 1153 Habet
444 1113 552 1153 enim
583 1119 622 1153 et
652 1113 902 1154 voluntatem
934 1111 1110 1153 nocendi
1142 1111 1181 1150 in
1214 1111 1428 1152 iracundia
1459 1119 1500 1152 et
1531 1112 1611 1153 vim
1644 1113 1683 1153 in
1708 1113 1874 1167 ingenio

122 1180 162 1214 et
192 1175 354 1228 pondus
386 1174 427 1214 in
460 1175 564 1223 vita3
603 1187 701 1222 nec,
742 1174 775 1215 si
807 1174 885 1215 hoc
917 1175 1085 1216 Crassus
1116 1186 1198 1213 non
1230 1173 1471 1221 committit,
1520 1174 1614 1214 ideo
1647 1189 1727 1215 non
1759 1176 1874 1217 multi

122 1240 162 1276 et
190 1249 313 1289 saepe
344 1236 616 1277 committunt.
676 1238 767 1285 Quo
799 1235 965 1292 quidem
997 1234 1097 1276 mibi
1130 1234 1292 1288 turpius
1319 1234 1448 1275 videri
1472 1235 1574 1276 nibil
1595 1238 1719 1283 solet,
1752 1251 1870 1291 quam
1890 1251 1920 1275 ις

121 1310 212 1338 eum
243 1311 295 1338 ex
326 1300 503 1338 oratoris
533 1300 642 1340 dicto
686 1298 824 1354 aliquo
863 1305 932 1339 aut
978 1310 1175 1352 responso
1215 1302 1285 1337 aut
1323 1303 1469 1350 rogatu
1513 1311 1651 1339 sermo
1697 1298 1765 1339 ille
1811 1313 1873 1339 se-

122 1358 284 1413 quitur,
334 1359 559 1404 Occidit.
634 1362 1118 1401 Adversariumne?
1169 1360 1324 1399 Immo
1370 1372 1519 1404 vero,
1569 1359 1706 1407 aiunt,
1742 1374 1793 1401 se
1825 1367 1873 1401 et

122 1434 259 1468 eum,
308 1436 457 1475 quem
498 1420 761 1462 defendit.
823 1423 987 1462 LXXV.
1021 1422 1116 1464 303.
1162 1421 1252 1461 Hoc
1297 1421 1466 1461 Crassus
1510 1434 1592 1462 non
1635 1427 1750 1476 putat
1794 1422 1871 1463 nisi

119 1482 291 1538 perfidia
333 1483 520 1524 accidere
560 1497 705 1538 posse3
752 1497 828 1538 ego
867 1490 1003 1526 autem
1043 1483 1283 1535 saepissime
1323 1481 1444 1524 video
1483 1484 1525 1522 in
1555 1483 1689 1524 causis
1720 1483 1871 1538 aliquid

121 1545 216 1586 mali
259 1544 396 1586 facere
440 1545 628 1587 homines
672 1546 839 1587 minime
883 1546 1029 1587 malos.
1093 1546 1225 1594 Quid,
1277 1544 1397 1592 illud,
1444 1544 1556 1600 quod
1595 1559 1719 1598 supra
1758 1545 1922 1593 dixi,2o

121 1607 256 1648 solere
286 1622 353 1649 me
384 1612 530 1650 cedere
562 1614 622 1655 et,
668 1615 713 1649 ut
743 1608 903 1663 planius
934 1608 1090 1654 dicam,
1132 1606 1275 1659 fugere
1306 1620 1377 1654 ea,
1420 1621 1525 1662 quae
1555 1609 1675 1648 valde
1708 1621 1870 1648 causam

121 1684 253 1711 meam
285 1677 540 1725 premerent,
571 1685 662 1712 cum
694 1670 735 1712 id
766 1685 847 1711 non
879 1670 1031 1711 faciunt
1055 1669 1123 1710 alii
1146 1675 1442 1722 versanturque
1463 1669 1503 1709 in
1525 1668 1705 1710 hostium
1730 1671 1873 1711 castris

121 1747 167 1773 ac
197 1747 270 1774 sua
299 1733 507 1788 praesidia
537 1731 765 1779 dimittunt,
800 1732 1118 1773 mediocriterne
1150 1732 1283 1772 causis
1315 1737 1485 1778 nocent,
1518 1743 1612 1771 cum
1642 1737 1711 1772 aut
1730 1731 1875 1772 adver-

121 1795 323 1836 sariorum
354 1796 589 1836 adiumenta
619 1793 863 1835 confirmant
893 1801 962 1835 aut
993 1807 1061 1840 ea,
1111 1806 1216 1848 quae
1246 1806 1390 1833 sanare
1433 1800 1662 1847 nequeunt,
1710 1793 1875 1834 exulce-

121 1860 237 1897 rant?
286 1858 382 1898 304.
418 1855 550 1906 Quid,
591 1869 684 1897 cum
717 1869 1012 1909 personarum,
1046 1869 1147 1911 quas
1177 1854 1424 1903 defendunt,
1456 1856 1657 1896 rationem
1687 1870 1770 1897 non
1801 1855 1872 1897 ha-
1887 1872 1921 1896 25

124 1917 250 1959 bent?
301 1919 369 1966 Si,
403 1932 508 1973 quae
546 1924 639 1958 sunt
679 1919 722 1958 in
752 1919 816 1959 his
846 1917 1073 1964 invidiosa,
1125 1930 1208 1958 11011
1239 1916 1427 1970 mitigant
1457 1920 1744 1966 extenuando,
1797 1920 1869 1959 sed

120 1980 325 2021 laudando
365 1985 406 2021 et
443 1978 656 2021 efferendo
696 1979 964 2021 invidiosiora
1004 1979 1180 2026 faciunt,
1231 1983 1430 2031 quantum
1462 1978 1594 2019 estin
1627 1992 1676 2020 eo
1708 1978 1872 2020 tandem

120 2042 240 2083 1113111
292 2041 426 2092 Quid,
465 2040 499 2082 si
528 2043 570 2082 in
599 2042 791 2082 homines
821 2055 940 2082 caros
971 2040 1260 2094 iudicibusque
1291 2039 1493 2081 iucundos
1524 2041 1612 2081 sine
1643 2040 1726 2081 ulla
1756 2054 1876 2095 prae-

119 2105 348 2146 munitione
378 2105 577 2145 orationis
608 2102 799 2144 acerbius
830 2110 870 2145 et
911 2102 1249 2144 contumeliosius
1289 2101 1511 2150 invehare,
1563 2116 1701 2143 nonne
1732 2104 1806 2144 abs
1835 2108 1874 2143 te

120 2166 278 2208 iudices
316 2166 555 2208 abalienes?
606 2168 701 2207 305.
736 2165 865 2215 Quid,
912 2167 970 2214 si,
1018 2178 1122 2220 quae
1165 2164 1263 2206 vitia
1299 2170 1368 2206 aut
1405 2164 1669 2206 incommoda
1705 2169 1799 2205 sunt
1833 2164 1874 2205 in
1888 2179 1923 2204 ³0

120 2228 259 2284 aliquo
294 2228 431 2270 iudice
460 2241 546 2269 uno
580 2234 650 2269 aut
679 2227 891 2283 pluribus,
925 2241 972 2269 ea
1004 2233 1048 2268 tu
1081 2225 1151 2281 [in]
1189 2225 1438 2268 adversariis
1470 2224 1763 2280 exprobrando
1794 2239 1875 2267 non

120 2290 324 2344 intelligas
353 2296 393 2332 te
422 2291 463 2330 in
493 2289 650 2330 iudices
680 2290 839 2336 invehi,
880 2289 1090 2331 mediocre
1120 2295 1335 2342 peccatum
1366 2291 1458 2330 est?
1508 2289 1642 2338 Quid,
1682 2289 1738 2336 si,
1780 2301 1873 2328 cum

123 2366 198 2408 pro
221 2354 353 2394 altero
373 2351 505 2399 dicas,
537 2351 650 2392 litem
680 2357 793 2392 tuam
823 2351 948 2393 facias
978 2359 1046 2393 aut
1075 2352 1208 2394 laesus
1230 2350 1407 2393 efferare
1437 2349 1675 2399 iracundia,
1707 2362 1871 2390 causam

122 2414 350 2469 relinquas,
382 2413 537 2454 nihilne
568 2417 747 2455 noceas?
786 2415 831 2454 In
863 2428 945 2468 quo
977 2427 1081 2467 ego,
1115 2426 1198 2455 non
1228 2427 1313 2467 quo
1342 2413 1520 2454 libenter
1549 2414 1655 2454 male
1686 2413 1872 2458 audiam,

119 2478 192 2518 sed
222 2477 317 2532 quia
348 2489 514 2517 causam
544 2490 628 2516 non
658 2474 833 2517 libenter
863 2475 1079 2531 relinquo,
1111 2474 1282 2516 nimium
1312 2474 1475 2528 patiens
1506 2479 1547 2515 et
1577 2475 1710 2515 lentus
1735 2473 1873 2514 existi·
1885 2487 1920 2511 ³5

120 2552 236 2588 m0r;
282 2543 348 2587 ut,
381 2551 473 2579 eum
504 2543 544 2578 te
575 2539 733 2592 ipsum,
768 2537 943 2591 Sulpici,
975 2536 1272 2590 obiurgabam‚
1301 2535 1414 2592 quod
1441 2536 1764 2578 ministratorem
1794 2549 1867 2587 pe-

120 2606 251 2649 teres,
283 2614 369 2642 non
398 2601 694 2641 adversarium.
753 2601 817 2640 Ex
849 2612 931 2654 quo
963 2600 1085 2640 etiam
1113 2598 1213 2640 illud
1243 2612 1467 2654 assequor,
1501 2603 1564 2646 ut,
1599 2599 1631 2638 si
1655 2598 1745 2652 quis
1766 2595 1864 2636 mihi

120 2662 226 2704 male
257 2662 386 2711 dicat,
417 2661 603 2717 petulans
633 2666 704 2702 aut
731 2661 851 2716 plane
882 2660 1049 2702 insanus
1078 2674 1167 2701 esse
1196 2659 1401 2702 videatur.
1462 2662 1557 2701 306.
1590 2662 1634 2700 In
1665 2659 1762 2711 ipsis
1791 2671 1863 2698 au-

122 2730 205 2765 tem
233 2723 485 2777 argumentis
514 2725 548 2765 si
579 2723 676 2779 quid
705 2725 894 2778 posueris
925 2728 995 2764 aut
1023 2728 1163 2777 aperte
1192 2721 1339 2763 falsum
1368 2726 1436 2763 aut
1466 2721 1528 2770 ei,
1567 2722 1678 2776 quod
1707 2719 1861 2760 dixeris

121 2784 355 2827 dicturusve
385 2785 464 2834 sis,
512 2784 765 2827 contrarium
795 2790 865 2826 aut
894 2798 1046 2838 genere
1076 2784 1167 2839 ipso
1197 2790 1402 2826 remotum
1433 2782 1484 2825 ab
1514 2797 1590 2824 usu
1621 2781 1867 2823 iudiciorum
1887 2795 1922 2819 40

121 2862 168 2888 ac
198 2848 311 2896 foro,
342 2848 497 2889 nihilne
526 2850 702 2889 noceas?
734 2847 841 2896 Quid
863 2846 1019 2888 multa?
1049 2846 1183 2888 omnis
1214 2860 1312 2887 cura
1341 2860 1433 2887 mea
1462 2845 1566 2886 solet
1596 2845 1636 2883 in
1668 2845 1745 2883 hoc
1778 2855 1871 2882 ver-

215 2956 246 2985 1.
274 2954 506 2986 Themistoclis
531 2955 572 2987 R.
606 2971 642 2976 -
678 2955 712 2985 2.
741 2963 846 2993 opera
871 2952 1004 2992 danda]
1033 2953 1213 2992 operanda
1240 2953 1312 2984 ΑΒ.
1343 2968 1379 2974 -
1420 2952 1455 2983 3.
1500 2951 1579 2981 Uter
1603 2950 1642 2980 Β.
1680 2965 1708 2971 -
1748 2949 1782 2980 6.
1810 2950 1875 2981 alit

125 3001 174 3037 B,
203 3000 338 3040 aliquid
364 3001 404 3031 R.
435 3017 471 3022 —
515 3001 545 3032 7.
578 3007 726 3043 uryuent
754 3002 791 3032 Β.
823 3018 860 3023 -
903 3000 938 3031 8.
966 3002 1027 3030 aut
1052 2999 1143 3029 male
1167 3000 1207 3030 Α.
1238 3016 1280 3021 -
1317 2999 1371 3029 13.
1400 3003 1429 3028 et
1456 3003 1534 3028 ante
1560 2996 1776 3027 voluntatem
1802 3004 1871 3027 om.

121 3049 163 3079 R.
196 3064 231 3070 —
261 3048 299 3077 in
324 3051 404 3078 ante
429 3047 613 3079 iracundia
639 3057 708 3079 om.
729 3048 770 3078 Α.
796 3064 831 3069 -
862 3047 918 3078 15.
947 3046 1085 3085 turpius
1110 3045 1223 3076 videri
1244 3045 1302 3076 ΑΒ
1329 3045 1482 3082 aliique:
1510 3042 1623 3074 videri
1647 3043 1784 3081 turpius
1801 3042 1871 3074 RE.

122 3095 178 3126 16.
205 3091 294 3133 cum]
331 3094 422 3132 quod
450 3093 487 3124 B.
519 3111 556 3116 --
598 3094 663 3129 17..
685 3094 819 3125 Occidit
845 3093 903 3124 ΑΒ
929 3092 1081 3131 aliique,
1109 3092 1158 3122 R:
1187 3091 1320 3122 Occidit
1343 3091 1401 3121 illc
1428 3089 1466 3120 E.
1505 3106 1542 3112 —
1583 3088 1642 3121 ‘20-
1669 3095 1735 3129 quo
1761 3087 1801 3119 B.
1831 3103 1871 3110 —-

121 3142 178 3172 2¹.
207 3140 409 3175 concedere,
437 3142 475 3169 ut
500 3144 531 3170 et
557 3140 598 3171 R.
627 3157 668 3162 —
705 3140 761 3171 23.
792 3143 853 3171 aut
878 3144 958 3171 ante
985 3138 1270 3169 adversariorum
1296 3144 1364 3167 om.
1394 3136 1434 3166 R.
1466 3152 1501 3156 —
1545 3134 1602 3165 27.
1630 3137 1801 3175 quantum
1827 3138 1874 3165 est

121 3189 159 3218 in
184 3187 300 3218 ABR:
331 3189 496 3226 quantum
521 3187 557 3216 in
583 3194 659 3218 cum
686 3185 826 3218 Grutert
856 3188 970 3225 operis
1000 3185 1035 3215 E.
1064 3199 1105 3207 —
1140 3183 1198 3214 28.
1223 3182 1267 3222 st]
1293 3183 1323 3213 ei.
1349 3182 1389 3212 Λ.
1418 3195 1459 3203 —-
1485 3181 1542 3213 29.
1569 3189 1591 3211 a
1616 3186 1647 3213 te
1675 3181 1700 3212 B
1725 3181 1872 3220 aliique,

123 3233 164 3265 T.
194 3250 229 3256 —
259 3233 315 3264 30.
344 3241 414 3272 qua
437 3232 495 3262 via
522 3231 559 3261 B.
590 3249 630 3253 ——
657 3231 714 3263 31.
742 3234 779 3263 in
808 3233 966 3264 Ernestio
992 3236 1131 3263 auctore
1158 3230 1302 3262 seclusit
1322 3227 1472 3259 Ellendt.
1521 3227 1657 3260 Detevit
1675 3227 1872 3266 Stephanus

123 3284 157 3312 et
183 3279 383 3311 Lambinus.
423 3292 462 3298 -
505 3276 562 3309 35.
597 3279 680 3317 quia
714 3286 856 3310 causam
879 3279 937 3309 ΑΒ
963 3277 1113 3317 alitque:
1155 3277 1238 3317 quia
1263 3282 1322 3316 eqo
1355 3281 1495 3306 causam
1521 3273 1590 3307 RE.
1628 3289 1667 3297 —
1709 3273 1766 3306 38.
1795 3270 1870 3312 aut]

124 3330 160 3357 ut
185 3326 257 3358 ΑΒ.
290 3344 324 3349 -
356 3325 410 3356 stt.
441 3333 480 3355 ac
507 3322 583 3362 soro
610 3340 620 3344 -
647 3340 658 3346 —
683 3324 821 3356 multa?
848 3333 915 3356 om.
944 3324 1013 3356 AB.
