2117 3762
730 271 828 310 LlB.
862 268 913 309 11.
976 269 1019 311 C.
1052 269 1118 310 25.
1149 269 1215 312 26.
1244 268 1312 309 27.
1811 269 1891 310 243

147 382 262 431 ptum
291 389 314 417 a
344 377 548 417 sententia
577 374 805 427 discrepat,
852 389 979 428 genus
1015 376 1220 431 quoddam
1252 371 1377 415 habet
1405 370 1612 426 ambigui;
1665 373 1776 427 quod
1808 378 1894 414 tum

147 438 399 492 explicatur,
446 452 538 479 cum
570 451 618 478 ea
647 439 793 483 verba,
837 451 940 492 quae
973 440 1139 485 desunt,
1180 441 1372 492 suggesta
1402 440 1517 483 sunt;
1565 431 1714 489 quibus
1745 435 1894 474 additis

147 500 382 542 defenditur
412 500 654 542 sententiam
685 498 824 554 scripti
856 500 1111 555 perspicuam
1142 501 1291 549 suisse3
1327 513 1379 540 ex
1403 496 1701 551 contrariisque
1732 496 1896 548 scriptis

148 563 182 605 si
212 563 310 618 quid
340 563 582 617 ambigitur,
634 577 717 603 non
757 578 909 605 novum
950 577 1079 618 genus
1117 563 1318 619 nascitur,
1369 559 1442 602 sed
1472 559 1701 613 superioris
1733 558 1896 612 generis

149 641 270 668 causa
302 625 544 682 duplicatur.
606 624 734 680 quue
773 633 841 667 aut
878 640 1086 682 nunquam
1128 624 1343 666 diiudicari
1381 622 1536 679 poterit
1565 627 1634 664 aut
1663 623 1718 663 ita
1749 620 1928 662 diiudi-⁵

148 690 332 737 cabitur,
366 695 410 730 ut
441 686 670 729 referendis
702 690 930 743 praeteritis
963 687 1099 731 verbis
1130 688 1170 729 id
1201 686 1426 740 scriptum,
1460 684 1735 741 quodcunque
1757 683 1900 725 desen-

149 751 313 800 demus,
345 751 596 806 suppleatur.
659 752 717 792 Ita
748 751 810 799 lit,
853 759 894 793 ut
924 766 1051 793 unum
1083 765 1211 805 genus
1244 752 1284 790 in
1315 750 1364 790 iis
1396 750 1551 796 causis,
1595 761 1700 802 quae
1732 751 1901 802 propter

149 817 345 868 scriptum
391 812 679 867 ambiguntur,
729 814 1011 869 relinquatur,
1061 815 1094 855 si
1141 818 1202 854 est
1246 813 1443 866 scriptum
1489 810 1642 866 aliquid
1689 809 1898 863 ambigue.

153 879 245 918 111.
278 874 577 930 Ambiguorum
608 882 743 917 autem
774 891 866 918 cum
897 877 1014 932 plura
1044 888 1196 931 genera
1227 879 1341 920 sunt,
1379 873 1497 929 (quac
1528 872 1628 914 mihi
1658 874 1851 914 videntur
1872 870 1903 912 ii

149 938 297 981 melius
326 951 470 986 nosse,
517 937 588 994 qui
617 938 818 981 dialectici
849 939 1131 993 appellantur,
1173 938 1215 978 hi
1245 942 1381 978 autem
1411 935 1540 977 nostri
1570 937 1784 989 ignorare,
1831 934 1952 991 quino

149 1015 233 1043 non
264 1000 398 1041 minus
428 1014 550 1041 nosse
583 1003 799 1055 debeantz)
832 1009 917 1043 tum
949 1001 1048 1043 illud
1078 1006 1140 1042 est
1170 998 1553 1055 frequentissimum
1586 999 1627 1038 in
1659 999 1772 1039 omni
1803 1011 1903 1039 con-

149 1062 364 1106 suetudine
393 1062 459 1104 vel
489 1066 692 1105 sermonis
724 1064 790 1106 vel
821 1064 980 1118 scripti,
1017 1077 1110 1104 cum
1139 1061 1296 1103 idcirco
1329 1059 1485 1116 aliquid
1515 1059 1758 1114 ambigitur,
1792 1062 1904 1116 quod

149 1132 219 1168 aut
247 1126 421 1167 verbum
452 1132 520 1167 aut
549 1128 676 1168 verba
715 1129 794 1168 sint
832 1127 1136 1180 praetermissa.
1200 1127 1290 1166 112.
1337 1125 1491 1165 Iterum
1536 1128 1672 1164 autem
1714 1129 1904 1178 peccant,

151 1202 244 1231 cum
274 1202 403 1244 genus
433 1190 511 1230 hoc
542 1202 780 1236 causarum,
826 1191 936 1244 quod
972 1190 1014 1230 in
1051 1188 1191 1244 scripti
1228 1185 1571 1240 interpretatione
1601 1191 1808 1234 versatur,
1855 1185 1906 1228 ab

138 1248 230 1294 'illis
259 1252 416 1299 causis,
465 1250 508 1292 in
538 1251 709 1308 quibus,
758 1252 890 1306 qualis
922 1265 1109 1307 quaeque
1140 1264 1208 1292 res
1238 1251 1310 1298 sit,
1351 1248 1626 1304 disceptatur,
1667 1249 1903 1304 seiungunt.
1921 1256 1956 1283 ¹⁵

149 1318 359 1370 Nusquam
402 1314 512 1354 enim
557 1320 638 1356 tam
678 1316 913 1371 quaeritur,
964 1315 1086 1370 quale
1123 1315 1176 1355 sit
1214 1326 1344 1367 genus
1384 1310 1520 1366 ipsum
1560 1312 1650 1359 rei,
1702 1324 1825 1366 quam
1863 1310 1907 1352 in

151 1379 331 1433 scripto,
382 1377 494 1431 quod
533 1381 665 1419 totum
695 1392 719 1419 a
747 1377 843 1419 facti
875 1378 1157 1420 controversia
1192 1380 1426 1431 separatum
1459 1379 1533 1415 est.
1599 1375 1691 1414 113.
1733 1375 1794 1415 Ita
1832 1373 1909 1415 tria

152 1446 247 1482 sunt
285 1438 454 1481 omnino
496 1453 677 1493 genera,
730 1455 834 1495 quae
872 1441 915 1482 in
954 1440 1295 1494 disceptationem
1335 1442 1376 1478 ct
1405 1435 1731 1478 controversiam
1762 1434 1910 1478 cadere

151 1502 333 1557 possint:
368 1499 478 1550 Quid
507 1500 588 1551 fiat,
620 1503 772 1545 factum
802 1502 1040 1545 futurumve
1067 1501 1141 1552 sit;
1173 1507 1267 1543 aut:
1304 1500 1437 1550 Quale
1459 1500 1531 1550 sit;
1562 1504 1652 1540 aut:
1688 1500 1909 1549 Quomodo

154 1564 405 1607 nominetur.
466 1569 568 1607 Nam
598 1565 700 1608 illud
730 1565 921 1621 quidem,
955 1566 1068 1619 quod
1094 1565 1259 1621 quidam
1284 1563 1431 1605 Graeci
1451 1563 1700 1615 adiungunt:
1733 1563 1911 1602 Rectene
1924 1575 1960 1601 20

152 1628 305 1670 factum
337 1632 409 1679 sit,
441 1635 571 1672 totum
600 1629 643 1669 in
676 1642 726 1670 eo
758 1634 848 1670 est:
903 1627 1060 1678 «Quale
1089 1628 1182 1669 sit.»
1243 1626 1413 1669 XXVII.
1451 1626 1533 1667 Sed
1562 1624 1643 1666 iam
1672 1622 1725 1666 ad
1753 1623 1911 1666 institu-

155 1698 241 1734 tum
271 1699 458 1734 revertar
488 1705 640 1734 meum.

270 1758 360 1798 114.
407 1759 508 1798 Cum
538 1755 689 1809 igitur,
734 1760 903 1809 accepto
935 1767 1082 1795 causae
1113 1766 1265 1808 genere
1296 1756 1337 1794 et
1367 1751 1557 1806 cognito,
1603 1764 1695 1793 rem
1735 1755 1911 1793 tractare

155 1820 296 1876 coepi,
327 1821 431 1861 nihil
461 1818 577 1872 prius
608 1818 814 1859 constituo
845 1830 990 1872 quam,
1022 1815 1121 1872 quid
1151 1817 1203 1857 sit
1232 1814 1352 1863 illud,
1384 1828 1467 1870 quo
1498 1812 1598 1855 mihi
1620 1814 1671 1855 sit
1694 1812 1911 1855 referenda

156 1881 291 1923 omnis
332 1881 400 1922 illa
443 1880 601 1929 oratio,
650 1895 755 1935 quae
795 1879 847 1921 sit
885 1879 1056 1935 propria
1096 1877 1347 1934 quaestionis
1379 1883 1419 1918 et
1448 1876 1611 1926 iudicii;
1656 1875 1804 1917 deinde
1842 1875 1961 1917 illa25

157 1946 240 1986 duo
281 1943 595 1998 diligentissime
638 1943 882 1989 considero,
927 1955 1107 1996 quorum
1144 1942 1321 1982 alterum
1361 1938 1760 1980 commendationem
1790 1937 1915 1980 habet

156 2012 342 2048 nostram
378 2012 450 2046 aut
489 2019 660 2054 eorum,
710 2019 814 2060 quos
844 2002 1121 2052 defendimus,
1167 2005 1343 2044 alterum
1384 2007 1446 2043 est
1476 2003 1831 2043 accommodatum
1861 2000 1913 2042 ad

157 2083 302 2111 eorum
330 2069 516 2118 animos,
550 2069 660 2122 apud
690 2081 796 2124 quos
827 2067 1021 2115 dicimus,
1061 2065 1112 2107 ad
1141 2067 1208 2114 id,
1253 2066 1366 2121 quod
1395 2064 1608 2114 volumus,
1649 2077 1914 2106 commoven-

158 2134 249 2174 dos.
313 2133 407 2173 115.
459 2133 520 2172 Ita
562 2132 696 2173 omnis
738 2129 842 2172 ratio
883 2128 1048 2171 dicendi
1088 2128 1219 2170 trihus
1255 2127 1307 2169 ad
1336 2129 1667 2183 persuadendum
1698 2129 1822 2168 rebus
1853 2131 1916 2168 est

158 2197 279 2237 nixa:
310 2200 356 2236 ut
374 2196 602 2248 probemus
623 2207 721 2235 vera
742 2207 832 2235 esse
847 2227 856 2243 ,
887 2207 994 2248 quae
1016 2191 1295 2240 defendimus;
1327 2195 1374 2230 ut
1394 2191 1659 2231 conciliemus
1681 2202 1753 2231 eos
1774 2189 1911 2237 nohis,
1928 2199 1963 2224 ³⁰

160 2258 232 2312 qui
262 2256 458 2308 audiunt3
490 2262 535 2298 ut
564 2258 722 2298 animos
754 2269 921 2304 eorum,
953 2258 1004 2297 ad
1036 2265 1325 2310 quemcunque
1348 2266 1471 2294 causa
1489 2253 1717 2306 postulabit
1738 2257 1911 2300 motum,

160 2333 374 2362 vocemus.
438 2321 531 2361 116.
564 2318 627 2362 Ad
656 2317 917 2373 probandum
946 2323 1085 2360 autem
1115 2317 1274 2370 duplex
1304 2320 1366 2356 est
1395 2316 1552 2356 oratori
1584 2315 1767 2356 subiecta
1786 2320 1916 2356 mate-

160 2383 266 2426 ries:
316 2396 398 2424 una
427 2396 569 2424 rerum
599 2395 763 2430 earum,
806 2394 912 2437 quae
942 2393 1026 2422 non
1057 2380 1345 2433 excogitantur
1374 2380 1426 2419 ab
1459 2383 1648 2427 oratore,
1696 2379 1768 2418 sed
1798 2378 1839 2417 in
1872 2389 1915 2417 re

159 2447 322 2502 positae
365 2446 526 2487 ratione
568 2450 814 2487 tractantur:
865 2450 910 2485 ut
951 2441 1146 2491 tabulae,
1191 2442 1447 2491 testimonia,
1495 2446 1639 2497 pacta,
1687 2444 1912 2486 conventa,

161 2509 447 2566 quaestiones,
491 2510 624 2563 leges,
665 2513 829 2550 senatus
859 2506 1068 2554 consulta,
1111 2517 1177 2545 res
1206 2503 1437 2553 iudicatae,
1471 2504 1657 2551 decreta,
1687 2509 1962 2555 responsa,³⁵

161 2572 344 2629 reliqua,
374 2572 409 2614 si
439 2584 545 2628 quae
574 2576 693 2619 sunt,
726 2583 832 2626 quae
861 2583 944 2611 non
974 2569 1025 2609 ab
1057 2572 1223 2609 oratore
1245 2567 1485 2621 pariuntur,
1520 2564 1595 2607 sed
1623 2566 1675 2606 ad
1705 2569 1913 2605 oratorem

256 2679 290 2712 3.
317 2689 360 2713 ez
383 2679 644 2721 contrariisque
670 2677 779 2710 Codd.
800 2677 842 2710 al.
865 2677 916 2708 R:
944 2679 975 2708 et
1001 2675 1189 2707 contrariis
1214 2673 1295 2714 AB,
1322 2675 1353 2705 et
1379 2681 1424 2705 ex
1447 2673 1635 2705 contrariis
1655 2671 1695 2704 E.
1718 2687 1757 2693 —-
1783 2670 1816 2702 4.
1843 2678 1914 2701 non

165 2735 234 2759 om.
261 2727 301 2758 B.
332 2744 372 2750 —-
409 2726 466 2758 sed
492 2735 560 2758 om.
587 2725 658 2758 AB.
690 2741 725 2747 —
769 2725 803 2756 6.
831 2729 869 2756 ut
895 2724 937 2755 de
959 2721 1148 2763 referendis
1173 2720 1273 2753 Voss.
1302 2721 1342 2751 B.
1374 2737 1412 2744 -
1459 2720 1677 2761 defendemus
1701 2718 1799 2749 Voss.
1826 2716 1912 2748 AB:

165 2773 376 2813 defendimus
390 2773 465 2804 RE.
486 2788 528 2794 —
553 2772 587 2804 9.
617 2781 691 2804 cum
713 2771 820 2812 plura
846 2770 956 2802 Codd.
985 2769 1056 2802 ah:
1103 2768 1283 2807 complura
1308 2767 1384 2798 RE.
1425 2767 1492 2805 (De
1519 2767 1576 2797 AB
1604 2774 1671 2797 non
1698 2761 1835 2804 liquet.)
1866 2779 1910 2784 —

166 2818 207 2860 ii]
234 2821 272 2852 in
296 2819 340 2857 A,
361 2828 428 2852 om.
449 2819 492 2851 R.
514 2837 551 2843 —
581 2820 637 2851 11.
661 2816 747 2858 tum]
777 2827 853 2850 cum
872 2818 914 2849 R.
932 2833 976 2838 —
1002 2815 1058 2847 16.
1083 2812 1169 2854 tam]
1188 2819 1326 2847 tantum
1342 2814 1385 2845 R.
1408 2829 1444 2836 —
1474 2812 1530 2844 19.
1554 2814 1687 2852 possint
1712 2812 1739 2842 A
1765 2811 1914 2849 aliique:

164 2870 310 2908 possunt
327 2864 380 2906 (B)
398 2866 470 2898 RE.
490 2879 534 2889 —
559 2870 644 2898 aut:
675 2865 785 2905 Quale
802 2866 847 2897 sit
864 2873 933 2896 om.
954 2862 1026 2901 AB,
1054 2865 1115 2892 aut
1134 2870 1201 2894 om.
1222 2861 1265 2893 R.
1288 2877 1327 2884 —
1354 2862 1410 2893 20.
1437 2869 1519 2892 nam
1535 2859 1621 2890 illud
1640 2857 1796 2898 quidem,
1823 2855 1917 2896 quod

169 2913 279 2946 Codd.
308 2912 468 2952 plerique
494 2914 588 2952 apud
613 2912 853 2945 Ellendtium:
895 2919 980 2942 nam
1006 2908 1144 2948 quidem
1168 2908 1261 2949 quod
1287 2907 1337 2946 A,
1364 2917 1448 2938 nam
1472 2909 1502 2939 et
1527 2905 1613 2937 illud
1636 2905 1726 2945 quod
1751 2904 1779 2935 R
1796 2925 1805 2938 ,
1831 2911 1916 2933 nam

169 2965 201 2992 et
222 2960 310 2991 illud
334 2960 493 2999 quidem,
520 2960 613 3000 quod
632 2959 657 2991 E
673 2983 681 2999 ,
708 2968 791 2990 nam
815 2959 876 2990 hoc
900 2956 1054 2998 quidem.
1082 2955 1175 2994 quod
1201 2963 1219 2987 e
1244 2954 1356 2987 Codd.
1383 2955 1464 2994 aliq.
1486 2952 1526 2983 T.
1554 2949 1704 2992 (quidem
1721 2959 1789 2982 om.
1810 2951 1915 2982 etiam

168 3005 287 3046 Leid.)
314 3022 354 3028 —
379 3006 436 3038 21.
463 3007 501 3037 in
524 3006 576 3045 eo]
601 3015 674 3038 meo
699 3005 740 3038 A.
780 3022 816 3028 -
857 3007 905 3036 est
942 3002 1050 3043 Quale
1089 3002 1134 3032 sit
1170 3001 1229 3032 AB
1267 3002 1420 3041 aliique:
1460 3003 1527 3032 est,
1568 2996 1661 3037 quod
1699 2996 1802 3039 quale
1843 2998 1913 3033 sit,

166 3054 369 3096 quaerimus
399 3052 471 3084 RE.
491 3068 534 3074 —
558 3052 616 3085 23.
643 3060 767 3093 qenere
792 3052 966 3093 cognitam
992 3048 1091 3079 Voss.
1117 3047 1218 3079 Leid.
1247 3048 1287 3079 B.
1327 3047 1390 3087 (Ex
1416 3046 1445 3077 A
1471 3044 1554 3077 nihil
1582 3047 1738 3076 notatum
1765 3039 1845 3081 est.)
1874 3058 1913 3064 —

169 3100 227 3133 24.
254 3100 335 3141 quid
359 3100 404 3132 sit
428 3098 518 3130 illud
542 3107 610 3130 om.
638 3100 680 3130 A.
706 3115 752 3121 —
787 3099 831 3129 sit
858 3097 946 3128 illud
969 3104 1036 3137 quo
1063 3102 1132 3126 om.
1158 3094 1185 3124 B
1213 3104 1251 3127 ex
1278 3103 1354 3126 mea
1381 3093 1501 3124 saltem
1528 3090 1723 3124 collatione.
1753 3106 1791 3112 —
1831 3085 1914 3130 quo]

170 3148 261 3190 quod
284 3148 326 3178 A.
360 3163 392 3168 —
436 3146 481 3176 sit
505 3146 687 3186 reserenda
710 3144 740 3177 A
765 3145 923 3184 aliique:
964 3140 1147 3182 referenda
1170 3141 1215 3173 sit
1236 3139 1317 3179 (13⁴1)
1355 3139 1427 3170 RE.
1466 3155 1507 3161 —
1547 3136 1604 3168 29.
1633 3137 1743 3169 omnis
1769 3137 1863 3167 ratio
1888 3134 1916 3164 B

171 3194 325 3236 aliique:
352 3193 446 3224 ratio
471 3193 582 3222 omnis
605 3190 688 3232 γ(Α’ἱ)
714 3191 789 3223 RE.
819 3207 858 3214 —-
900 3189 956 3221 30.
984 3196 1074 3223 esse,
1105 3195 1193 3226 quae
1217 3187 1246 3219 A
1273 3188 1427 3226 aliique,
1453 3184 1505 3216 R:
1534 3191 1602 3216 esse
1625 3193 1687 3222 ea,
1721 3191 1808 3225 quae
1833 3179 1917 3220 (13⁶2)

172 3241 213 3273 E.
242 3256 283 3264 —
311 3247 366 3272 eos
387 3238 486 3270 nobis
510 3238 569 3269 AB
595 3237 750 3278 aliique:
777 3237 875 3269 nobis
900 3244 954 3268 eos
972 3235 1044 3266 RE.
1074 3249 1111 3255 —
1141 3231 1198 3264 31.
1227 3234 1376 3265 audiunt
1404 3240 1451 3262 an
1473 3234 1512 3263 ut
1536 3230 1578 3261 A.
1605 3245 1648 3253 —
1673 3229 1730 3262 35.
1756 3228 1919 3261 iudicata

173 3287 215 3319 B.
243 3304 283 3310 -
324 3293 516 3325 responsa,
558 3284 694 3325 reliqua
720 3283 831 3316 Codd.
857 3282 924 3315 ab:
965 3287 1129 3321 responsa
1151 3284 1232 3311 sunt
1257 3279 1390 3318 reliqua
1415 3277 1473 3308 AB
1489 3300 1498 3315 ‚
1535 3284 1704 3318 responsa
1728 3280 1760 3307 et
1784 3275 1919 3315 reliqua

173 3333 250 3366 RE.
277 3349 318 3356 —-
345 3332 402 3364 36.
431 3331 473 3363 ab
500 3334 638 3364 oratore
658 3331 851 3371 pariuntur
877 3328 964 3363 Cod.
991 3328 1058 3366 aL,
1086 3326 1141 3358 R:
1164 3327 1358 3367 pariuntur
1384 3324 1427 3356 ab
1453 3328 1592 3358 oratore
1616 3323 1643 3355 E
1660 3346 1670 3364 ‚
1695 3323 1919 3364 reperiuntur

175 3381 218 3414 ab
243 3384 384 3414 oratore
406 3378 481 3412 AB.
