2117 3762
753 258 851 298 LIB.
883 258 953 298 ΙΙΙ.
1013 259 1055 300 C.
1087 258 1154 299 24.
1188 260 1254 300 25.
1797 267 1873 306 311

123 366 276 406 citati0.
338 365 490 404 Rerum
522 368 584 404 est
613 364 716 403 silva
747 374 915 416 magna,
963 377 1084 418 quam
1125 378 1216 406 cum
1260 366 1402 407 Graeci
1443 367 1522 407 iam
1553 380 1636 407 non
1670 373 1873 419 tenerent,

122 428 176 468 ob
208 440 382 482 eamque
413 439 577 466 causam
619 425 810 465 iuventus
850 431 991 466 nostra
1030 428 1260 469 dedisceret
1305 441 1436 481 paene
1477 427 1701 477 discendo,
1750 431 1874 471 etiam

123 490 284 537 Latini,
331 490 364 530 si
406 488 484 529 diis
523 489 676 541 placet.
721 488 799 526 hoc
837 485 1003 528 biennio
1037 489 1220 542 magistri
1253 489 1416 532 dicendi
1449 492 1723 541 exstiterunt;
1772 506 1875 545 quos

119 566 197 605 ego
239 564 386 592 censor
426 551 562 591 edicto
602 561 695 589 meo
736 548 1004 598 sustuleram,
1051 565 1133 592 non
1176 566 1284 607 quo,
1331 559 1376 594 ut
1418 554 1555 594 nescio
1598 568 1701 608 quos
1735 555 1874 596 dicere

120 616 311 663 aiebant,
344 614 436 655 acui
469 610 633 666 ingenia
663 611 987 653 adolescentium
1020 613 1197 664 nollem,
1232 617 1303 655 sed
1334 622 1476 657 contra
1508 615 1671 671 ingenia
1700 615 1906 658 obtundis

119 677 258 726 nolui,
306 673 569 717 corroborari
602 675 912 729 impudentiam.
988 677 1055 716 92.
1091 679 1193 717 Nam
1225 680 1334 732 apud
1369 680 1573 727 Graecos,
1623 678 1874 721 cuicuimodi

119 746 281 786 essent,
313 737 503 781 videbam
535 742 673 777 tamen
704 752 793 779 esse
825 743 990 794 praeter
1021 738 1124 780 lianc
1157 741 1500 781 exercitationem
1535 742 1700 795 linguae
1724 741 1876 783 doctri-

117 816 211 843 nam
241 801 421 856 aliquam
451 804 491 840 et
519 800 815 842 humanitatem
848 802 1014 855 dignam
1044 803 1239 851 scientia;
1272 804 1347 843 hos
1379 818 1479 845 vero
1503 817 1633 846 novos
1656 806 1875 859 magistros

117 863 220 906 nihil
249 863 534 915 intelligebam
566 876 686 918 posse
719 863 891 911 docere,
924 866 1000 905 nisi
1032 870 1077 905 ut
1106 863 1327 914 auderent;
1361 868 1472 919 quod
1496 868 1617 906 etiam
1640 880 1733 907 cum
1755 864 1875 908 bonis

117 925 240 967 rebus
284 924 573 973 coniunctum,
619 940 693 981 per
731 942 774 967 se
813 929 948 980 ipsum
989 934 1051 968 est
1091 940 1241 981 magno
1281 940 1409 982 opere
1448 928 1705 983 fugiendum.
1783 931 1924 970 Hocao

116 1002 209 1030 cum
240 1001 367 1028 unum
400 987 637 1029 traderetur
667 994 706 1030 et
738 1003 830 1029 cum
862 989 1145 1043 impudentiae
1177 988 1298 1030 ludus
1330 995 1452 1039 essct,
1489 992 1629 1046 putavi
1660 1006 1749 1033 esse
1780 1005 1876 1033 cen-

115 1049 248 1098 soris,
280 1065 332 1091 ne
363 1049 525 1104 longius
557 1050 596 1091 id
629 1058 842 1106 serperet,
876 1053 1115 1105 providere.
1174 1053 1241 1096 95.
1283 1052 1541 1108 Quamquam
1574 1069 1657 1096 non
1688 1057 1789 1096 haec
1819 1057 1875 1097 ita

114 1117 250 1154 statuo
279 1117 403 1167 atque
437 1115 642 1159 decerno,
674 1120 719 1154 ut
748 1116 965 1170 desperem
996 1116 1141 1155 Latine
1173 1127 1250 1162 ea,
1293 1113 1342 1154 de
1374 1116 1524 1170 quibus
1555 1115 1870 1172 disputavimus,

114 1173 221 1215 tradi
251 1188 298 1215 ac
328 1174 555 1230 perpoliri:
601 1177 756 1231 patitur
786 1178 895 1218 enim
929 1182 970 1217 et
1001 1178 1141 1230 lingua
1172 1182 1313 1217 nostra
1345 1183 1387 1217 et
1417 1183 1560 1219 natura
1593 1193 1730 1221 rerum
1761 1185 1874 1221 vete-

112 1250 202 1278 rem
247 1236 358 1278 illam
413 1237 771 1293 excellentemque
815 1238 1076 1292 prudentiam
1125 1241 1377 1280 Graecorum
1423 1243 1474 1281 ad
1519 1246 1706 1283 nostrum
1749 1255 1920 1283 usum1⁵

113 1312 356 1354 moremque
396 1299 636 1351 transferri;
686 1301 758 1342 sed
798 1303 1036 1343 hominibus
1074 1314 1179 1356 opus
1222 1308 1285 1342 est
1316 1301 1514 1351 eruditis,
1565 1304 1637 1359 qui
1667 1304 1798 1346 adhuc
1829 1307 1871 1347 in

110 1363 191 1403 hoc
221 1360 388 1418 quidem
419 1376 570 1416 genere
602 1363 732 1404 nostri
764 1363 865 1404 nulli
895 1364 1088 1414 fuerunt;
1137 1365 1201 1405 sin
1231 1364 1395 1421 quando
1437 1366 1693 1416 exstiterint,
1743 1369 1869 1408 etiam

112 1426 279 1467 Graecis
310 1431 432 1466 erunt
460 1425 756 1480 anteponendi.

222 1489 352 1530 XXV.
402 1490 469 1529 96.
518 1489 698 1530 Ornatur
737 1488 862 1543 igitur
902 1490 1036 1530 oratio
1076 1502 1229 1544 genere
1267 1491 1450 1545 primum
1490 1496 1532 1532 et
1570 1494 1687 1548 quasi
1727 1492 1868 1535 colore

111 1551 291 1605 quodam
331 1555 373 1591 et
417 1563 518 1592 suco
561 1563 651 1592 suo.
713 1553 814 1592 Nam
858 1556 902 1592 ut
933 1550 1093 1605 gravis,
1138 1557 1184 1594 ut
1213 1555 1373 1601 suavis,
1420 1557 1466 1594 ut
1504 1553 1665 1596 erudita
1703 1555 1777 1604 sit,
1825 1561 1869 1598 ut
1885 1571 1919 1595 ’.νο

109 1612 317 1661 liberalis,
350 1618 396 1653 ut
425 1611 698 1660 admirabilis,
729 1620 776 1654 ut
806 1613 958 1669 polita,
991 1620 1038 1655 ut
1068 1628 1235 1663 sensus,
1268 1621 1314 1655 ut
1344 1614 1511 1657 dolores
1543 1615 1710 1665 habeat,
1743 1633 1870 1673 quan-

110 1682 196 1717 tum
227 1689 332 1729 opus
364 1677 434 1725 sit,
479 1688 563 1717 non
594 1682 656 1717 est
686 1675 943 1731 singulorum
974 1676 1266 1727 articulorum3
1311 1676 1354 1718 in
1385 1683 1472 1720 toto
1502 1684 1740 1732 spectantur
1769 1684 1870 1722 haec

109 1752 300 1794 corpore.
362 1740 410 1780 Ut
438 1751 565 1794 porro
597 1751 820 1793 conspersa
850 1739 901 1780 sit
931 1739 1047 1794 quasi
1078 1741 1304 1780 verborum
1334 1740 1718 1798 sententiarumque
1756 1743 1870 1784 flori-

109 1803 212 1849 bus,
258 1800 300 1841 id
342 1813 424 1842 non
463 1802 586 1842 debet
628 1814 717 1842 esse
758 1801 896 1841 fusum
928 1799 1199 1857 aequabiliter
1229 1816 1306 1855 per
1335 1815 1501 1844 omnem
1534 1804 1765 1845 orationem
1795 1807 1868 1847 sed

108 1864 166 1903 ita
202 1861 467 1911 distinctum,
513 1868 558 1903 ut
597 1865 678 1903 sint
719 1864 835 1917 quasi
878 1864 918 1903 in
959 1868 1108 1905 ornatu
1149 1862 1349 1917 disposita
1380 1867 1581 1920 quaedam
1623 1868 1798 1922 insignia
1829 1875 1867 1910 et
1883 1882 1916 1907 25

107 1924 275 1966 lumina.
338 1927 405 1966 97.
455 1927 592 1967 Genus
623 1926 750 1979 igitur
782 1924 944 1966 dicendi
975 1932 1036 1967 est
1066 1925 1327 1980 eligendum,
1376 1929 1486 1981 quod
1519 1931 1699 1971 maxime
1732 1936 1870 1972 teneat

108 2000 204 2034 θος,
237 1989 307 2042 qui
338 1987 524 2036 audiant,
569 1994 609 2029 et
640 1990 751 2042 quod
783 2001 866 2029 non
898 1987 1032 2029 solum
1065 1988 1265 2036 delectet,
1307 1988 1379 2030 sed
1412 1991 1533 2030 etiam
1564 1992 1652 2032 sine
1684 1994 1870 2034 satietate

108 2049 308 2092 delectet:
340 2064 426 2091 non
456 2052 565 2092 enim
597 2065 620 2091 a
650 2064 715 2091 me
748 2051 828 2091 iam
860 2050 1092 2103 exspectari
1123 2056 1250 2104 puto,
1282 2057 1328 2092 ut
1356 2065 1568 2101 moneam,
1598 2059 1644 2095 ut
1674 2057 1866 2103 caveatis,

107 2127 159 2154 ne
190 2111 333 2161 exilis,
365 2126 416 2153 ne
446 2112 600 2154 inculta
630 2112 681 2153 sit
711 2118 849 2154 vestra
880 2112 1042 2161 oratio,
1086 2127 1138 2154 ne
1168 2113 1375 2168 vulgaris,
1409 2128 1460 2155 ne
1491 2114 1705 2166 obsoleta3
1758 2116 1868 2158 aliud

107 2175 306 2231 quiddam
336 2176 469 2217 maius
501 2182 543 2217 et
572 2175 735 2230 ingenia
767 2189 832 2216 me
863 2175 1082 2217 hortantur
1114 2182 1255 2217 vestra
1287 2182 1328 2218 et
1358 2182 1529 2219 aetates.
1591 2180 1659 2219 98.
1691 2178 1868 2221 Difficile
1884 2194 1917 2218 ,πο

108 2237 218 2279 enim
251 2236 363 2279 dictu
393 2243 479 2286 est,
515 2252 718 2294 quaenam
752 2252 874 2280 causa
906 2238 976 2286 sit,
1010 2253 1084 2280 cur
1103 2251 1175 2288 ea,
1210 2252 1317 2293 quae
1338 2242 1517 2282 maxime
1538 2254 1683 2283 sensus
1705 2248 1868 2284 nostros

106 2299 323 2354 impellunt
362 2301 577 2355 voluptate
609 2306 649 2341 et
677 2302 816 2355 specie
846 2302 980 2355 prima
1010 2302 1216 2342 acerrime
1248 2307 1532 2351 commovent,
1579 2301 1630 2344 ab
1660 2305 1710 2344 iis
1740 2304 1869 2346 celer-

107 2364 209 2404 rime
249 2361 413 2404 fastidio
460 2365 640 2416 quodam
684 2369 726 2403 et
764 2364 951 2404 satietate
989 2364 1291 2405 abalienemur.
1355 2366 1518 2415 Quanto
1560 2367 1748 2408 colorum
1779 2367 1868 2422 pul-

107 2426 339 2467 chritudine
381 2429 420 2465 et
461 2424 659 2466 varietate
697 2423 913 2466 floridiora
951 2431 1046 2466 sunt
1084 2426 1126 2466 in
1159 2426 1330 2480 picturis
1360 2430 1482 2470 novis
1513 2428 1710 2484 pleraque
1744 2445 1864 2485 quam

107 2487 150 2529 in
170 2487 410 2529 veteribusl
446 2500 552 2542 quae
583 2492 745 2536 tamen,
778 2488 936 2528 etiamsi
968 2488 1104 2540 primo
1135 2487 1330 2544 adspectu
1360 2504 1436 2532 nos
1458 2497 1678 2546 ceperunt,
1711 2491 1913 2533 diutius³⁵

106 2562 189 2591 non
220 2550 447 2599 delectant;
490 2562 582 2589 cum
622 2548 747 2590 iidem
786 2562 863 2590 nos
902 2549 943 2590 in
975 2550 1154 2604 antiquis
1183 2552 1336 2592 tabulis
1367 2552 1440 2593 illo
1471 2554 1561 2608 ipso
1592 2553 1761 2595 horrido
1793 2552 1866 2595 ob-

107 2612 324 2666 soletoque
368 2616 597 2655 teneamur.
663 2612 829 2661 Quanto
876 2611 1086 2653 molliores
1131 2617 1227 2654 sunt
1272 2619 1314 2654 et
1357 2614 1616 2656 delicatiores
1660 2617 1700 2656 in
1744 2620 1864 2656 cantu

107 2675 308 2715 flexiones
349 2678 390 2714 et
424 2672 551 2714 falsae
582 2672 755 2714 voculae
786 2687 910 2729 quam
941 2679 1078 2715 certae
1109 2679 1150 2715 et
1180 2678 1378 2716 severae!
1432 2678 1582 2732 quibus
1613 2682 1749 2718 tamen
1779 2691 1863 2718 non

109 2735 233 2778 modo
264 2737 417 2777 austeri
448 2734 537 2782 sed,
585 2735 618 2776 si
649 2736 815 2788 saepius
845 2733 968 2784 fiunt,
1014 2735 1239 2779 multitudo
1268 2739 1358 2791 ipsa
1388 2741 1593 2780 reclamat.
1653 2741 1718 2783 99.
1751 2739 1863 2780 Licet

107 2799 188 2839 hoc
232 2796 372 2838 videre
413 2797 456 2838 iu
500 2797 669 2851 reliquis
709 2799 929 2846 sensibus,
989 2800 1210 2852 unguentis
1247 2802 1384 2842 minus
1428 2801 1498 2842 diu
1545 2815 1620 2842 nos
1665 2800 1913 2842 delectari-‘00

107 2873 265 2901 summa
305 2865 346 2900 et
390 2860 592 2901 acerrima
638 2859 840 2901 suavitate
884 2860 1062 2900 conditis
1108 2875 1232 2917 quam
1279 2864 1343 2904 his
1384 2863 1606 2904 moderatis
1656 2868 1695 2903 et
1735 2864 1863 2917 magis

107 2920 287 2969 laudari,
329 2924 440 2977 quod
473 2937 610 2964 ceram
642 2936 765 2978 quam
795 2924 906 2978 quod
937 2935 1106 2964 crocum
1138 2924 1253 2965 olere
1284 2924 1500 2973 videatur;
1541 2926 1582 2965 in
1624 2925 1712 2978 ipso
1754 2929 1864 2967 tactu

201 3030 232 3061 1.
260 3029 330 3059 iam
356 3036 426 3060 om.
453 3029 492 3060 Β.
523 3047 560 3053 -
588 3031 622 3062 a.
649 3030 877 3062 substuleram
903 3029 941 3059 Β.
971 3045 1011 3050 -
1050 3030 1083 3061 6.
1111 3033 1320 3064 cuicuimodi
1345 3033 1548 3064 Manutius:
1589 3032 1650 3070 qui
1673 3032 1864 3064 cuiusmodi

109 3075 219 3108 Codd.
248 3075 405 3114 plerique
422 3098 430 3112 ,
459 3079 560 3108 etiam
589 3077 732 3109 tortasse
760 3076 786 3106 B
803 3099 811 3113 ‚
840 3077 900 3116 qui
924 3076 1089 3107 eiusmodi·
1113 3078 1182 3110 RE.
1206 3093 1247 3099 —-
1275 3079 1330 3110 17.
1358 3076 1457 3118 nulli]
1483 3087 1554 3108 non
1578 3078 1641 3109 ulli
1666 3079 1743 3118 (sic)
1760 3079 1800 3112 Β.
1819 3095 1862 3102 —-

106 3122 164 3154 20.
193 3127 224 3153 et
249 3130 317 3153 om.
346 3121 385 3152 B.
413 3137 458 3142 —
494 3123 550 3153 21.
579 3127 611 3154 et
635 3123 773 3154 dolores
800 3122 839 3154 B.
874 3139 918 3144 ——
955 3122 1012 3153 30.
1040 3125 1152 3165 massis
1178 3125 1250 3156 BR.
1291 3141 1330 3147 —
1370 3124 1426 3155 32.
1453 3125 1693 3165 voluptateque
1719 3125 1791 3157 BR.
1820 3141 1860 3147 —

107 3169 319 3200 celeberrime
345 3167 385 3198 Β.
414 3183 455 3190 -
495 3168 550 3200 33.
585 3170 712 3200 coloris
748 3169 788 3199 B.
835 3186 863 3191 -
910 3168 965 3199 36.
1002 3168 1090 3200 idem
1127 3171 1165 3201 B.
1208 3187 1247 3193 -
1286 3170 1342 3202 38.
1371 3168 1496 3210 certae]
1522 3175 1634 3202 rectae
1661 3171 1727 3203 Gu.
1757 3173 1789 3203 1.
1824 3188 1852 3195 -

106 3215 166 3247 42.
193 3215 282 3247 Plin.
303 3214 346 3245 H.
367 3213 411 3245 N.
433 3212 488 3251 13,
508 3214 541 3251 3,
560 3215 605 3247 4ς
628 3217 668 3247 ln
685 3215 731 3248 M.
757 3213 928 3247 Ciceronis
944 3218 1174 3248 monumentis
1192 3219 1385 3251 invenitur,
1406 3222 1582 3257 unquenea
1598 3219 1762 3258 qratiora
1780 3226 1859 3256 esse,

107 3270 198 3303 quae
217 3268 348 3294 terram
366 3258 498 3297 (ceram
517 3260 705 3293 Salmasius
725 3259 833 3298 coni.)
847 3286 856 3298 ,
885 3270 990 3302 quam
1017 3270 1104 3301 quae
1128 3272 1267 3294 crocum
1291 3264 1444 3302 sapiant.
1473 3264 1525 3295 ld.
1547 3263 1588 3295 17
1602 3288 1610 3301 ,
1631 3265 1671 3302 5,
1692 3264 1737 3296 3:
1767 3264 1859 3295 Certe

110 3307 224 3339 Cicero
242 3332 250 3348 ,
295 3306 487 3339 «Meliora»
504 3331 512 3345 ‚
549 3309 683 3348 inquit,
725 3313 926 3347 «unquenta
950 3313 1029 3339 sunt
1045 3330 1053 3342 .
1093 3317 1182 3349 quae
1208 3314 1358 3346 terram,
1399 3317 1503 3350 quam
1528 3318 1618 3352 quac
1644 3319 1781 3343 crocum
1804 3319 1857 3341 sa-

106 3357 260 3395 piune»;
287 3354 321 3386 id
349 3354 442 3394 quod
471 3354 600 3394 placuit
627 3354 782 3386 victorio
809 3358 843 3386 et
867 3353 1050 3387 Lambino.
