2117 3762
769 259 866 300 LlB.
904 260 935 300 Ι.
998 260 1041 301 C.
1077 263 1144 301 30.
1179 263 1245 302 31.
1794 268 1869 307 109

126 368 165 409 in
196 381 366 409 censura
398 367 500 407 nihil
533 365 700 417 egisset.
734 373 823 420 post
845 380 1057 406 censuram
1080 367 1291 408 consulem
1315 366 1423 407 serit.
1481 368 1550 406 stt),
1585 367 1870 422 Comparabile

125 437 259 471 autem
302 437 384 477 est,
440 431 549 485 quod
591 430 630 468 in
668 429 791 468 rebus
822 427 994 469 diversis
1025 431 1199 470 sinniioni
1231 430 1407 485 aliquam
1439 430 1641 469 rationem
1674 432 1869 471 continet.

124 494 222 534 Eius
263 500 397 548 partes
435 499 530 534 sunt
568 498 672 532 tres:
726 492 885 543 imago,
933 492 1120 538 collatio,
1169 493 1418 546 exeinplum.
1484 493 1620 541 imago
1652 497 1713 531 est
1742 495 1874 532 oratio

124 557 412 596 demonstrans
443 569 664 608 corporum
697 562 764 594 ant
796 561 1030 595 natm-arum
1065 554 1388 595 similitmlinem.
1451 552 1625 593 Collatio
1659 558 1719 593 est
1740 555 1872 594 oratio

125 633 210 659 rem
242 633 333 659 cum
367 632 409 659 re
441 633 490 658 ex
522 616 788 657 similitudine
819 618 1049 657 ronst-rens.
1112 616 1354 670 Exemplum
1377 622 1459 663 est,
1495 617 1604 671 quod
1628 629 1713 655 rem
1736 622 1904 657 aucto-⁵

124 681 242 722 ritate
273 688 342 722 aut
374 695 470 721 casu
502 679 674 720 alicuius
707 680 884 719 bominis
916 685 983 719 aut
1016 680 1168 732 negotii
1201 677 1413 718 ronlirmat
1443 684 1511 717 aut
1538 677 1729 719 inlirmat.
1792 680 1877 720 llo-

124 758 213 784 rum
263 744 450 798 exempla
492 748 532 782 et
576 740 873 796 descriptiones
918 741 957 781 in
1003 739 1233 795 praereptis
1276 739 1518 780 elocutionis
1563 747 1874 794 cognoscentur.

122 808 179 845 Ac
211 804 303 846 sons
334 805 501 859 quidem
536 803 878 851 eonlirmationis,
926 810 969 844 nt
1000 802 1168 843 facultas
1201 801 1314 849 tulit,
1350 809 1516 857 apertus
1547 809 1608 843 est
1638 818 1713 844 nec
1744 805 1876 844 minus

123 869 326 914 dilucide,
373 879 495 919 quam
538 867 597 906 rei
636 872 777 906 natura
819 866 995 912 ferebat,
1044 864 1348 904 demonstratus
1388 871 1472 911 est;
1528 865 1876 920 quemadmodum

122 936 256 970 autem
295 941 485 983 quaeque
526 929 759 969 constitutio
801 935 842 968 et
874 942 968 981 pars
1001 927 1304 967 constitutionis
1337 932 1377 966 et
1407 927 1539 967 omnis
1570 931 1926 977 c0nt1·0versia‚1o

121 992 281 1032 sivein
312 991 470 1031 ratione
502 989 588 1030 sive
627 989 666 1030 in
709 991 862 1044 scripto
906 990 1160 1036 versabitur,
1214 989 1376 1028 tractari
1419 988 1567 1031 debeat
1606 997 1647 1030 et
1690 1005 1794 1046 quae
1834 991 1877 1032 in

121 1066 328 1108 quamque
368 1052 748 1106 argumentationes
788 1053 1059 1098 conveniant,
1110 1050 1345 1104 singillatim
1391 1052 1431 1090 in
1472 1053 1653 1093 serundo
1684 1052 1792 1094 libro
1823 1052 1874 1094 de

120 1128 205 1156 uno
249 1127 414 1170 quoque
461 1129 612 1167 genere
656 1117 853 1158 dicemus,
913 1116 958 1154 ln
1005 1114 1236 1166 praesentia
1283 1112 1565 1153 tantummodo
1603 1127 1795 1155 numeros
1837 1120 1878 1155 et

121 1176 266 1219 modos
305 1183 346 1218 et
386 1186 522 1233 partes
560 1176 870 1231 argumentandi
913 1176 1084 1217 confuse
1125 1180 1166 1216 et
1206 1176 1406 1229 permixte
1450 1176 1734 1229 dispersimus;
1787 1183 1877 1231 post

121 1241 326 1294 descripte
356 1246 396 1280 et
425 1242 555 1281 electe
587 1241 627 1280 in
660 1254 789 1293 genus
820 1238 1014 1294 quodque
1046 1251 1216 1286 causae,
1251 1236 1351 1292 quid
1381 1238 1528 1293 cuique
1550 1238 1791 1288 conveniat,
1825 1253 1925 1280 ex15

120 1303 197 1344 hac
227 1304 347 1356 copia
379 1302 626 1355 digeremus.

231 1368 299 1407 50.
333 1368 466 1420 Atque
498 1363 676 1405 inveniri
707 1362 873 1419 quidem
905 1364 1039 1405 omnis
1071 1377 1122 1403 ex
1153 1363 1216 1403 his
1245 1361 1348 1403 locis
1371 1363 1672 1416 argumentatio
1698 1365 1874 1418 poterit3

119 1429 327 1468 inventam
373 1429 565 1469 exornari
607 1433 648 1468 et
689 1433 820 1468 certas
857 1426 899 1467 in
938 1432 1075 1482 partes
1113 1424 1308 1477 distingui
1349 1431 1389 1466 et
1427 1425 1713 1467 suavissimum
1750 1432 1811 1467 est
1839 1431 1880 1467 et

121 1504 279 1532 summe
319 1490 597 1532 necessarium
629 1496 670 1531 et
699 1488 750 1530 ab
782 1490 878 1531 artis
911 1490 1181 1544 scriptoribus
1213 1488 1392 1528 maxime
1433 1487 1680 1541 neglectum.
1740 1489 1878 1538 Quare

121 1558 162 1594 et
192 1552 241 1594 de
274 1567 322 1594 ea
353 1552 645 1607 praeceptione
676 1552 797 1592 nobis
828 1551 869 1591 in
900 1553 979 1591 hoc
1014 1553 1103 1592 loco
1135 1549 1354 1591 dicendum
1386 1551 1519 1591 visum
1550 1556 1631 1599 est,
1664 1557 1709 1592 ut
1736 1550 1788 1592 ad
1818 1552 1878 1592 in·
1891 1567 1927 1592 20

120 1617 357 1657 ventionem
389 1614 622 1669 argumenti
654 1615 863 1655 absolutio
895 1628 1059 1670 quoque
1103 1613 1415 1667 argumentandi
1461 1614 1767 1669 adiungeretur.
1827 1617 1879 1655 Et

121 1691 267 1732 magna
299 1694 393 1720 cum
425 1692 523 1719 cura
555 1683 596 1718 et
626 1677 833 1730 diligentia
864 1676 977 1717 locus
1007 1678 1074 1717 hic
1104 1678 1238 1718 omnis
1276 1676 1599 1718 considerandus
1641 1683 1717 1725 est,
1767 1676 1879 1732 quod

119 1742 181 1781 rei
212 1755 295 1782 non
326 1743 461 1782 solum
492 1753 638 1794 magna
668 1740 822 1780 utilitas
853 1744 935 1787 est,
981 1741 1053 1780 sed
1090 1738 1370 1794 praecipiendi
1411 1752 1576 1794 quoque
1614 1752 1772 1782 summa
1803 1738 1880 1780 dis-

119 1802 294 1844 ficultas.
1848 1841 1850 1843 ,
1894 1847 1898 1850 ‚

229 1867 385 1906 XXXI.
420 1867 485 1906 51.
519 1865 662 1906 Omnis
692 1863 818 1917 igitur
848 1864 1148 1917 argumentatio
1181 1869 1249 1905 aut
1269 1878 1346 1920 per
1367 1864 1648 1906 inductionem
1671 1863 1877 1906 tractanda
1890 1876 1927 1902 25

120 1931 181 1969 est
210 1934 281 1969 aut
310 1941 385 1983 per
414 1926 786 1968 ratiocinationem.
845 1926 1033 1967 Inductio
1064 1931 1126 1967 est
1156 1927 1312 1976 oratio,
1347 1941 1452 1982 quae
1485 1930 1607 1969 rebus
1638 1942 1722 1968 non
1743 1928 1878 1968 dubiis

121 1995 258 2044 captat
287 1990 550 2031 assensiones
582 1991 695 2038 eius,
730 1990 895 2045 quicum
928 1990 1114 2029 instituta
1144 1995 1228 2038 est;
1263 1988 1413 2043 quibus
1435 1988 1742 2031 assensionibus
1764 1990 1875 2037 facit,

119 2058 165 2094 ut
194 2054 252 2093 illi
284 2054 410 2095 dubia
439 2055 643 2108 quaedam
672 2065 741 2093 res
771 2057 942 2107 propter
981 2051 1292 2093 similitudinem
1332 2066 1474 2094 earum
1512 2066 1678 2101 rerum,
1727 2053 1878 2106 quibus

119 2116 316 2164 assensit,
360 2115 586 2172 probetur;
635 2117 748 2157 velut
787 2116 896 2168 apud
935 2115 1191 2155 Socraticum
1223 2116 1469 2156 Aeschinem
1511 2117 1767 2156 demonstrat
1805 2115 1881 2154 So-

121 2183 253 2219 crates
284 2192 376 2220 cum
407 2179 699 2232 Xenophontis
728 2191 860 2218 uxore
891 2182 932 2218 et
962 2191 1053 2217 cum
1089 2177 1180 2229 ipso
1211 2176 1490 2230 Xenophonte
1520 2178 1734 2231 Aspasiam
1764 2175 1880 2217 locu-
1893 2189 1928 2214 ³0

121 2245 226 2282 tam:
272 2240 347 2282 Dic
375 2240 494 2289 mihi,
526 2254 709 2296 quaeso,
741 2240 1032 2293 Xenophontis
1061 2253 1190 2288 uxor,
1221 2241 1255 2280 si
1286 2241 1419 2280 vicina
1451 2245 1518 2281 tua
1550 2241 1697 2281 melius
1727 2240 1880 2280 haheat

121 2316 291 2353 aurum,
339 2317 460 2359 quam
498 2308 542 2344 tu
579 2305 734 2351 habes,
783 2307 921 2343 utrum
958 2302 1065 2343 illius
1107 2316 1159 2343 an
1197 2307 1313 2343 tuum
1343 2302 1491 2344 malis?
1542 2302 1680 2350 Illius,
1728 2301 1876 2355 inquit.

122 2364 257 2414 Quid,
309 2367 342 2406 si
381 2370 541 2407 vestem
571 2370 612 2406 et
642 2371 825 2406 ceterum
856 2371 1043 2406 ornatum
1076 2364 1319 2406 muliebrem
1350 2366 1472 2418 pretii
1502 2365 1673 2406 maioris
1703 2365 1877 2411 habeat,

121 2441 244 2482 quam
275 2432 319 2468 tu
347 2429 500 2476 habes,
534 2433 704 2468 tuumne
734 2441 786 2469 an
816 2426 925 2468 illius
955 2426 1101 2468 malis?
1147 2428 1405 2481 Respondit:
1451 2428 1566 2469 Illius
1596 2440 1712 2468 vero.
1774 2427 1881 2477 Age-

121 2489 198 2538 sis,
239 2491 397 2546 inquit,
446 2492 478 2531 si
509 2491 643 2532 virum
675 2490 747 2531 illa
776 2492 998 2531 meliorem
1027 2491 1201 2538 habeat,
1253 2504 1377 2545 quam
1408 2495 1452 2532 tu
1484 2490 1636 2539 habes,
1687 2493 1877 2530 utrumne
1892 2505 1927 2532 ³5

212 2600 244 2632 1.
283 2597 416 2642 egisset]
453 2601 556 2641 gessit
594 2599 726 2630 PART.
778 2599 978 2631 Victorinus
1005 2601 1054 2630 sic
1088 2599 1272 2638 explanat:
1310 2599 1398 2638 «Ut,
1436 2601 1552 2639 inquit
1585 2595 1754 2637 (Cicero).
1798 2603 1878 2627 cum

123 2653 279 2678 sororem
309 2647 470 2679 Horatius
496 2646 680 2678 occidisset
707 2650 741 2678 et
767 2645 809 2677 de
835 2646 927 2677 sacto
955 2648 1027 2678 eius
1056 2647 1207 2685 populus
1235 2651 1325 2677 esset
1350 2648 1503 2678 incertus
1522 2670 1530 2685 ,
1558 2650 1670 2676 tamen
1698 2643 1878 2675 absolutus

123 2697 187 2726 est..
215 2693 376 2731 Deinde,
406 2698 444 2725 ut
465 2693 518 2725 Ti.
537 2694 733 2730 Gmcchus,
764 2702 841 2724 cnm
869 2701 992 2724 censor
1018 2694 1185 2725 insciente
1214 2693 1341 2734 collega
1369 2693 1539 2733 quosdam
1566 2696 1685 2723 senatu
1715 2691 1880 2721 movisset.

123 2738 218 2772 etde
243 2742 318 2772 eius
345 2739 434 2772 facto
462 2740 701 2777 dubitaretur,
731 2744 848 2778 postea
875 2744 988 2771 tamen
1016 2741 1089 2772 eius
1117 2740 1244 2771 sactum
1273 2741 1420 2779 populus
1447 2739 1662 2779 approbavit.
1690 2736 1776 2768 Nam
1797 2744 1878 2767 eum

123 2786 299 2818 consulem
319 2786 433 2819 fecit.»
455 2804 495 2809 —
514 2787 631 2818 Fort.:
660 2787 751 2817 velat
771 2784 918 2818 Gracchi
934 2789 1048 2826 patris
1065 2787 1195 2827 factum
1213 2787 1362 2826 populas
1378 2787 1556 2817 Romanus
1575 2784 1648 2825 (sua
1669 2785 1877 2815 auctoritate

125 2835 340 2871 constituit),
382 2834 442 2874 qai
478 2843 554 2866 eum
580 2833 620 2865 ob
645 2834 698 2871 id,
742 2833 836 2873 quod
858 2835 1019 2865 insciente
1046 2834 1177 2874 colleqa
1202 2833 1359 2864 nonnihit
1383 2834 1506 2874 pessit,
1544 2836 1622 2871 post
1658 2829 1879 2861 consulatum

124 2880 295 2911 consulem
320 2880 412 2919 fecit.
439 2880 547 2913 ΒΑιΤ.
571 2894 609 2903 —
637 2880 669 2912 3.
699 2884 765 2911 tres
791 2888 858 2911 oin.
887 2880 929 2918 R,
959 2880 1081 2912 Graev.
1104 2897 1147 2901 —
1172 2880 1206 2912 9.
1237 2883 1286 2910 est
1311 2889 1378 2911 orn.
1407 2880 1469 2916 P..
1497 2880 1577 2909 item
1606 2877 1685 2909 Sch.
1717 2879 1806 2908 conl.
1835 2891 1876 2898 —-

124 2926 180 2958 11.
200 2925 396 2958 versabitur
420 2927 479 2958 ΑΤ
507 2932 540 2959 et
566 2935 653 2959 corr.
682 2926 730 2957 P:
758 2927 965 2958 versabatur
992 2936 1043 2965 pr.
1072 2926 1109 2963 P,
1139 2930 1173 2958 et
1197 2935 1300 2966 supra
1328 2935 1460 2958 versum
1488 2929 1656 2962 versetur,
1686 2928 1724 2955 ut
1750 2923 1880 2954 habent

124 2973 196 3005 RE.
226 2989 266 2995 —
307 2973 363 3004 12.
399 2982 569 3014 quamque
595 2973 670 3005 PT:
698 2981 977 3014 unamquamque
1001 2974 1051 3010 Α,
1079 2982 1230 3014 quasque
1257 2973 1329 3004 RE.
1361 2988 1398 2994 —
1444 2971 1497 3002 13.
1535 2971 1575 3001 In
1598 2970 1880 3009 praesentiarum

127 3019 214 3052 Cod.
235 3019 407 3051 Grevenb.
429 3019 566 3052 Gruteri
587 3024 621 3052 et
639 3028 727 3052 corr.
750 3021 848 3052 Leid.
869 3020 914 3052 ΙΙ.
940 3036 976 3041 -
1006 3019 1061 3051 14.
1080 3020 1246 3058 permixti
1263 3019 1341 3056 ΑΤ,
1366 3018 1566 3058 permixtim
1591 3017 1747 3049 Schedae
1768 3016 1879 3053 Oud..

123 3066 223 3099 Leid.
251 3066 280 3096 1.
308 3066 372 3096 111.
399 3065 520 3097 Lamb.
551 3083 589 3089 —
617 3067 672 3098 15.
700 3069 871 3107 descripte
896 3066 1012 3098 ART:
1051 3066 1240 3104 discriptae
1265 3066 1315 3103 P,
1341 3065 1483 3095 discrete
1509 3063 1548 3094 E.
1578 3080 1622 3086 --
1647 3063 1704 3094 23.
1731 3064 1782 3095 rei
1805 3071 1880 3094 non

123 3114 236 3145 solum
261 3112 308 3150 P,
336 3113 388 3143 L:
424 3120 496 3144 non
519 3113 570 3144 rei
595 3113 706 3144 sotum
732 3114 811 3153 AT,
842 3122 915 3144 non
939 3113 1049 3144 solum
1073 3114 1124 3144 rei
1149 3112 1222 3144 RE.
1260 3126 1300 3133 ——
1339 3111 1394 3141 27.
1430 3111 1642 3142 assensiones
1678 3119 1767 3142 corr.
1797 3109 1822 3140 P
1845 3112 1880 3140 et

125 3159 205 3192 Sch.
233 3160 349 3191 coni.:
377 3161 605 3191 assensionem
629 3159 752 3191 ARTE
780 3165 814 3193 et
841 3168 892 3198 pr.
913 3161 949 3191 P.
976 3177 1008 3183 —
1038 3159 1095 3192 32.
1122 3164 1284 3190 utrumne
1301 3157 1372 3188 ΛΤ.
1396 3173 1433 3181 -·
1461 3157 1519 3188 314.
1540 3157 1750 3197 Respondit:
1779 3155 1879 3186 Illius

124 3215 204 3239 vero
229 3205 350 3238 PART
377 3210 410 3238 et
436 3205 592 3246 plerique
619 3206 881 3244 Oudendorpii:
909 3207 1008 3238 Illius
1032 3214 1139 3242 vero,
1166 3205 1342 3244 respondit
1370 3203 1408 3234 E.
1444 3220 1476 3227 -
1517 3204 1656 3244 Agesis,
1684 3204 1822 3243 inquit:
1848 3201 1880 3232 si

126 3253 212 3285 Cod.
241 3253 413 3285 Manutii:
458 3252 527 3293 Aqe
557 3254 604 3283 sis
637 3253 748 3293 inquit
780 3254 865 3294 quid
889 3254 919 3284 si
944 3254 969 3284 P
1009 3250 1098 3292 (orto
1125 3251 1208 3292 quid
1233 3260 1271 3283 ex
1307 3251 1468 3289 praeced.
1496 3251 1570 3291 syll.
1600 3248 1712 3290 quit),
1755 3250 1823 3289 Aqe
1849 3248 1880 3278 si

125 3301 239 3342 inquit
264 3299 377 3337 ΛΚΤ,
409 3297 500 3339 Aue,
535 3299 673 3339 inquit,
707 3301 738 3330 si
763 3300 800 3331 E.
841 3316 876 3322 —
923 3300 979 3331 35.
1007 3304 1167 3329 utrumne
1200 3301 1295 3328 tuum
1328 3299 1445 3329 virum
1467 3298 1572 3328 malis
1598 3306 1647 3328 an
1671 3297 1764 3329 illius
1789 3294 1875 3327 PR:

127 3351 289 3381 utrumne
314 3351 412 3381 tuum
434 3345 535 3378 malis
557 3347 672 3378 virum
697 3354 743 3378 an
766 3346 859 3379 itlius
880 3345 961 3385 AT,
987 3346 1143 3377 virumne
1169 3349 1264 3377 tuum
1289 3353 1335 3377 an
1359 3344 1454 3377 illius
1477 3344 1580 3377 malis
1607 3344 1649 3376 Ε.
