2117 3762
846 208 889 250 C.
923 209 963 249 2.
997 210 1037 249 3.
1071 208 1111 249 lt.
1772 212 1853 253 477

112 314 226 355 cuius
259 312 299 354 in
332 312 488 355 infinita
519 314 760 369 quaestione
792 311 894 353 ordo
917 319 978 354 est
998 312 1104 354 idem
1127 312 1236 363 sere,
1267 327 1388 370 quem
1411 314 1610 368 exposui,
1643 314 1851 371 locorum;

109 377 151 417 in
182 374 346 417 definita
377 383 513 418 autem
544 374 775 417 adhibenda
806 381 900 415 sunt
929 375 995 417 illa
1027 376 1176 425 etiam,
1220 390 1325 432 quae
1355 375 1405 418 ad
1436 382 1592 419 motum
1624 377 1854 421 animorum

109 439 332 493 pertinent.
395 441 439 480 (1.
473 442 517 481 1³.
551 436 771 487 Quomodo
803 439 929 491 igitur
960 437 1036 479 ista
1067 438 1275 493 explicas?
1309 440 1353 480 C.
1378 441 1423 480 P.
1457 441 1602 482 Habeo
1621 444 1856 484 communia

108 508 330 556 praecepta
351 500 472 543 fidem
495 500 669 542 faciendi
692 505 731 540 et
754 500 1054 542 commovendi.
1117 502 1321 550 Quoniam
1343 501 1444 543 lidos
1467 508 1531 543 est
1549 501 1667 545 firma
1688 504 1827 558 opinio
1843 538 1853 555 ,

109 569 247 604 motus
279 569 412 605 autem
444 562 567 605 animi
599 564 777 603 incitatio
805 569 873 604 aut
903 565 953 604 ad
984 562 1236 618 voluptatem
1267 569 1338 605 aut
1367 565 1418 604 ad
1448 564 1678 607 molestiam
1709 573 1777 609 aut
1806 568 1886 610 ad⁵

109 632 263 667 metum
294 633 362 668 aut
392 627 441 667 ad
475 624 739 679 cupiditatem
770 649 824 656 -
846 631 905 667 tot
938 632 1031 666 sunt
1061 627 1169 666 enim
1192 631 1327 666 motus
1350 640 1525 679 genera,
1560 635 1696 684 partes
1718 630 1857 685 plures

109 702 308 740 generum
330 686 581 742 singulorum
599 710 653 718 —
668 719 678 736 ‚
704 701 868 729 omnem
890 688 1205 729 collocationem
1228 689 1279 728 ad
1300 688 1422 730 finem
1444 692 1713 735 accommodo
1733 708 1859 750 quae-

107 751 267 792 stionis.
328 752 427 791 Nam
471 755 532 790 est
562 750 601 789 in
634 752 849 805 proposito
878 749 970 791 linis
1000 748 1124 800 fides;
1172 749 1214 790 in
1255 763 1379 791 causa
1420 757 1459 792 et
1497 750 1598 795 sides
1631 761 1671 796 et
1702 762 1854 799 motus.

109 816 245 862 Quare
275 825 367 854 cum
399 810 448 852 de
479 825 601 852 causa
632 812 796 860 dixero,
828 813 869 853 in
900 826 981 867 qua
1012 817 1073 852 est
1102 811 1386 866 propositum,
1421 812 1472 854 dc
1493 821 1670 871 utroque
1692 817 1854 862 dixero.

110 877 175 915 10.
225 875 268 915 C.
302 876 347 914 F.
397 875 506 922 Quid
537 876 664 915 habes
695 874 819 928 igitur
848 873 898 915 de
942 887 1063 915 causa
1103 873 1277 915 dicere?
1328 877 1370 916 C.
1401 877 1442 918 Ρ.
1488 879 1734 921 Auditorum
1767 895 1907 924 eamio

106 949 256 989 genere
287 936 496 990 distingui.
559 938 659 977 Nam
692 942 762 978 aut
792 935 1044 977 auscultator
1074 935 1198 977 modo
1230 941 1292 977 est
1323 937 1392 992 qui
1423 940 1537 979 audit
1565 946 1635 981 aut
1656 942 1855 999 discepta—

106 1005 189 1046 tor,
222 1000 262 1039 id
294 1005 377 1046 est,
408 998 469 1040 rei
501 1000 810 1054 sententiaeque
842 1000 1109 1049 moderator3
1156 997 1211 1039 ita
1241 1004 1333 1047 aut,
1366 1005 1410 1041 ut
1440 1001 1694 1054 delectetur,
1727 1005 1855 1057 audit,

106 1068 176 1103 aut
204 1067 249 1103 ut
279 1068 427 1103 statuat
456 1060 627 1115 aliquid.
690 1060 839 1102 Statuit
868 1068 1006 1102 autem
1035 1065 1105 1102 aut
1133 1059 1184 1102 de
1215 1061 1477 1114 praeteritis,
1526 1070 1570 1105 ut
1598 1065 1748 1117 iudex,
1788 1076 1860 1112 aut
1889 1120 1894 1126 ,

105 1126 156 1166 de
196 1123 367 1173 suturis,
412 1130 459 1166 ut
498 1131 687 1174 senatus;
728 1123 787 1166 sic
829 1122 906 1165 tria
949 1124 1053 1164 haec
1095 1136 1272 1177 genera,
1314 1123 1482 1175 iudicii,
1529 1126 1855 1183 deliberationis,

106 1187 414 1237 exornationis;
464 1201 588 1242 quae,
620 1187 718 1242 quia
755 1188 796 1227 in
834 1185 1083 1227 laudationis
1126 1188 1306 1228 maxime
1351 1189 1585 1240 confertur,
1640 1198 1907 1250 proprium15

104 1251 231 1291 habet
260 1251 340 1291 iam
373 1263 426 1291 ex
457 1263 506 1291 eo
539 1262 706 1289 nomen.
765 1248 833 1290 IV.
870 1250 935 1290 11.
971 1248 1014 1289 C.
1036 1250 1079 1289 F.
1113 1250 1225 1298 Quas
1254 1263 1322 1292 res
1352 1250 1430 1292 sibi
1461 1261 1667 1309 proponet
1698 1258 1742 1299 in
1772 1260 1859 1302 istis

109 1311 240 1353 tribus
262 1311 480 1367 generibus
511 1314 686 1353 orator?
718 1312 762 1353 C.
795 1312 840 1352 P.
873 1311 1200 1353 Delectationem
1230 1312 1274 1354 in
1305 1316 1595 1366 exornatione,
1630 1319 1672 1361 in
1702 1319 1857 1364 iudicio

105 1380 175 1416 aut
204 1376 417 1416 saevitiam
448 1380 519 1416 aut
548 1373 806 1415 clementiam
837 1372 1004 1422 iudicis,
1040 1372 1084 1414 in
1116 1374 1310 1418 suasione
1343 1375 1509 1432 [autem]
1543 1385 1613 1421 aut
1642 1395 1757 1438 spem
1788 1390 1860 1427 aut

104 1437 489 1480 reformidationem
511 1436 793 1478 deliberantis.
855 1438 899 1479 C.
923 1438 968 1477 F.
1003 1437 1086 1478 Cur
1115 1438 1243 1492 igitur
1273 1443 1448 1495 exponis
1479 1443 1558 1483 hoc
1587 1444 1680 1486 loco
1704 1461 1857 1501 genera

105 1503 345 1543 causarum?
377 1502 421 1542 C.
454 1500 499 1540 P.
532 1500 581 1540 Ut
610 1501 814 1541 rationem
837 1497 1068 1541 collocandi
1090 1501 1141 1541 ad
1165 1499 1289 1544 finem
1310 1501 1509 1558 cuiusque
1532 1512 1857 1554 accommodem.
1872 1528 1908 1554 20

107 1565 172 1605 12.
223 1565 267 1606 C.
299 1564 345 1604 F.
395 1563 587 1612 Quonam
618 1561 782 1603 tandem
812 1560 965 1602 modo?
1018 1562 1064 1604 C.
1097 1563 1142 1604 P.
1178 1563 1306 1614 Quia,
1348 1564 1498 1622 quibus
1526 1567 1569 1610 in
1600 1574 1858 1618 orationibus

105 1624 323 1667 delectatio
352 1625 448 1666 finis
479 1630 564 1674 est,
608 1625 712 1667 varii
742 1630 836 1665 sunt
865 1624 1033 1665 ordines
1064 1624 1308 1668 collocandi.
1383 1630 1485 1670 Nam
1524 1637 1594 1673 aut
1622 1639 1859 1691 temporum

105 1693 324 1730 servantur
344 1688 495 1741 gradus
525 1691 597 1727 aut
626 1699 825 1741 generum
856 1685 1193 1739 distributiones;
1224 1695 1296 1731 aut
1325 1703 1349 1731 a
1379 1690 1610 1736 minoribus
1631 1695 1682 1738 ad
1703 1699 1858 1743 maiora

105 1749 393 1792 adscendimus
431 1755 501 1791 aut
531 1762 554 1790 a
582 1749 808 1790 maioribus
838 1747 890 1790 ad
919 1750 1079 1790 minora
1109 1749 1365 1803 delabimur;
1411 1759 1481 1796 aut
1520 1757 1620 1799 haec
1650 1759 1857 1816 inaequali

105 1815 302 1855 varietate
323 1813 635 1867 distinguimus,
666 1826 758 1853 cum
790 1825 914 1866 parva
944 1814 1127 1867 magniS,
1159 1814 1360 1870 simplicia
1391 1818 1645 1872 coniunctis,
1680 1823 1858 1869 obscura
1872 1843 1907 1870 25

106 1875 315 1923 dilucidis,
358 1874 466 1917 laeta
503 1874 713 1924 tristibus,
762 1873 1018 1917 incredibilia
1060 1876 1346 1929 probabilibus
1384 1880 1627 1933 inteximus,
1679 1899 1784 1942 quae
1814 1890 1856 1930 in

105 1939 418 1981 exornationem
458 1940 612 1980 cadunt
654 1937 806 1980 omnia.
866 1939 930 1980 13.
981 1938 1026 1979 C.
1060 1940 1106 1980 F.
1155 1939 1286 1990 Quid,
1336 1942 1379 1982 in
1419 1943 1718 1990 deliberatione
1759 1952 1858 2006 quid

104 2003 293 2055 spectas?
343 2002 385 2043 C.
413 2002 459 2042 P.
496 1999 701 2056 Principia
731 1999 796 2043 vel
825 2014 910 2043 non
939 2002 1064 2056 longa
1092 2004 1158 2045 vel
1189 2017 1314 2059 saepe
1344 2005 1469 2048 nulla.
1530 2010 1634 2052 Sunt
1663 2013 1774 2054 enim
1805 2015 1857 2055 ad

105 2063 355 2106 audiendum
394 2065 464 2120 qui
502 2062 734 2105 deliberant
769 2077 845 2105 sua
881 2078 1005 2106 causa
1042 2067 1192 2119 parati.
1255 2069 1339 2110 Nec
1382 2069 1556 2114 multum
1596 2087 1695 2116 sane
1734 2089 1859 2132 saepe

104 2128 355 2168 narrandum
376 2131 449 2167 est.
506 2129 580 2167 Est
599 2126 708 2168 enim
732 2126 913 2169 narratio
943 2134 1013 2170 aut
1042 2130 1362 2184 praeteritarum
1393 2147 1533 2177 rerum
1563 2141 1634 2178 aut
1662 2151 1859 2191 praesen-
1872 2155 1908 2182 ³0

104 2188 232 2239 tium;
264 2190 401 2230 suasio
432 2193 569 2230 autem
598 2187 847 2231 futurarum.
909 2191 1048 2240 Quare
1079 2194 1131 2233 ad
1160 2191 1284 2234 fidem
1316 2199 1355 2236 et
1375 2197 1427 2236 ad
1447 2202 1605 2240 motum
1626 2199 1858 2244 adhibenda

105 2257 168 2294 est
198 2253 332 2294 omnis
362 2253 511 2293 oratio.
574 2253 640 2293 llt.
675 2254 717 2294 C.
742 2253 787 2293 F.
822 2251 952 2302 Quid,
983 2255 1027 2295 in
1046 2253 1207 2297 iudiciis
1234 2269 1339 2312 quae
1371 2263 1433 2299 est
1463 2260 1710 2303 collocatio?
1742 2265 1786 2306 C.
1809 2267 1854 2306 P.

105 2317 197 2357 Non
227 2316 371 2357 eadem
401 2314 652 2356 accusatoris
688 2321 728 2357 et
746 2313 834 2364 rei,
866 2315 976 2371 quod
1005 2323 1221 2361 accusator
1250 2333 1390 2363 rerum
1422 2322 1611 2365 ordinem
1641 2327 1859 2383 prosequi-

104 2382 171 2419 tur
202 2383 244 2420 et
272 2377 433 2433 singula
462 2382 702 2432 argumenta
731 2379 849 2434 quasi
879 2380 999 2421 hasta
1028 2380 1070 2422 in
1100 2395 1224 2424 mauu
1253 2383 1450 2427 collocata
1477 2385 1744 2430 vehementer
1761 2403 1859 2445 pro-

101 2464 1854 2484 Ἣ.-

197 2505 230 2537 1.
257 2505 356 2537 ευίυε
379 2504 519 2538 seclusit
545 2505 587 2537 E.
617 2503 731 2544 (cuius
753 2505 892 2547 infinita
916 2507 1073 2547 quaestio
1098 2511 1170 2539 est:
1196 2509 1281 2540 ordo
1305 2510 1394 2543 idem
1419 2509 1477 2554 V.)
1503 2530 1545 2537 -—
1579 2514 1613 2546 2.
1641 2520 1756 2548 motus
1780 2517 1854 2550 RV.

108 2567 143 2576 —-
174 2551 208 2584 3.
227 2553 424 2584 communia
445 2554 556 2585 omitti
576 2560 595 2584 a
613 2552 654 2583 V.
675 2556 792 2585 narrat
810 2553 1013 2593 Ernestius,
1041 2556 1142 2587 cuius
1160 2557 1337 2589 varietatis
1356 2567 1426 2591 non
1444 2562 1604 2593 meminit
1622 2562 1656 2594 in
1675 2571 1736 2595 sua
1756 2565 1858 2598 colla-

106 2600 201 2631 tione
220 2598 334 2632 Beier.
371 2600 412 2631 Et
435 2602 485 2632 sic
503 2599 687 2638 aliquoties
714 2600 893 2632 Ernesuus
919 2605 980 2632 aut
1005 2601 1204 2635 contudisse
1231 2602 1315 2636 Cod.
1336 2604 1364 2635 B
1382 2605 1520 2640 videtur
1544 2616 1622 2640 cum
1650 2609 1679 2641 V
1703 2614 1762 2642 aut
1787 2619 1857 2643 om-

106 2648 190 2678 nino
215 2654 362 2679 errasse.
389 2663 434 2669 —-
470 2647 504 2679 6.
532 2650 615 2678 sunt
641 2648 730 2678 enim
754 2647 840 2679 RV:
880 2648 969 2680 enim
993 2653 1075 2680 sunt
1101 2649 1140 2682 E.
1177 2665 1217 2671 —
1261 2651 1295 2683 9.
1324 2651 1388 2685 Vv.
1415 2654 1453 2685 in
1477 2662 1546 2694 qua
1571 2659 1617 2687 est
1636 2657 1857 2697 propositum

107 2697 265 2732 suspecta
292 2694 475 2733 Ernestio;
502 2694 562 2726 sed
588 2703 620 2727 v.
642 2692 679 2734 δ.
706 2694 763 2726 61.
792 2710 832 2717 -
870 2695 927 2727 11.
953 2695 1054 2726 modo
1080 2699 1127 2727 est
1153 2696 1228 2729 RV.
1256 2697 1310 2739 (ln
1338 2698 1368 2731 V
1391 2700 1493 2731 modo
1521 2709 1538 2732 a
1564 2711 1610 2735 m.
1638 2711 1706 2736 rec.
1725 2727 1734 2741 ,
1762 2705 1855 2738 unde

108 2740 193 2771 Ern.
220 2740 322 2772 tradit
349 2741 383 2772 in
411 2749 452 2773 eo
480 2743 589 2774 omitti
615 2741 740 2778 modo;
767 2741 802 2773 id
829 2741 924 2782 quod
951 2741 1103 2783 probat.)
1132 2742 1294 2778 Ceterum
1320 2750 1370 2778 est
1393 2748 1495 2779 modo
1520 2748 1590 2780 LE.
1630 2766 1671 2772 —
1709 2751 1766 2783 12.
1803 2753 1858 2784 ita

107 2789 193 2825 aut,
219 2791 257 2818 ut
281 2786 487 2823 delectetur,
528 2788 627 2820 audit
642 2811 651 2826 ,
689 2790 751 2819 aut
776 2791 815 2819 ut
839 2792 975 2821 statuat
1000 2789 1080 2822 YR:
1125 2791 1178 2822 ita
1203 2789 1391 2832 (superscr.
1420 2794 1497 2835 aut)
1521 2799 1561 2827 ut
1585 2795 1768 2829 delectetur
1791 2803 1857 2831 aut

107 2835 159 2864 ita
184 2837 221 2865 ut
245 2837 379 2865 statuat
404 2834 434 2866 V
449 2858 458 2870 ,
496 2835 548 2867 ita
563 2857 572 2870 ‚
615 2838 654 2866 ut
693 2837 754 2866 aut
778 2835 964 2867 delectetur
988 2841 1052 2869 aut
1076 2841 1210 2869 statuat
1247 2838 1329 2879 (om.
1357 2841 1458 2872 audit
1484 2845 1518 2873 et
1541 2846 1581 2873 ut
1606 2847 1684 2876 ante
1708 2844 1858 2886 statuat)

108 2881 150 2911 E.
179 2895 220 2901 —
247 2879 302 2912 14.
330 2880 410 2912 haec
435 2881 544 2914 YRV:
584 2884 664 2913 sunt
701 2881 739 2912 E.
779 2898 820 2904 —
862 2882 918 2914 15.
948 2882 1162 2915 laudationis
1191 2887 1278 2921 (scil.
1306 2886 1427 2928 genus)
1455 2888 1506 2919 Y:
1550 2888 1788 2924 laudationem
1811 2893 1854 2932 R,

107 2925 325 2959 laudationes
349 2926 422 2959 VE.
464 2941 507 2950 —
548 2927 604 2960 16,
631 2927 730 2960 habet
754 2925 840 2969 iam]
866 2932 982 2961 tamen
1006 2930 1106 2962 habet
1132 2930 1183 2971 Y,
1221 2933 1292 2964 iam
1316 2934 1395 2965 inde
1417 2934 1553 2966 habebit
1577 2934 1652 2976 (sic)
1679 2938 1727 2977 R,
1758 2939 1857 2972 habet

110 2973 195 3015 (om.
219 2973 306 3014 iam)
331 2973 373 3006 V.
410 2990 456 2995 -—
491 2976 660 3015 proponit
685 2975 758 3008 RV.
797 2990 840 2999 —
880 2980 1005 3008 orator
1028 2979 1065 3009 in
1088 2978 1163 3008 istis
1189 2980 1297 3012 tribus
1320 2981 1499 3021 yeneribus
1524 2982 1598 3015 RV.
1633 2982 1856 3025 (Suspectum

107 3021 209 3054 nobis
235 3024 288 3052 est
311 3029 343 3054 v.
370 3020 520 3061 orator.)
558 3039 597 3045 —
641 3021 696 3054 18.
726 3025 840 3054 autem
865 3031 933 3055 om.
961 3023 1033 3056 RV.
1060 3023 1131 3056 Nos
1157 3026 1377 3058 seclusimus.
1406 3044 1443 3050 -
1482 3028 1538 3060 19.
1565 3029 1627 3061 hoc
1653 3030 1726 3064 loco
1748 3034 1856 3066 inter-

103 3069 208 3110 ponis
233 3067 275 3099 V.
308 3083 338 3091 —
370 3067 428 3098 20.
456 3076 646 3100 causarum
671 3069 753 3101 YR:
780 3072 1098 3102 controversiarum
1124 3071 1196 3103 VE.
1224 3090 1265 3096 —
1291 3073 1501 3106 commodem
1526 3075 1568 3108 V.
1601 3094 1636 3101 —
1677 3078 1735 3110 24.
1761 3081 1857 3114 inae-

108 3114 242 3157 quabili
268 3113 356 3145 Edd.
383 3117 467 3146 vett.
494 3114 588 3147 Man.
618 3115 718 3148 Grut.
767 3115 811 3147 Ut
838 3124 923 3155 nos,
949 3117 1039 3149 BRV
1064 3115 1160 3158 (nam
1187 3119 1301 3151 Viteb.
1329 3127 1369 3152 ex
1397 3120 1510 3154 Beleri
1538 3122 1719 3158 collatione
1747 3126 1855 3161 diviso

107 3163 147 3193 in
169 3160 329 3203 aequali,
367 3168 437 3192 non
462 3161 698 3202 inaequabili,
737 3166 777 3194 ut
813 3167 931 3196 narrat
956 3163 1081 3202 Ern.)‚
1118 3166 1200 3197 item
1226 3165 1350 3199 Lamb.
1379 3166 1542 3200 Ceterum
1579 3174 1742 3205 neutrum
1777 3183 1852 3208 voc.

110 3208 191 3241 alibi
216 3209 386 3248 reperitur
413 3207 504 3247 apud
532 3207 605 3240 th.
634 3223 674 3231 —
700 3208 758 3240 26.
783 3209 1021 3242 interserimus
1046 3210 1088 3242 R.
1130 3227 1169 3233 —
1212 3211 1269 3244 30.
1295 3217 1359 3244 aut
1384 3218 1463 3247 ante
1486 3220 1758 3255 praeteritarum
1783 3230 1851 3253 om.

108 3256 140 3288 R
165 3259 199 3288 et
223 3264 274 3297 pr.
301 3254 343 3285 V.
372 3254 419 3286 Ex
448 3255 474 3285 B
499 3256 619 3288 ascivit
643 3255 834 3288 Ernestius.
865 3274 902 3280 —
941 3257 998 3288 34.
1024 3257 1143 3288 hastas
1168 3257 1218 3297 R3
1261 3260 1353 3291 idem
1380 3260 1448 3294 vit.
1476 3262 1598 3297 tribuit
1622 3266 1707 3300 Ern.
1736 3271 1852 3300 contra

109 3311 221 3336 meam
247 3300 478 3336 collationem.
528 3302 619 3334 Hinc
645 3301 829 3335 schulzius
854 3302 990 3338 volebat
1013 3303 1134 3337 hastas
1158 3320 1173 3328 -
1197 3321 1213 3328 -
1236 3306 1436 3341 collocatas.
