2117 3762
582 322 650 363 AD
681 322 735 362 M.
771 321 981 364 BRUTUM
1013 321 1056 364 C.
1092 324 1131 364 2.
1166 324 1205 368 3.
1237 323 1277 364 ἂ.
1728 327 1807 369 405

56 442 162 469 mus.
227 429 291 469 10.
336 429 418 469 llas
448 441 586 470 rerum
618 427 772 468 formas
803 427 982 482 appellat
1011 430 1130 478 ἰδέας
1162 429 1228 471 ille
1258 441 1341 471 non
1372 427 1624 484 intelligendi
1658 431 1807 480 solum,

56 493 126 532 sed
159 489 282 531 etiam
314 490 476 532 (licendi
506 489 772 544 gravissimus
802 497 946 532 auctor
976 498 1017 532 et
1047 492 1268 545 magister,
1317 491 1455 542 l'lat03
1507 506 1661 547 easque
1700 495 1808 547 gigni

55 560 179 607 negat
218 559 259 595 et
297 554 354 594 ait
392 566 558 608 semper
596 566 686 593 esse
726 566 772 592 ac
816 556 972 595 ratione
1014 560 1052 596 et
1088 555 1358 609 intelligentia
1389 554 1617 604 contineri3
1671 562 1810 596 cetera

55 615 168 657 nasci
199 615 410 664 occidere.
443 618 572 657 fluere
602 613 709 663 labi,
743 629 818 656 nce
852 616 1006 657 (liutius
1038 631 1127 657 esse
1159 632 1241 658 uno
1265 623 1306 657 et
1326 616 1473 658 eodem
1495 623 1618 659 statu.
1681 619 1812 667 Quid-

57 678 156 734 quid
187 685 249 720 est
278 679 425 733 igitur,
459 679 509 718 de
539 690 622 731 quo
652 678 810 718 ratione
843 685 883 719 et
914 678 978 719 via
1010 678 1263 733 disputetur,
1295 679 1335 719 id
1358 685 1418 721 est
1448 680 1501 720 ad
1530 678 1716 720 ultimam
1748 681 1842 720 suis

57 741 222 797 generis
250 740 427 784 sormam
457 739 720 795 speciemque
754 742 1035 795 redigendum.

172 806 235 845 11.
280 805 339 845 Ac
377 804 498 844 video
536 804 640 843 hanc
678 805 851 858 primam
891 803 1194 858 ingressionem
1233 816 1364 844 meam
1403 817 1487 844 non
1525 819 1576 845 ex
1617 804 1813 846 oratoriis

56 865 401 921 disputationibus
432 864 621 914 ductam,
660 867 732 907 sed
765 881 786 907 e
818 866 955 907 media
983 865 1250 921 philosophia
1280 867 1499 920 repetitam
1531 873 1573 907 et
1604 880 1693 908 eam
1724 869 1815 923 qui-

56 932 150 971 dem
181 943 274 970 cum
305 929 513 982 antiquam
546 935 631 970 tum
662 927 962 970 subobscuram
989 935 1058 969 aut
1080 929 1416 981 reprehensionis
1439 927 1592 983 aliquid
1613 935 1682 970 aut
1703 936 1814 971 certe

55 991 336 1035 admirationis
366 989 612 1032 habituram.
670 993 770 1032 Nam
802 998 873 1032 aut
904 991 1187 1039 mirabuntur,
1235 991 1335 1045 quid
1366 991 1469 1031 haec
1500 993 1734 1046 pertineant
1762 991 1813 1034 ad
1828 1006 1865 1031 10

55 1069 127 1103 ea,
173 1067 279 1110 quae
321 1055 581 1109 quaerimus3
634 1052 783 1109 quibus
821 1053 1045 1095 satisfaciet
1082 1067 1148 1094 res
1186 1055 1273 1107 ipsa
1305 1054 1491 1105 cognita,
1536 1059 1695 1095 utnon
1725 1056 1816 1096 sine

56 1130 179 1159 causa
207 1116 289 1158 alte
320 1118 496 1169 repetita
527 1118 740 1166 videatur3
792 1122 861 1157 aut
891 1117 1216 1171 reprehendent,
1248 1117 1362 1169 quod
1392 1114 1606 1156 inusitatas
1637 1116 1724 1157 vias
1754 1117 1817 1158 in-

55 1181 274 1233 dagemus,
316 1180 430 1220 tritas
462 1177 757 1234 relinquamus.
821 1181 885 1222 12.
932 1181 1020 1231 Ego
1052 1183 1191 1219 autem
1224 1183 1265 1218 et
1295 1191 1361 1219 me
1392 1191 1515 1232 saepe
1548 1191 1654 1219 nova
1685 1179 1817 1221 videri

56 1241 195 1283 dicere
227 1242 432 1296 intelligo,
465 1254 557 1282 cum
590 1247 811 1296 pervetera
841 1242 993 1288 dicam,
1025 1242 1098 1281 sed
1129 1241 1312 1281 inaudita
1342 1241 1583 1296 plerisque3
1617 1246 1657 1282 et
1686 1242 1818 1284 fateor

55 1318 122 1345 me
152 1310 389 1353 oratorem,
423 1305 456 1345 si
488 1305 613 1345 modo
645 1303 722 1344 sim
753 1308 822 1344 aut
852 1303 975 1344 etiam
1007 1302 1242 1358 quicunque
1273 1302 1371 1350 sim,
1403 1316 1487 1344 non
1518 1317 1572 1345 cx
1602 1306 1815 1346 rhetorum
1830 1316 1867 1342 13

57 1365 232 1408 officinis
275 1366 348 1408 sed
379 1381 431 1408 ex
461 1366 705 1407 Academiae
744 1365 885 1420 spatiis
927 1365 1156 1406 exstitisse:
1209 1364 1278 1406 illa
1319 1366 1430 1405 enim
1467 1371 1562 1406 sunt
1601 1367 1813 1409 curricula

56 1429 344 1483 multiplicium
385 1429 682 1483 variorumque
720 1441 985 1475 sermonum,
1034 1426 1074 1468 in
1115 1428 1266 1481 quibus
1296 1427 1478 1469 Platonis
1508 1429 1686 1483 primum
1722 1436 1819 1472 sunt

57 1495 259 1548 impressa
288 1492 474 1546 vestigia.
538 1492 618 1532 Sed
651 1495 691 1531 ct
719 1491 843 1531 huius
874 1496 916 1530 et
943 1489 1120 1531 aliorum
1156 1488 1502 1544 philosophorum
1535 1491 1820 1546 disputationi-

58 1557 136 1597 bus
166 1561 207 1597 et
235 1556 464 1609 exagitatus
494 1555 673 1594 maxime
703 1558 848 1594 orator
879 1557 942 1592 est
971 1558 1013 1592 ct
1041 1553 1220 1596 adiutus.
1281 1552 1426 1593 Omnis
1454 1552 1566 1594 enim
1588 1552 1755 1596 ubertas
1777 1559 1818 1596 et

58 1619 175 1672 quasi
206 1617 308 1658 silva
338 1616 501 1658 dicendi
532 1618 654 1657 ducta
684 1617 734 1656 ab
766 1614 845 1656 illis
874 1619 936 1656 est
964 1628 1039 1656 nec
1069 1615 1165 1656 satis
1197 1622 1336 1655 tamen
1365 1615 1564 1656 instructa
1595 1617 1646 1656 ad
1676 1615 1819 1659 sorcn-
1834 1632 1870 1657 20

59 1694 124 1722 ses
146 1693 310 1730 causas;
342 1693 465 1735 quas.
497 1684 543 1720 ut
564 1677 621 1719 illi
643 1677 725 1731 ipsi
748 1676 887 1718 dicere
916 1675 1125 1725 solebant,
1156 1678 1456 1732 agrestioribus
1484 1678 1612 1719 Musis
1641 1678 1822 1734 relique-

58 1749 172 1785 runt.
236 1745 301 1784 13.
336 1741 403 1783 Sic
434 1741 669 1797 eloquentia
700 1739 802 1781 haec
832 1737 1009 1780 forensis
1039 1745 1180 1794 spreta
1209 1753 1232 1780 a
1262 1738 1520 1794 philosophis
1541 1746 1582 1781 et
1602 1743 1822 1795 repudiata

59 1806 198 1847 multis
227 1805 396 1861 quidem
427 1803 498 1845 illa
528 1801 776 1844 adiumentis
806 1800 1050 1856 magnisque
1077 1803 1229 1850 caruit,
1261 1804 1335 1843 sed
1356 1808 1494 1844 tamen
1515 1809 1660 1845 ornata
1681 1806 1820 1846 verbis

59 1875 181 1922 atque
221 1867 435 1909 sententiis
471 1867 735 1907 iactationem
774 1862 919 1905 babuit
956 1865 997 1904 in
1039 1865 1196 1918 populo
1237 1877 1313 1905 nec
1354 1878 1581 1919 paucorum
1623 1865 1820 1908 iudicium

59 1931 516 1985 reprehensionemque
555 1926 782 1981 pertimuit.
843 1927 904 1967 Ita
935 1931 976 1967 et
1005 1926 1138 1968 doctis
1178 1926 1413 1983 eloquentia
1446 1927 1658 1983 popularis
1690 1934 1731 1970 et
1761 1930 1822 1970 di-
1835 1943 1872 1970 2⁵

61 1993 181 2036 sertis
213 1992 378 2046 elegans
409 1990 599 2032 doctrina
628 1989 770 2031 defuit.

172 2055 240 2096 IV.
283 2056 348 2096 14.
393 2054 579 2094 Positum
610 2052 663 2093 sit
694 2053 820 2105 igitur
849 2050 1078 2106 imprimis,
1118 2050 1231 2108 quod
1260 2056 1355 2107 post
1384 2053 1515 2107 magis
1544 2053 1822 2107 intelligetur,

63 2119 149 2160 sine
181 2117 446 2172 philosophia
476 2129 559 2157 non
589 2128 712 2170 posse
743 2113 873 2161 effici,
905 2127 1026 2169 quem
1058 2116 1317 2170 quaerimus,
1348 2116 1634 2170 eloquentem3
1667 2131 1750 2158 non
1783 2121 1828 2158 ut

62 2183 104 2222 in
135 2194 183 2222 ea
214 2186 352 2221 tamen
383 2178 521 2219 omnia
551 2177 654 2225 sint,
695 2179 767 2218 scd
798 2183 843 2218 ut
872 2178 931 2217 sic
961 2178 1127 2218 adiuvet
1156 2183 1202 2218 ut
1249 2176 1457 2231 palaestra
1493 2177 1741 2220 histrionem
1772 2203 1826 2210 —

62 2257 192 2298 parva
230 2241 341 2283 enim
380 2242 539 2294 magnis
578 2253 701 2294 saepe
739 2239 971 2280 rectissime
1014 2240 1290 2281 conseruntur
1327 2255 1406 2290 -;
1454 2253 1548 2281 nam
1586 2254 1664 2282 nec
1704 2241 1871 2284 latius³o

65 2319 198 2360 neque
228 2303 439 2359 copiosius
470 2304 521 2343 de
552 2303 712 2356 magnis
744 2301 949 2356 variisque
979 2301 1104 2343 rebus
1135 2304 1223 2344 sine
1253 2302 1518 2358 philosophia
1549 2308 1683 2358 potest
1712 2305 1825 2359 quis-

66 2382 188 2423 quam
213 2367 372 2416 dicere;
407 2368 470 2406 15.
494 2365 699 2418 siquidem
722 2365 844 2404 etiam
865 2366 907 2404 in
927 2363 1115 2406 Phaedro
1138 2364 1316 2406 Platonis
1338 2363 1415 2406 hoc
1434 2365 1636 2406 Periclem
1658 2367 1825 2420 praesti-

66 2432 163 2471 tisse
193 2430 343 2470 ceteris
374 2426 472 2468 dicit
502 2424 740 2467 oratoribus
771 2427 986 2475 Socrates,
1020 2428 1132 2481 quod
1163 2428 1197 2467 is
1228 2429 1500 2481 Anaxagorae
1526 2427 1684 2484 physici
1707 2428 1828 2470 fucrit

66 2491 252 2542 auditor;
301 2505 325 2532 a
355 2503 436 2545 quo
470 2494 613 2530 censet
643 2501 762 2537 cum,
812 2503 904 2530 cum
943 2489 1022 2530 alia
1061 2491 1272 2544 praeclara
1303 2489 1508 2545 quaedam
1540 2496 1582 2530 et
1611 2490 1826 2545 magnilica

67 2555 300 2600 didicisset,
331 2555 503 2594 uberem
536 2557 578 2593 et
608 2550 828 2592 secundum
850 2551 976 2592 fuisse
997 2564 1256 2605 gnarumque
1275 2575 1330 2582 —
1351 2555 1462 2607 quod
1485 2557 1546 2593 est
1566 2552 1825 2606 eloquentiae
1842 2567 1876 2592 35

67 2619 367 2664 maximum—,
390 2616 540 2670 quibus
558 2615 757 2655 orationis
778 2614 912 2655 modis
935 2626 1124 2668 quaeque
1147 2609 1380 2656 animorum
1403 2620 1540 2668 partes
1561 2616 1826 2668 pellerentur.

69 2681 192 2729 Quod
221 2678 332 2721 idem
363 2680 414 2719 de
444 2676 722 2718 Demosthene
754 2675 981 2718 existimari
1012 2681 1172 2729 potest,
1207 2678 1322 2718 cuius
1353 2691 1406 2719 ex
1436 2678 1619 2732 epistolis
1650 2677 1823 2729 intelligi

68 2741 185 2789 licet,
225 2754 347 2796 quam
377 2739 573 2796 frequens
604 2738 729 2780 suerit
758 2738 940 2780 Platonis
970 2740 1149 2780 auditor.
1215 2741 1280 2781 16.
1329 2742 1415 2782 Nec
1446 2753 1544 2782 vero
1576 2741 1662 2780 sine
1694 2738 1826 2793 philo-

163 2900 195 2931 1.
223 2899 327 2940 ἰδέας
350 2899 480 2932 Graece
507 2900 650 2938 scripsit
686 2899 782 2930 ideas
816 2907 892 2930 cum
920 2898 1013 2930 libris
1039 2903 1074 2930 et
1100 2899 1189 2930 Edd.
1228 2899 1399 2939 prioribus
1427 2899 1466 2931 E.
1508 2915 1544 2921 —-
1587 2897 1621 2929 7.
1651 2898 1819 2929 oratoriis

73 2946 289 2978 Strebaeus:
317 2948 474 2977 oratoris
502 2955 578 2978 cnm
607 2945 703 2977 libris
730 2945 881 2985 (praeter
900 2944 985 2984 Vit.)
1004 2945 1084 2982 RE,
1115 2948 1299 2977 oratorum
1320 2946 1386 2977 Vit.
1410 2962 1446 2968 -
1475 2944 1509 2976 9.
1537 2953 1613 2976 cum
1629 2942 1825 2984 antiquam]

72 2998 146 3024 tum
173 2996 249 3025 ant.
291 2993 363 3024 vn.
390 2993 495 3024 Gu.2.
523 2993 649 3026 Dresd.
680 2993 722 3024 Ut
747 3002 834 3030 nos,
862 2992 979 3028 Eins.,
1007 2992 1050 3023 R.
1072 3008 1110 3015 —
1139 2993 1196 3024 11.
1226 2998 1263 3024 ut
1290 3002 1359 3023 non
1384 2995 1456 3023 tam
1481 2991 1549 3022 alte
1576 2991 1671 3022 Eins.
1700 3005 1741 3010 —
1769 2990 1826 3022 14.

73 3041 178 3071 etiam
203 3048 272 3071 om.
301 3039 343 3070 R.
386 3055 423 3062 —-
467 3040 521 3071 17.
551 3044 632 3071 sunt
657 3041 828 3079 impressa
855 3047 930 3069 cum
959 3038 1053 3069 libris
1080 3037 1196 3079 (etiam
1224 3038 1335 3077 Eins.)
1362 3038 1511 3070 Lamb.:
1554 3038 1725 3077 impressa
1748 3042 1828 3070 suunt

73 3087 147 3119 RE.
174 3102 218 3107 —
243 3087 300 3117 20.
328 3089 377 3117 est
400 3085 443 3117 ab
471 3086 541 3116 illis
566 3087 662 3118 Eins.
692 3104 726 3109 -
759 3091 873 3117 tamen
897 3086 982 3116 satis
1009 3085 1102 3116 Eins.
1132 3101 1169 3107 —
1213 3087 1389 3116 instructa
1415 3090 1529 3115 tamen
1554 3084 1596 3115 R.
1627 3098 1664 3104 —
1692 3084 1750 3114 21.
1777 3092 1830 3114 re-

73 3135 200 3174 liquere
224 3133 294 3164 Vit.
321 3133 452 3172 Meyer.
497 3132 566 3164 Ctr.
595 3134 719 3172 Zumpt
744 3133 785 3164 ad
814 3132 913 3164 Verr.
942 3139 976 3170 p.
1004 3131 1084 3162 102.
1121 3148 1158 3154 —
1203 3132 1258 3163 23.
1287 3131 1350 3161 illa
1375 3132 1512 3171 quidem
1536 3131 1589 3167 R.
1627 3134 1666 3162 ut
1691 3129 1829 3162 volebat

73 3181 189 3212 Beier.
217 3194 258 3200 —-
284 3179 492 3219 magnisque
519 3180 730 3211 adiumentis
758 3180 856 3210 Eins.
885 3194 922 3200 —
962 3177 1021 3209 29.
1048 3178 1118 3209 sint
1145 3179 1261 3209 omnia
1287 3178 1408 3208 Lamb.
1441 3176 1523 3216 (non
1552 3176 1648 3208 Eins.
1666 3200 1675 3216 ,
1702 3177 1760 3214 R.)
1788 3194 1825 3200 —

74 3227 130 3259 31.
158 3234 264 3265 neque
289 3233 364 3264 cop.
394 3225 511 3256 Eins.:
538 3235 596 3257 nec
619 3234 692 3265 cop.
723 3225 764 3257 E.
792 3226 914 3266 (neque
939 3223 1000 3256 lat.
1027 3233 1133 3264 neque
1156 3232 1232 3263 cop.
1262 3223 1329 3255 Gu.
1358 3225 1389 3255 1.
1417 3223 1488 3262 2.)‚
1525 3228 1629 3264 atque
1653 3232 1728 3263 cop.
1756 3224 1826 3254 vu.

79 3274 131 3310 R,
171 3272 310 3305 Goeller
334 3273 417 3302 min.
449 3276 566 3303 contra
594 3272 829 3304 Latinitatem.
874 3270 943 3301 (Σίν.
979 3268 1017 3309 §-
1045 3269 1130 3307 20..
1167 3272 1227 3301 ubi
1262 3271 1382 3302 eedem
1415 3274 1467 3302 est
1491 3269 1661 3303 confusio.
1690 3284 1731 3291 —
1769 3269 1825 3300 32.

76 3319 231 3350 Periclen
269 3318 335 3350 Gu.
375 3318 408 3348 2.
448 3332 491 3339 —
541 3318 598 3350 33.
633 3318 726 3349 dicat
758 3318 828 3350 vu.
867 3318 959 3348 Eins.
990 3316 1113 3348 Dresd.
1161 3316 1228 3347 (iu.
1257 3317 1289 3349 1.
1317 3317 1352 3348 2.
1381 3316 1422 3348 R.
1455 3332 1495 3340 —
1539 3316 1596 3349 35.
1636 3323 1830 3355 uarumque

76 3366 197 3398 Lamb.
236 3365 305 3397 Cl'r.
333 3362 370 3406 ἕ.
398 3363 479 3396 158.
505 3381 550 3386 --
587 3364 644 3397 36.
671 3365 924 3405 appellarentur
950 3363 1044 3395 Eins.
1062 3385 1071 3401 ‚
1097 3363 1354 3403 impellerentur
1377 3363 1458 3396 Ald.
1483 3371 1555 3400 sec.
1593 3362 1662 3396 Cir.
1690 3362 1825 3394 Partitt.

78 3417 163 3445 orat.
191 3409 228 3454 5.
255 3412 291 3444 [ι.
