2117 3762
270 248 352 290 346
1049 250 1247 291 BRUTUS

270 367 363 396 mea
391 354 493 403 fert,
541 367 662 396 sucus
691 352 759 395 ille
789 356 830 394 et
858 352 1026 407 sanguis
1053 352 1316 411 incorruptus
1346 370 1477 410 usque
1507 357 1559 397 ad
1590 358 1693 398 hanc
1724 361 1898 399 aetatem
1929 371 2023 400 ora-

270 421 406 459 torum
433 417 535 465 fuit,
568 419 611 457 in
631 430 710 471 qua
740 415 936 457 naturalis
967 417 1141 464 inesset,
1186 431 1269 459 non
1310 418 1469 459 fucatus
1505 419 1629 459 nitor.
1690 420 1758 459 37.
1801 419 2023 462 Phalereus

270 478 380 521 enim
411 479 606 521 successit
635 479 693 518 eis
725 479 894 519 senibus
934 476 1200 528 adolescens,
1249 481 1549 523 eruditissimus
1579 480 1646 521 ille
1677 478 1845 534 quidem
1876 483 2023 523 horum

272 541 478 590 omnium,
511 540 583 582 sed
610 555 693 582 non
724 545 807 582 tam
837 539 963 581 armis
983 540 1192 582 institutus
1213 555 1334 597 quam
1355 546 1572 599 palaestra.
1634 545 1776 598 Itaque
1798 542 2025 585 delectabat

241 605 401 658 smagis
434 604 724 651 Athenienses,
771 616 895 656 quam
934 601 1239 654 inflammabat3
1287 612 1547 660 processerat
1584 607 1693 648 enim
1730 607 1772 646 in
1814 605 1943 647 solem
1984 611 2025 647 et

270 668 483 722 pulverem
513 679 597 706 non
627 670 673 706 ut
702 680 724 706 e
755 665 923 706 militari
962 667 1254 715 tabernaculo,
1302 667 1374 709 sed
1402 675 1446 710 ut
1476 685 1498 711 e
1529 668 1826 724 Theophrasti,
1873 668 2026 711 doctis-

271 730 363 770 simi
400 727 600 777 hominis,
647 726 912 770 umbraculis.
971 730 1037 770 38.
1079 728 1157 770 Hic
1197 730 1353 784 primus
1388 730 1545 773 inflexit
1585 731 1814 773 orationem
1854 737 1895 772 et
1933 746 2025 773 eam

270 792 437 832 mollem
476 795 742 845 teneramque
783 789 960 832 reddidit
1005 795 1046 832 et
1083 790 1242 840 suavis,
1290 791 1394 833 sicut
1422 792 1523 843 fuit,
1567 794 1698 836 videri
1728 793 1872 835 maluit
1901 808 2022 850 quam

270 852 428 906 gravis:
460 853 532 893 sed
560 854 761 894 suavitate
793 867 863 900 ea,
897 865 977 907 qua
1005 852 1279 906 perfunderet
1303 854 1485 903 animos,
1517 869 1600 897 non
1621 870 1701 912 qua
1721 854 2022 910 perfringeret3

220 920 425 956 intantum
453 920 498 956 ut
527 914 772 956 memoriam
802 913 1090 956 concinnitatis
1120 929 1236 963 suae,
1268 930 1375 965 non,
1409 917 1756 972 quemadmodum
1787 921 1836 960 de
1867 918 2025 960 Pericle

269 979 434 1031 scripsit
470 977 665 1033 Eupolis,
716 992 810 1018 cum
850 977 1123 1020 delectatione
1159 978 1325 1021 aculeos
1364 979 1487 1020 etiam
1523 980 1776 1035 relinqueret
1805 980 1848 1022 in
1878 980 2025 1022 animis

268 1053 438 1088 eorum,
483 1053 506 1081 a
536 1040 685 1096 quihus
717 1046 826 1082 esset
855 1043 1033 1083 auditus.

377 1105 430 1145 X.
462 1105 529 1144 39.
571 1105 752 1146 Videsne
782 1103 929 1158 igitur,
973 1104 1015 1145 in
1047 1117 1095 1144 ea
1123 1103 1211 1159 ipsa
1241 1106 1368 1153 urbe,
1414 1105 1458 1144 in
1489 1118 1571 1158 qua
1600 1109 1641 1145 et
1669 1110 1763 1147 nata
1792 1110 1832 1147 et
1861 1104 1941 1146 alta
1972 1103 2025 1146 sit

268 1165 524 1221 eloquentia,
575 1180 697 1221 quam
736 1180 783 1207 ea
823 1181 917 1208 sero
955 1167 1161 1220 prodierit
1197 1167 1239 1208 in
1278 1168 1442 1208 lucem?
1492 1166 1696 1221 siquidem
1734 1172 1828 1208 ante
1861 1167 2024 1210 Solonis

218 1239 252 1265 1⁵
267 1233 444 1271 aetatem
475 1234 515 1270 et
543 1228 743 1270 Pisistrati
774 1232 824 1271 de
856 1229 968 1272 nullo
998 1235 1043 1270 ut
1072 1230 1225 1271 diserto
1255 1229 1481 1271 memoriae
1518 1230 1730 1283 proditum
1768 1236 1842 1272 est.
1899 1232 1952 1271 At
1981 1229 2025 1271 hi

267 1293 459 1347 quidem,
504 1296 550 1333 ut
585 1293 729 1347 populi
770 1294 946 1334 Romani
986 1297 1096 1334 aetas
1135 1298 1218 1342 est,
1270 1305 1413 1340 senes,
1466 1296 1511 1332 ut
1540 1291 1852 1333 Atheniensium
1884 1292 2022 1334 secula

266 1358 560 1403 numerantur,
592 1356 876 1396 adolescentes
893 1357 1047 1397 debent
1066 1355 1214 1397 videri.
1275 1357 1376 1396 Nam
1401 1353 1477 1396 etsi
1500 1354 1646 1396 Servio
1669 1354 1803 1396 Tullio
1823 1360 2024 1409 regnante

265 1416 515 1472 viguerunt,
548 1422 685 1458 tamen
715 1419 845 1459 multo
878 1419 1032 1460 diutius
1062 1420 1250 1460 Athenae
1281 1417 1362 1459 iam
1394 1421 1527 1465 erant,
1570 1430 1692 1471 quam
1725 1422 1786 1458 est
1814 1420 1944 1459 Roma
1974 1419 2027 1458 ad

266 1479 514 1522 hodiernum
545 1479 678 1521 diem:
712 1494 790 1521 nec
818 1486 955 1522 tamen
987 1481 1157 1529 dubim,
1191 1482 1292 1536 quin
1321 1480 1515 1522 habuerit
1542 1480 1627 1521 vim
1648 1493 1839 1533 magnam
1861 1493 2026 1535 semper

216 1552 252 1578 20
267 1543 416 1584 oratio.
476 1544 545 1584 40.
579 1545 722 1598 Neque
753 1543 863 1585 enim
889 1544 970 1585 iam
993 1545 1152 1586 Troicis
1173 1544 1431 1598 temporibus
1452 1547 1610 1584 tantum
1632 1541 1764 1583 laudis
1785 1542 1828 1582 in
1849 1541 2025 1584 dicendo

267 1604 374 1647 Ulixi
402 1603 613 1647 tribuisset
642 1608 849 1648 Homerus
881 1613 922 1649 et
952 1609 1141 1655 Nestori,
1175 1619 1353 1662 quorum
1379 1605 1553 1646 alterum
1583 1605 1667 1646 vim
1697 1604 1852 1646 habere
1883 1605 2026 1654 voluit,

266 1667 442 1709 alterum
473 1671 740 1719 suavitatem,
793 1671 871 1711 nisi
901 1670 982 1712 iam
1014 1675 1101 1712 tum
1131 1675 1240 1711 esset
1269 1671 1403 1710 honos
1433 1667 1718 1723 eloquentiae;
1770 1681 1905 1724 neque
1935 1668 2027 1722 ipse

265 1735 388 1786 poeta
427 1731 493 1771 hic
532 1736 615 1772 tam
654 1731 765 1773 idern
803 1737 971 1774 ornatus
1001 1732 1044 1774 in
1075 1732 1251 1774 dicendo
1282 1746 1328 1773 ac
1360 1731 1482 1785 plane
1515 1736 1657 1772 orator
1684 1730 1844 1773 suisset.
1903 1731 2027 1773 Cuius

266 1793 344 1834 etsi
380 1794 538 1835 incerta
575 1800 669 1835 sunt
708 1800 917 1851 tempora,
963 1801 1102 1837 tamen
1140 1797 1257 1837 annis
1288 1795 1426 1837 multis
1457 1795 1534 1836 fuit
1565 1800 1660 1836 ante
1691 1794 1938 1837 Romulum:
1993 1794 2028 1836 si

216 1865 250 1891 2⁵
267 1856 434 1912 quidem
464 1870 548 1897 non
578 1856 685 1899 infra
717 1858 977 1914 superiorem
1010 1861 1246 1914 Lycurgum
1277 1859 1376 1907 fuit,
1410 1873 1434 1899 a
1454 1873 1535 1914 quo
1569 1864 1630 1899 est
1660 1857 1874 1912 disciplina
1904 1860 2029 1899 Lace-

266 1918 581 1961 daemoniorum
611 1920 805 1963 adstricta
834 1921 1012 1977 legibus.
1073 1925 1142 1964 [41.
1178 1921 1257 1963 Sed
1287 1922 1467 1963 studium
1499 1921 1586 1962 eius
1618 1922 1784 1975 generis
1811 1920 2027 1975 maiorque

265 1982 326 2024 vis
358 1982 596 2035 agnoscitur
623 1985 666 2025 in
695 1985 923 2026 Pisistrato.
984 1985 1171 2039 Denique
1201 1987 1310 2024 hunc
1339 1983 1532 2038 proximo
1564 1983 1703 2024 seculo
1733 1982 2028 2024 Themistocles

264 2044 472 2086 insecutus
503 2050 584 2093 est,
626 2052 671 2088 ut
701 2049 809 2102 apud
840 2061 938 2095 nos,
979 2046 1281 2102 perantiquuS‚
1315 2052 1360 2088 ut
1390 2046 1498 2102 apud
1528 2047 1825 2095 Athenienses,
1858 2061 1943 2087 non
1974 2047 2029 2087 ita

266 2121 363 2148 sane
398 2112 525 2149 vetus.
583 2110 677 2151 Fuit
708 2111 818 2151 enim
849 2114 1051 2164 regnante
1081 2109 1161 2150 iam
1186 2109 1376 2155 Graecia,
1410 2115 1549 2151 nostra
1580 2115 1719 2150 autem
1751 2108 1915 2150 civitate
1945 2122 2028 2150 non

217 2171 322 2213 ³0ita
352 2170 511 2225 pridem
543 2172 754 2213 dominatu
785 2174 902 2226 regio
934 2171 1121 2214 liberata.
1183 2174 1286 2212 Nam
1327 2171 1483 2212 bellum
1525 2171 1770 2214 Volscorum
1801 2170 1905 2212 illud
1936 2185 2029 2225 gra-

265 2233 504 2280 vissimum,
553 2235 618 2275 cui
658 2235 900 2276 Coriolanus
946 2234 1064 2276 exsul
1100 2235 1311 2282 interfuit,
1365 2236 1512 2275 eodem
1553 2232 1641 2275 fere
1685 2238 1893 2289 tempore,
1944 2247 2028 2289 quo

265 2297 485 2337 Persarum
516 2296 700 2345 bellum,
747 2297 847 2347 fuit3
900 2297 1127 2352 similisque
1157 2296 1321 2338 fortuna
1352 2296 1559 2338 clarorum
1590 2296 1789 2338 virorum.
1847 2298 1916 2338 42.
1966 2297 2030 2337 Si-

266 2359 433 2414 quidem
463 2362 637 2415 uterque
669 2373 762 2401 cum
793 2359 893 2401 civis
925 2359 1116 2415 egregius
1148 2358 1313 2408 fuisset,
1345 2359 1489 2415 populi
1519 2358 1668 2413 ingrati
1697 2359 1839 2414 pulsus
1864 2359 2026 2409 iniuria,

267 2437 311 2465 se
341 2425 393 2465 ad
422 2424 561 2465 hostes
593 2422 765 2463 contulit
809 2428 1084 2477 conatumque
1124 2423 1362 2463 iracundiae
1392 2436 1491 2464 suae
1523 2427 1655 2463 morte
1691 2423 1864 2464 sedavit.
1925 2424 2028 2463 Nam

217 2491 253 2519 ³⁵
269 2485 345 2528 etsi
375 2485 495 2527 aliter
524 2484 631 2541 apud
662 2491 702 2526 te
733 2489 812 2533 est,
852 2487 1009 2535 Attice,
1056 2487 1106 2526 de
1139 2486 1388 2533 Coriolano,
1434 2486 1620 2526 concede
1652 2489 1809 2533 tamen,
1860 2488 1906 2524 ut
1934 2486 2029 2526 huic

266 2548 409 2604 generi
429 2549 573 2590 mortis
595 2548 733 2602 potius
754 2548 968 2590 assentiar.
1028 2550 1103 2589 XI.
1136 2551 1187 2589 At
1207 2548 1275 2589 ille
1295 2547 1435 2589 ridens
1451 2580 1461 2597 ,
1487 2551 1575 2589 Tuo
1597 2560 1714 2594 vero,
1737 2547 1891 2601 inquit,
1920 2545 2029 2588 arbi-

265 2616 399 2661 tratu3
451 2611 646 2666 quoniam
684 2612 851 2665 quidem
893 2625 1137 2652 concessum
1167 2616 1229 2652 est
1259 2609 1496 2652 rhetoribus
1527 2609 1717 2651 ementiri
1747 2610 1789 2649 in
1820 2608 2025 2657 historiis,

265 2679 311 2715 ut
340 2672 496 2728 aliquid
525 2672 664 2715 dicere
695 2673 854 2728 possint
883 2676 1084 2727 argutius.
1146 2675 1195 2715 Ut
1224 2673 1334 2714 enim
1365 2678 1409 2714 tu
1439 2687 1548 2714 nunc
1589 2675 1638 2713 de
1679 2671 1921 2720 Coriolano,
1968 2673 2026 2713 sic

267 2737 520 2783 Clitarchus,
559 2737 617 2777 sic
648 2738 871 2777 Stratocles
903 2735 953 2777 de
985 2735 1264 2777 Themistocle
1295 2734 1429 2777 finxit.
1489 2738 1558 2777 43.
1592 2737 1718 2783 Nam,
1765 2747 1888 2790 quem
1919 2733 2028 2776 Thu-

217 2806 254 2834 100
269 2797 455 2855 cydides,
489 2799 560 2852 qui
591 2803 631 2840 et
659 2798 923 2839 Atheniensis
956 2803 1044 2839 erat
1074 2803 1114 2839 et
1144 2812 1307 2839 summo
1338 2800 1431 2840 loco
1462 2804 1579 2840 natus
1611 2810 1880 2852 summusque
1902 2796 1966 2838 vir
1988 2800 2028 2837 et

266 2861 403 2917 paullo
434 2866 567 2903 aetate
597 2863 825 2917 posterior,
856 2866 1012 2902 tantum
1043 2866 1253 2903 mortuum
1283 2861 1444 2916 scripsit
1465 2860 1566 2901 etin
1587 2861 1719 2901 Attica
1749 2859 1854 2901 clam
1884 2859 2028 2901 huma-

268 2929 379 2973 tum,
427 2923 585 2965 addidit
615 2923 744 2965 fuisse
775 2923 1053 2979 suspicionem
1083 2936 1246 2965 veneno
1276 2922 1355 2965 sibi
1386 2921 1634 2964 conscivisse
1674 2927 1875 2964 mortem:
1919 2921 2028 2964 hunc

362 3107 396 3138 2.
433 3110 470 3140 in
494 3117 562 3149 quo
595 3108 733 3142 volebat
767 3109 906 3140 Reizius
947 3108 1043 3147 prob.
1077 3109 1217 3141 Petero.
1258 3125 1294 3131 —
1337 3107 1370 3139 9.
1403 3107 1653 3147 perstrinqeret
1684 3106 1738 3142 D,
1777 3105 1843 3137 Gu.
1870 3107 1902 3138 1.
1942 3106 2022 3139 Sch.

274 3152 407 3192 Meyer,
424 3171 460 3178 —
491 3156 548 3187 10.
569 3159 600 3188 et
618 3159 755 3187 tantum
774 3155 908 3187 «Codd.
925 3160 958 3188 et
977 3156 1066 3187 Edd.
1087 3163 1205 3188 omnes
1225 3151 1342 3194 (etiam
1359 3153 1438 3190 R).»
1458 3153 1597 3185 PETER.
1619 3152 1863 3185 SiletEiiendt.
1890 3152 1933 3184 Ut
1948 3161 2024 3192 nos,

273 3201 453 3233 Manutius
481 3207 514 3233 et
543 3202 727 3234 Gulielmio
754 3206 895 3234 auctore
923 3203 963 3233 E.
992 3220 1034 3225 -—
1061 3202 1116 3235 13.
1143 3205 1185 3233 ub
1208 3203 1244 3232 in
1269 3211 1308 3233 ea
1333 3201 1444 3234 Codd.
1475 3208 1594 3232 omnes
1622 3203 1656 3231 et
1681 3199 1723 3230 R.
1752 3199 1907 3231 Correxit
1930 3199 2025 3232 Ano-

273 3254 396 3287 nymus
423 3248 513 3285 apud
541 3249 736 3281 Corradum
763 3254 796 3281 et
821 3250 860 3281 E.
890 3246 956 3288 (vel
980 3251 1016 3281 in
1042 3259 1082 3280 ea
1109 3245 1335 3289 Heusinger.)
1364 3265 1401 3270 —
1432 3247 1488 3279 16.
1515 3247 1609 3278 secla
1634 3255 1652 3278 e
1679 3245 1788 3277 Codd.
1816 3244 1858 3276 T.
1887 3262 1925 3268 —
1965 3247 2022 3279 21.

277 3294 374 3324 Ulixi
399 3293 497 3325 libri:
531 3294 645 3335 Ulyssi
671 3296 711 3328 E.
740 3312 779 3318 —
822 3295 880 3327 32.
909 3296 1186 3327 clarissimorum
1211 3293 1303 3326 Crat.
1324 3294 1447 3326 Lamb.
1476 3298 1595 3326 contra
1623 3292 1733 3324 Codd.
1761 3296 1873 3323 notos.
1898 3308 1935 3314 —
1965 3293 2021 3326 35.

278 3341 374 3382 apud
398 3344 430 3372 te
455 3344 502 3373 est
530 3340 642 3374 Codd.
672 3347 804 3375 tantum
829 3351 899 3375 non
925 3351 1043 3376 omnes
1069 3347 1103 3376 et
1127 3341 1186 3375 R:
1214 3345 1262 3375 est
1285 3342 1380 3383 opud
1407 3344 1437 3374 te
1461 3341 1549 3374 Ven.
1576 3340 1610 3374 2.
1638 3339 1715 3373 Vat.
1744 3338 1863 3372 Ottob.
1891 3338 1931 3371 E.
