2117 3762
241 265 322 307 330
948 262 1019 303 DE
1056 262 1302 304 ORATORE

243 376 305 415 est
333 371 376 413 in
408 369 600 413 omnibus
630 370 741 410 sonis
772 372 895 422 atque
916 365 1109 416 vocibuS,
1156 371 1267 423 quod
1299 368 1424 413 habet
1455 368 1650 425 quasdam
1679 369 1996 424 impressiones,

243 440 284 476 et
313 436 424 491 quod
456 432 593 474 metiri
624 444 843 486 possumus
873 429 1100 471 intervallis
1139 432 1401 486 aequalibus,
1447 438 1557 474 recte
1589 445 1717 487 genus
1747 431 1826 473 hoc
1855 446 1999 474 nume-

241 511 410 545 rorum,
458 494 682 536 dummodo
716 507 768 534 ne
798 492 1038 534 continuum
1070 492 1145 540 sit,
1191 494 1232 535 in
1263 495 1462 537 orationis
1487 495 1608 536 laude
1639 500 1833 550 ponetur,
1893 497 1997 536 Nam

243 559 275 601 si
304 559 419 600 rudis
441 562 480 599 et
500 556 685 609 impolita
706 557 887 610 putanda
916 561 977 597 est
1004 554 1073 596 illa
1102 555 1191 596 sine
1222 555 1447 599 intervallis
1477 556 1704 612 loquacitas
1725 556 1934 610 peremnis
1956 562 1996 598 et

211 620 475 678 sprossuens,
524 619 621 674 quid
653 623 715 659 est
743 617 855 659 aliud
887 631 1055 665 causae,
1102 631 1177 658 cur
1214 618 1476 672 repudietur,
1521 619 1599 660 nisi
1639 621 1751 674 quod
1784 617 2000 660 hominum

241 686 409 727 auribus
441 694 585 723 vocem
611 685 759 722 natura
789 679 1026 722 modulatur
1056 678 1172 734 ipsa?
1204 679 1315 734 quod
1347 680 1459 730 fieri,
1492 681 1571 723 nisi
1601 683 1709 723 inest
1730 695 1927 722 numerus
1957 682 2001 721 in

239 761 366 795 voce,
415 758 499 786 non
538 748 689 799 potest.
754 744 848 784 186.
897 745 1103 784 Numerus
1143 747 1282 783 autem
1320 743 1362 783 in
1405 745 1715 786 continuatione
1745 743 1881 785 nullus
1911 749 1998 793 est;

241 808 446 852 distinctio
479 811 521 848 et
550 806 785 863 aequalium
807 811 848 848 et
869 819 992 861 saepe
1022 804 1240 847 variorum
1269 805 1582 848 intervallorum
1614 807 1827 860 percussio
1858 819 2003 847 nume-

238 886 329 914 ·rum
355 869 544 919 conficit;
585 883 708 925 quem
736 869 778 910 in
810 867 1051 909 cadentibus
1087 867 1236 921 guttis,
1272 868 1384 922 quod
1413 867 1641 910 intervallis
1674 867 2000 921 distinguuntur,

189 940 383 977 wnotare
412 946 655 986 possumus,
687 932 729 973 in
751 934 860 973 amni
884 930 1181 986 praecipitante
1204 942 1286 969 non
1306 942 1538 984 possumus.
1599 930 1758 980 Quodsi
1788 930 2004 971 continua-

239 999 294 1039 tio
327 994 553 1038 verborum
582 997 684 1036 haec
714 994 848 1036 soluta
878 995 1008 1035 multo
1043 998 1105 1034 est
1134 991 1271 1046 aptior
1301 998 1423 1047 atque
1462 992 1701 1041 iucundior,
1749 995 1783 1035 si
1815 998 1876 1034 est
1905 993 2004 1033 arti-

239 1061 342 1101 culis
381 1059 662 1114 membrisque
700 1056 916 1106 distincta,
965 1069 1088 1112 quam
1126 1056 1160 1096 si
1192 1053 1429 1095 continuata
1458 1067 1504 1095 ac
1535 1057 1760 1109 producta,
1814 1053 2003 1096 membra

238 1122 306 1164 illa
336 1120 571 1163 modificata
602 1134 693 1162 esse
724 1118 957 1168 debebunt;
989 1132 1094 1173 quae
1124 1119 1157 1159 si
1188 1118 1230 1158 in
1262 1123 1450 1158 extremo
1482 1119 1677 1159 breviora
1707 1123 1824 1165 sunt,
1856 1116 2003 1158 infrin-

240 1184 348 1239 gitur
376 1183 445 1225 ille
477 1182 596 1238 quasi
624 1181 848 1224 verborum
880 1181 1082 1223 ambitus:
1128 1180 1186 1221 sic
1227 1179 1336 1220 enim
1367 1180 1441 1220 has
1472 1179 1671 1220 orationis
1703 1181 2002 1222 conversiones

188 1258 222 1282 1⁵
242 1247 386 1290 Graeci
416 1247 644 1287 nominant.
703 1247 844 1296 Quare
874 1250 943 1286 aut
972 1245 1087 1299 paria
1118 1257 1208 1285 esse
1240 1244 1393 1284 debent
1430 1243 1664 1298 posteriora
1695 1242 2001 1298 superioribus,

239 1316 424 1352 extrema
443 1308 588 1362 primis
617 1313 704 1356 aut,
737 1310 848 1363 quod
866 1306 989 1348 etiam
1010 1313 1072 1348 est
1093 1307 1240 1347 melius
1262 1311 1302 1347 et
1323 1305 1561 1354 iucundius,
1593 1307 1797 1360 longiora.
1853 1307 2002 1347 XLIX.

242 1375 335 1415 187.
379 1375 513 1428 Atque
553 1373 657 1412 haec
698 1372 867 1426 quidem
907 1372 957 1411 ab
999 1368 1050 1410 iis
1084 1368 1372 1424 philosophiS,
1421 1382 1526 1423 quos
1557 1374 1601 1409 tu
1631 1368 1811 1409 maxime
1842 1367 2001 1421 diligis,

241 1435 401 1483 Catule,
448 1434 557 1476 dicta
589 1438 707 1483 sunt;
762 1434 873 1488 quod
910 1445 960 1474 eo
990 1433 1154 1485 saepius
1185 1429 1404 1479 testificor,
1449 1436 1495 1471 ut
1525 1430 1764 1472 auctoribus
1791 1429 2005 1471 laudandis

239 1498 486 1554 ineptiarum
517 1496 674 1538 crimen
707 1494 917 1550 effugiam.
977 1495 1162 1544 Quarum
1191 1492 1383 1534 tandem?
1423 1493 1556 1547 inquit
1586 1492 1777 1541 Catulus,
1810 1497 1880 1534 aut
1906 1490 2006 1547 quid

190 1571 225 1595 20
240 1559 517 1616 disputatione
544 1561 621 1600 ista
640 1558 780 1600 afferri
811 1562 948 1612 potest
978 1557 1209 1611 elegantius
1235 1561 1307 1597 aut
1337 1558 1507 1597 omnino
1533 1555 1615 1597 dici
1640 1555 1863 1597 subtilius?
1909 1555 2002 1595 188.

240 1626 290 1666 At
324 1624 433 1664 enim
465 1635 635 1671 vereor,
678 1621 813 1676 inquit
842 1623 1036 1669 Crassus,
1076 1633 1129 1660 ne
1161 1621 1264 1660 haec
1295 1624 1366 1660 aut
1397 1618 1630 1660 difficiliora
1661 1618 1748 1659 istis
1784 1619 1836 1658 ad
1867 1630 2007 1672 perse-

238 1688 447 1741 quendum
486 1699 576 1726 esse
615 1684 835 1726 videantur
873 1689 963 1731 aut,
1017 1683 1113 1737 quia
1143 1696 1226 1723 non
1256 1684 1474 1723 traduntur
1504 1681 1547 1722 in
1577 1681 1740 1736 vulgari
1769 1681 1847 1721 ista
1879 1679 2003 1721 disci-

239 1750 372 1805 plina,
403 1761 479 1789 nos
511 1761 558 1789 ea
583 1749 744 1789 maiora
770 1760 816 1788 ac
846 1745 1079 1787 difficiliora
1104 1744 1239 1786 videri
1270 1744 1374 1787 velle
1402 1743 1631 1786 videamur.
1691 1746 1794 1785 Tum
1825 1743 2005 1790 Catulus,

239 1815 386 1859 Erras,
417 1810 572 1866 inquit,
605 1812 769 1857 Crasse,
813 1808 847 1850 si
876 1814 946 1850 aut
978 1822 1042 1849 me
1078 1808 1318 1849 authorum
1357 1821 1606 1862 quemquam
1633 1811 1752 1861 putas
1783 1821 1807 1847 a
1837 1811 1877 1847 te
1903 1807 2008 1847 haec

190 1883 225 1908 2⁵
241 1888 369 1930 opera
398 1873 635 1929 quotidiana
674 1879 714 1914 et
739 1878 964 1926 pervagata
995 1877 1249 1925 exspectare,
1308 1871 1410 1918 Ista,
1460 1884 1565 1923 quae
1605 1868 1731 1918 dicis,
1782 1868 1861 1910 dici
1892 1867 2010 1910 volu-

241 1952 356 1987 mus;
390 1951 526 1991 neque
555 1943 635 1978 tam
664 1937 744 1977 dici
770 1949 892 1990 quam
916 1934 994 1975 isto
1023 1935 1104 1974 dici
1130 1932 1280 1982 modo3
1314 1947 1449 1986 neque
1475 1934 1550 1973 tibi
1580 1933 1661 1972 hoc
1683 1946 1758 1985 pro
1784 1946 1850 1972 me
1872 1932 2007 1972 solum

242 2001 315 2042 sed
344 2012 421 2052 pro
451 2000 513 2039 his
544 2000 736 2040 omnibus
767 1999 854 2039 sine
885 1996 968 2038 ulla
999 1995 1260 2037 dubitatione
1304 1997 1556 2048 respondeo.
1621 1996 1711 2036 189.
1758 1996 1846 2047 Ego
1876 2006 2003 2041 vero,

241 2062 375 2117 inquit
403 2061 628 2110 Antonius,
662 2062 800 2102 inveni
830 2059 936 2107 iam,
972 2072 1094 2112 quem
1127 2071 1324 2111 negaram
1356 2058 1493 2105 ineo,
1528 2069 1649 2111 quem
1672 2057 1836 2111 scripsi,
1867 2054 2007 2097 libello

242 2139 308 2167 me
338 2123 544 2167 invenisse
575 2124 856 2180 eloquentem.
920 2121 1003 2162 Sed
1042 2134 1092 2162 eo
1132 2125 1171 2161 te
1213 2133 1264 2160 ne
1295 2119 1488 2160 laudandi
1520 2119 1688 2174 quidem
1720 2132 1844 2160 causa
1874 2118 2007 2159 inter-

194 2196 229 2222 50
244 2189 418 2245 pellavi,
469 2201 520 2228 ne
562 2187 661 2242 quid
701 2188 751 2227 de
791 2188 871 2226 hoc
912 2190 995 2224 tam
1034 2184 1185 2237 exiguo
1217 2182 1419 2223 sermonis
1452 2182 1510 2223 tui
1543 2188 1729 2236 tempore
1761 2183 1892 2222 verbo
1924 2193 2008 2222 uno

244 2266 338 2294 meo
369 2251 696 2293 deminueretur.
760 2250 853 2288 190.
900 2248 1017 2287 Hanc
1046 2245 1194 2299 igitur,
1244 2245 1412 2286 Crassus
1452 2246 1607 2299 inquit,
1661 2243 1712 2285 ad
1742 2243 1878 2298 legem
1912 2256 2007 2285 cum

246 2313 565 2361 exercitatione,
613 2319 699 2353 tum
737 2310 850 2357 stilo,
897 2310 967 2365 qui
1007 2314 1047 2349 et
1085 2309 1165 2348 alia
1207 2313 1248 2348 et
1283 2307 1362 2349 hoc
1401 2307 1582 2347 maxime
1624 2311 1742 2348 ornat
1781 2320 1828 2348 ac
1866 2305 2006 2354 limat,

244 2376 460 2419 formanda
490 2374 610 2417 nobis
641 2373 776 2415 oratio
807 2377 882 2414 est.
944 2374 1086 2425 Neque
1117 2375 1254 2411 tamen
1284 2371 1364 2411 hoc
1395 2370 1495 2411 tanti
1534 2371 1692 2410 laboris
1733 2376 1816 2416 est,
1869 2368 2009 2424 quanti

246 2439 436 2489 videtur;
468 2452 605 2494 neque
637 2442 731 2478 sunt
760 2437 864 2476 haec
892 2433 1220 2490 rhythmicorum
1252 2439 1321 2474 aut
1352 2432 1607 2474 musicorum
1640 2433 1844 2473 acerrima
1864 2444 2011 2472 norma

198 2501 486 2557 ³⁵dirigenda;
540 2498 801 2541 efficiendum
833 2503 894 2538 est
923 2496 1022 2537 illud
1053 2498 1178 2537 modo
1209 2495 1352 2544 nobis,
1393 2509 1445 2536 ne
1477 2494 1576 2536 fluat
1606 2494 1764 2541 oratio,
1805 2507 1856 2534 ne
1886 2507 2010 2547 vage-

248 2570 334 2613 tur,
365 2579 417 2606 ne
447 2563 607 2605 insistat
636 2562 834 2610 interius,
868 2575 919 2601 ne
952 2563 1147 2601 excurrat
1177 2558 1366 2613 longius3
1399 2563 1446 2600 ut
1475 2556 1674 2599 membris
1705 2555 2007 2610 distinguatur,

342 2704 375 2734 1.
403 2705 450 2734 est
475 2701 533 2733 AB
560 2701 713 2739 aliique,
744 2699 794 2729 R:
824 2702 872 2729 est
898 2697 935 2728 id
961 2698 1002 2728 E.
1034 2713 1070 2720 -
1112 2706 1153 2728 ac
1178 2697 1220 2728 R.
1262 2712 1301 2719 —
1342 2696 1375 2728 3.
1405 2698 1561 2728 continui
1585 2698 1656 2727 sint
1681 2695 1753 2726 ΑΒ.
1780 2710 1824 2716 -
1862 2694 2009 2734 ponitur

249 2748 322 2782 AB.
353 2766 388 2772 —
418 2749 452 2780 14.
479 2745 654 2788 impolita]
682 2746 822 2777 indocta
850 2746 889 2775 R.
915 2761 952 2766 --
980 2745 1015 2776 5.
1043 2744 1130 2783 quid
1154 2753 1261 2775 causa
1287 2742 1364 2782 (sie)
1392 2744 1490 2775 aliud
1508 2743 1580 2774 AB.
1601 2760 1644 2765 ——
1670 2743 1702 2774 6.
1731 2741 1876 2773 auribus
1894 2749 2010 2772 vocem

249 2801 385 2828 natura
408 2795 611 2827 modulatur
635 2795 713 2834 ipsa
733 2792 843 2823 Codd.
865 2790 908 2823 al.
928 2800 937 2821 ι
967 2799 1067 2821 aures
1091 2799 1207 2822 vocem
1223 2795 1353 2822 natura
1379 2789 1465 2830 (AB,
1488 2791 1537 2821 E:
1566 2794 1716 2821 naturae
1734 2787 1802 2824 Rz)
1827 2787 2011 2819 modulan-

252 2848 310 2875 tur
337 2844 435 2883 ipsae
460 2843 532 2878 AB,
560 2841 632 2873 RE.
664 2857 699 2862 —
741 2839 773 2870 8.
803 2838 979 2869 distinctio
1005 2842 1119 2868 aulem
1145 2843 1177 2869 et
1203 2838 1245 2869 R.
1265 2854 1302 2858 —
1330 2843 1390 2869 auc
1407 2845 1507 2876 saepe
1525 2836 1596 2874 AB,
1624 2841 1662 2867 ut
1686 2844 1787 2875 saepe
1814 2834 1852 2865 R.
1875 2851 1913 2856 —
1952 2835 2009 2865 10.

252 2899 352 2921 amne
377 2889 422 2920 R.
453 2906 490 2912 —-
521 2889 576 2920 11.
605 2887 718 2918 accior
742 2886 780 2917 B.
819 2902 847 2907 —
878 2882 993 2923 alque]
1023 2889 1052 2915 et
1079 2884 1121 2914 R.
1153 2900 1189 2905 -
1218 2885 1400 2916 iucundior
1425 2884 1464 2914 Β.
1494 2901 1533 2905 -
1562 2884 1616 2914 12.
1644 2879 1810 2921 membra]
1837 2881 1943 2912 verba
1967 2881 2008 2912 R.

256 2953 292 2959 -
323 2936 377 2967 13.
405 2937 443 2966 in
468 2945 537 2967 om.
565 2935 636 2966 ΑΒ.
669 2947 707 2955 -
735 2933 790 2964 14.
819 2932 995 2962 orationes
1020 2932 1250 2962 conversionis
1279 2931 1316 2961 B.
1344 2947 1385 2952 -
1414 2930 1467 2960 15.
1492 2927 1614 2969 paria]
1639 2931 1757 2969 prima
1783 2928 1854 2959 AB.
1885 2944 1922 2950 —
1951 2927 2008 2958 16.

255 2986 284 3012 et
309 2988 463 3014 extrema
489 2982 529 3020 B,
551 2982 591 3013 T.
620 2982 701 3021 (non
728 2980 769 3016 A,
790 2977 849 3016 R.)
878 2994 915 3000 —-
946 2978 1002 3008 17.
1030 2979 1081 3008 his
1109 2978 1148 3008 B.
1177 2994 1217 3000 —
1245 2978 1303 3008 21.
1331 2981 1392 3008 aut
1418 2981 1496 3008 ante
1524 2986 1554 3006 v.
1582 2977 1783 3018 difficiliora
1809 2983 1879 3006 om.
1907 2973 1947 3004 B.
1967 2990 2009 2996 -

255 3028 311 3059 23.
337 3028 412 3069 nos]
437 3037 508 3060 non
533 3029 582 3066 Α,
609 3037 650 3059 ne
677 3027 717 3057 R.
746 3041 783 3049 --
809 3025 865 3056 24.
896 3029 956 3056 aut
981 3033 1033 3055 me
1060 3033 1128 3055 om.
1156 3024 1229 3057 AB,
1257 3040 1297 3046 —-
1325 3024 1380 3054 25.
1410 3023 1472 3053 Isti
1499 3024 1570 3054 ΑΒ.
1602 3041 1640 3046 -
1679 3032 1767 3064 quae
1792 3022 1900 3057 dicis,
1927 3018 2008 3060 dici]

257 3084 344 3115 quae
369 3077 437 3107 dici
462 3076 515 3113 A,
542 3076 611 3107 dici
638 3074 676 3105 B.
715 3088 754 3095 —
792 3072 849 3103 28.
878 3073 948 3102 iam
974 3072 999 3102 B
1026 3072 1178 3111 aliique,
1206 3070 1257 3101 R:
1298 3070 1435 3101 tandem
1461 3070 1498 3101 E.
1537 3069 1602 3110 (De
1629 3070 1658 3101 A
1684 3079 1752 3101 nou
1780 3064 1940 3105 constat.)
1969 3083 2006 3089 —

257 3120 314 3151 29.
343 3121 406 3153 Sed
432 3120 483 3161 eo]
511 3121 578 3153 Sed
603 3130 663 3163 eqo
688 3120 728 3151 R.
759 3136 795 3141 —
826 3123 856 3150 te
880 3116 933 3157 ne]
962 3123 1082 3149 tenore
1106 3118 1179 3148 AB.
1212 3133 1244 3138 —
1287 3117 1341 3148 31.
1370 3117 1627 3149 deminueretur
1652 3117 1735 3148 AB:
1761 3115 2011 3146 diminueretur

257 3167 334 3198 RE.
365 3184 401 3190 -
433 3168 575 3199 Crassus
602 3169 716 3208 inquit
743 3175 811 3196 om.
840 3165 914 3201 AB,
931 3165 973 3196 R.
1005 3180 1044 3186 —-
1073 3165 1119 3195 ad
1145 3161 1264 3204 legem]
1293 3172 1314 3193 a
1339 3163 1409 3202 le9e
1434 3164 1463 3193 Α
1481 3187 1489 3200 ,
1518 3173 1540 3194 a
1565 3164 1663 3205 longe
1688 3164 1727 3194 B.
1754 3178 1797 3183 —
1823 3157 1910 3199 cum]
1938 3163 2012 3190 tum

258 3214 300 3246 R.
331 3229 366 3234 —
394 3213 450 3245 32.
479 3219 601 3246 ornate
626 3215 724 3245 limat
750 3213 790 3244 R.
820 3228 860 3234 —
889 3211 945 3243 33.
972 3210 1069 3242 nobis
1096 3210 1205 3242 Codd.
1235 3210 1305 3242 aL:
1332 3210 1429 3240 vobis
1447 3210 1519 3241 RE.
1550 3209 1615 3250 (De
1640 3211 1699 3241 ΑΒ
1726 3216 1793 3240 non
1822 3207 1902 3238 satis
1930 3215 2010 3238 con-

259 3258 354 3299 stat.)
381 3277 418 3282 -—
445 3261 505 3290 hoc
529 3263 565 3291 in
590 3262 680 3294 tanti
706 3259 782 3299 (sic)
810 3259 849 3291 A.
878 3275 920 3281 —-
947 3261 1117 3298 quantum
1143 3257 1186 3288 R.
1217 3273 1254 3280 —
1283 3255 1339 3287 34.
1368 3265 1476 3295 neque
1500 3262 1584 3288 sunt
1610 3258 1638 3288 Α
1664 3257 1814 3295 aliique:
1842 3260 1904 3283 nec
1927 3257 2008 3284 sunt

260 3306 301 3348 (B
314 3305 343 3346 Y)
366 3306 436 3337 RE.
460 3323 496 3329 -
525 3311 586 3338 aut
610 3308 639 3338 Α
665 3308 817 3346 aliique:
845 3314 886 3337 ac
911 3302 998 3345 (ΒΤ)
1019 3304 1091 3336 RE.
1118 3318 1152 3324 -
1183 3303 1240 3334 35.
1267 3302 1478 3343 efficiendum
1497 3303 1606 3336 Codd.
1627 3303 1693 3336 ab:
1719 3299 1902 3343 esfiyienda
1927 3297 2005 3341 (sic)

259 3353 320 3388 AB
336 3375 345 3393 ,
372 3356 404 3386 et
427 3351 638 3395 efficiendum
663 3354 736 3386 RE.
767 3369 805 3376 —
832 3352 932 3385 nobis
956 3351 1014 3383 ΑΒ
1039 3351 1167 3393 aliique
1183 3372 1192 3389 ,
1220 3350 1273 3382 R:
1300 3349 1396 3382 vobis
1421 3350 1464 3383 Ε.
