2117 3762
257 225 340 267 460
1027 220 1219 262 TOPICA

255 329 465 387 species
495 329 725 383 appellant,
758 339 842 366 non
872 325 1048 380 pessime
1077 324 1119 366 id
1149 325 1344 382 quidem,
1376 329 1448 370 sed
1478 327 1674 370 inutiliter
1703 328 1753 370 ad
1782 331 2000 373 mutandos

254 407 373 436 casus
402 395 443 435 in
474 392 663 435 dicendo.
722 387 856 429 Nolim
890 388 1021 435 enim,
1058 401 1110 428 ne
1140 389 1175 429 si
1203 390 1346 432 Latine
1377 391 1505 445 possit
1534 390 1702 446 quidem
1734 391 1835 440 dici,
1880 408 2001 448 spe-

256 456 454 497 cierum
492 460 532 496 et
570 450 853 507 speciebus
892 449 1049 501 dicere;
1100 456 1140 491 et
1174 464 1297 506 saepe
1328 453 1376 494 iis
1407 455 1569 495 casibus
1599 452 1796 495 utendum
1828 460 1911 503 est;
1961 460 2001 496 at

254 518 443 559 formis
473 521 513 557 et
541 514 819 556 formarum
857 512 994 553 velim.
1057 513 1158 555 Cum
1198 522 1336 558 autem
1367 521 1541 571 utroque
1573 518 1701 557 verbo
1732 515 1841 557 idem
1875 517 2000 571 signi-

224 579 419 627 sficetur,
452 575 780 620 commoditatem
800 575 840 616 in
869 576 1042 616 dicendo
1074 589 1158 618 non
1189 579 1368 619 arbitror
1398 577 1701 633 negligendam.
1764 580 1830 620 31.
1863 580 2000 620 Genus

254 648 294 684 et
323 643 495 682 formam
536 638 735 680 definiunt
771 640 851 679 hoc
891 639 1036 679 modo:
1083 653 1211 693 genus
1253 645 1315 681 est
1350 640 1463 681 notio
1495 640 1546 682 ad
1576 640 1714 694 plures
1746 640 2000 683 differentias

252 705 479 758 pertinens;
524 700 656 742 forma
686 706 750 742 est
778 701 920 749 notiO,
965 699 1079 742 cuius
1118 701 1351 744 differentia
1388 704 1439 743 ad
1470 710 1590 759 caput
1621 703 1783 757 generis
1814 709 1855 744 et
1885 704 2002 759 quasi

250 765 402 807 fontem
442 762 589 804 referri
628 768 776 817 potest.
837 763 1057 805 Notionem
1096 765 1288 819 appello,
1335 779 1458 820 quam
1498 766 1642 807 Graeci
1682 772 1768 807 tum
1805 766 1999 815 ἔννοιαν,

251 834 332 868 tum
364 826 597 881 πρόληψιν.
656 828 715 867 Ea
746 831 808 867 est
837 825 957 866 insita
988 831 1028 867 et
1057 834 1280 883 praecepta
1310 829 1509 882 cuiusque
1536 828 1718 882 cognitio
1741 829 2002 871 enodationis

201 890 450 942 :oindigens.
511 890 683 929 Formae
714 893 806 928 sunt
839 886 992 942 [igitur]
1027 902 1126 938 eae,
1170 889 1212 931 in
1251 903 1352 946 quas
1392 903 1520 944 genus
1551 891 1638 931 sine
1667 891 1789 932 ullius
1819 897 2004 947 praeter-

253 950 445 992 missione
476 949 694 1000 dividitur3
727 956 770 990 ut
793 949 826 990 si
853 951 946 1005 quis
975 952 1037 991 ius
1068 952 1110 992 in
1141 951 1296 1007 legem,
1331 966 1517 1001 morem,
1552 953 1801 1008 aequitatem
1832 953 2002 996 dividat.

248 1015 416 1054 Formas
447 1011 515 1067 qui
545 1018 661 1067 putat
690 1011 798 1053 idem
831 1025 947 1062 esse,
993 1013 1103 1069 quod
1133 1021 1298 1070 partes,
1341 1014 1555 1057 confundit
1585 1020 1715 1056 artem
1746 1021 1786 1057 et
1816 1016 2004 1058 similitu-

248 1077 342 1116 dine
372 1074 545 1131 quadam
578 1073 846 1116 conturbatus
876 1089 959 1117 non
989 1078 1087 1118 satis
1118 1082 1261 1126 acute,
1295 1091 1402 1134 quae
1433 1084 1526 1119 sunt
1547 1080 1825 1126 secernenda,
1859 1080 2004 1120 distin-

248 1139 345 1192 guit.
405 1139 535 1192 Saepe
576 1138 697 1178 etiam
744 1136 942 1179 definiunt
983 1145 1022 1181 et
1065 1145 1254 1182 oratores
1299 1145 1340 1181 et
1383 1146 1530 1194 poetae
1576 1154 1651 1196 per
1691 1142 2002 1183 translationem

198 1210 232 1238 1⁵
248 1198 362 1242 verbi
383 1212 434 1240 ex
454 1199 717 1241 similitudine
740 1213 833 1241 cum
855 1200 990 1257 aliqua
1009 1203 1222 1244 suavitate.
1282 1205 1349 1244 32.
1385 1204 1466 1244 Sed
1485 1217 1563 1257 ego
1587 1218 1612 1245 a
1631 1202 1780 1244 vestris
1803 1204 2003 1258 exemplis

247 1260 322 1303 nisi
353 1261 586 1304 necessario
617 1276 700 1304 non
731 1262 936 1305 recedam.
999 1264 1167 1306 Solebat
1196 1265 1323 1320 igitur
1362 1266 1575 1321 Aquilius,
1628 1265 1784 1320 collega
1815 1271 1857 1307 et
1884 1265 2006 1308 fami-

246 1323 357 1366 liaris
389 1337 529 1373 meus,
563 1339 655 1367 cum
685 1324 736 1367 de
766 1325 958 1368 litoribus
989 1334 1203 1382 ageretur,
1235 1343 1341 1384 quae
1373 1330 1510 1370 omnia
1540 1328 1709 1383 publica
1741 1342 1831 1370 esse
1861 1329 2001 1378 vultis,

247 1386 539 1442 quaerentibus
568 1389 641 1437 iis,
692 1387 741 1430 ad
773 1402 876 1444 quos
906 1388 948 1431 id
980 1391 1235 1445 pertinebat,
1288 1392 1386 1447 quid
1418 1397 1526 1432 esset
1556 1391 1671 1438 litus,
1721 1391 1780 1432 ita
1810 1390 2002 1441 definire,

247 1464 328 1504 qua
358 1448 503 1491 fluctus
534 1450 741 1502 eluderet3
793 1453 874 1493 hoc
906 1457 988 1499 est,
1036 1453 1151 1509 quasi
1190 1453 1260 1510 qui
1300 1455 1621 1496 adolescentiam
1651 1455 1797 1495 florem
1827 1454 1998 1503 aetatis,

198 1522 233 1549 20
247 1518 500 1554 senectutem
531 1527 720 1555 occasum
750 1514 855 1556 vitae
888 1515 988 1557 velit
1020 1515 1215 1567 delinire3
1260 1517 1528 1558 translatione
1568 1518 1676 1558 enim
1718 1521 1837 1558 utens
1873 1518 2004 1559 disce-

247 1575 368 1618 debat
405 1590 427 1618 a
467 1576 605 1618 verbis
642 1577 825 1632 propriis
869 1592 1012 1620 rerum
1054 1594 1101 1620 ac
1147 1579 1245 1622 suis.
1319 1576 1427 1623 VIIl'.
1475 1579 1599 1630 Quod
1643 1578 1695 1621 ad
1739 1579 2001 1623 definitiones

247 1638 412 1687 attinet,
443 1641 662 1690 hactenus;
696 1640 858 1697 reliqua
889 1643 1118 1684 videamus.

357 1704 422 1743 33.
453 1702 678 1743 partitione
710 1705 768 1744 sic
798 1706 999 1745 utendum
1032 1711 1112 1754 est,
1144 1705 1298 1747 nullam
1328 1710 1375 1747 ut
1403 1710 1564 1759 partem
1595 1705 1828 1760 relinquas;
1871 1710 1938 1755 ut,
1970 1705 2005 1749 si

246 1763 388 1818 partiri
419 1764 519 1806 velis
550 1766 713 1813 tutelas,
747 1767 970 1809 inscienter
998 1769 1144 1818 facias,
1191 1769 1225 1810 si
1255 1769 1379 1810 ullam
1411 1769 1729 1824 praetermittas,
1789 1771 1841 1810 At
1870 1769 1903 1811 si
1934 1771 2006 1811 sti-

197 1827 502 1880 ²⁵pulationum
543 1834 614 1869 aut
651 1828 899 1871 iudiciorum
938 1830 1137 1872 formulas
1179 1833 1379 1886 partiare,
1430 1845 1514 1873 non
1556 1837 1617 1872 est
1657 1831 1854 1873 vitiosum
1885 1831 1926 1873 in
1957 1846 2004 1874 re

245 1888 399 1931 infinita
443 1891 771 1946 praetermittere
811 1892 982 1948 aliquid.
1042 1893 1165 1944 Quod
1208 1894 1318 1936 idem
1360 1895 1401 1936 in
1441 1894 1645 1936 divisione
1686 1895 1881 1935 vitiosum
1922 1900 1999 1936 est.

246 1954 488 1995 Formarum
533 1954 640 1995 enim
679 1961 814 1996 certus
852 1961 912 1997 est
942 1971 1162 2006 numerus,
1211 1971 1317 2013 quae
1349 1958 1500 2013 cuique
1530 1956 1674 2010 generi
1705 1955 2000 2008 subiiciantur3

246 2016 422 2071 partium
453 2016 687 2059 distributio
719 2032 841 2073 saepe
874 2024 935 2059 est
964 2019 1187 2068 infinitior,
1221 2027 1429 2075 tamquam
1462 2021 1646 2061 rivorum
1677 2033 1701 2060 a
1729 2018 1843 2060 fonte
1875 2020 2004 2060 dedu-

247 2080 341 2120 ctio.
402 2082 466 2121 34.
498 2081 638 2134 Itaque
669 2081 710 2122 in
742 2082 933 2122 oratoriis
964 2083 1139 2130 artibus,
1174 2083 1425 2138 quaestionis
1457 2096 1608 2136 genere
1630 2083 1869 2137 proposito,
1901 2087 2004 2137 quot

198 2152 233 2179 ³0
249 2144 335 2182 eius
364 2142 520 2184 formae
555 2144 657 2192 sint,
705 2145 970 2197 subiungitur
1009 2145 1211 2186 absolute.
1274 2147 1326 2186 At
1355 2159 1447 2186 cum
1480 2147 1530 2186 de
1562 2145 1818 2186 ornamentis
1848 2147 2001 2187 verbo-

246 2218 338 2245 rum
379 2205 724 2247 sententiarumve
763 2207 1037 2262 praecipitur,
1084 2222 1190 2264 quae
1228 2214 1376 2249 vocant
1406 2208 1633 2262 σχήματα,
1684 2220 1769 2248 non
1798 2205 1844 2248 fit
1872 2207 1999 2249 idem.

245 2268 325 2308 Res
363 2273 424 2309 est
463 2270 569 2309 enim
607 2268 828 2320 infiniti0r3
881 2276 926 2312 ut
964 2285 1015 2313 ex
1050 2274 1128 2313 hoc
1166 2286 1333 2327 quoque
1363 2272 1643 2325 intelligatur,
1692 2270 1792 2324 quid
1823 2269 1998 2312 velimus

245 2328 354 2370 inter
396 2332 659 2385 partitionem
697 2339 738 2374 et
776 2333 1021 2375 divisionem
1067 2334 1280 2376 interesse.
1342 2336 1602 2390 Quamquam
1648 2335 1757 2374 enim
1800 2333 2003 2375 vocabula

245 2404 376 2446 prope
419 2393 527 2435 idem
572 2394 708 2436 valere
750 2396 1015 2446 videbantur,
1067 2403 1207 2439 tamen
1251 2397 1349 2454 quia
1391 2411 1456 2439 res
1503 2395 1783 2446 differebant,
1834 2397 2004 2438 nomina

201 2460 384 2495 ³⁵1·erum
415 2455 566 2498 distare
597 2457 833 2499 voluerunt.

339 2563 371 2593 2.
397 2565 508 2604 possit
533 2565 671 2605 quidem
697 2565 767 2596 clici
792 2567 835 2597 b:
865 2568 1004 2606 quidem
1029 2568 1096 2598 dici
1120 2569 1229 2607 possit
1253 2568 1279 2599 E
1306 2577 1382 2599 cum
1410 2570 1534 2600 ceteris
1563 2571 1699 2600 nostris.
1721 2584 1759 2590 -
1789 2567 1822 2599 3.
1851 2569 1895 2599 iis
1922 2578 1939 2600 a
1956 2569 2000 2600 dt

250 2611 300 2641 his
326 2610 349 2641 E
377 2619 453 2642 cum
479 2614 601 2642 ceteris
631 2615 765 2644 nostris.
795 2629 835 2636 —-
862 2614 895 2644 4.
924 2614 1026 2645 verbo
1053 2623 1121 2645 om.
1150 2622 1180 2645 a.
1212 2632 1247 2637 —
1278 2614 1311 2645 8.
1339 2614 1455 2655 quam]
1486 2616 1574 2647 hanc
1599 2615 1682 2645 Ern.
1708 2617 1798 2646 coni.
1825 2616 1939 2647 firmat
1966 2616 1999 2646 b.

250 2658 338 2688 Ante
364 2657 389 2688 E
416 2666 492 2688 cum
521 2661 643 2690 ceteris
671 2662 794 2690 nostris
823 2660 972 2691 edebant
998 2662 1099 2701 quod.
1141 2678 1180 2683 —
1219 2661 1253 2692 9.
1290 2660 1492 2704 πρόληψιν
1525 2661 1684 2699 abcdt’,
1725 2661 1784 2692 Gr.
1813 2662 1853 2694 B.
1882 2662 2000 2700 Valla,

252 2703 334 2733 BV:
362 2702 560 2747 πρόληψιν
587 2705 705 2737 dicunt
732 2707 758 2737 E
785 2715 863 2737 cum
892 2716 908 2738 e
935 2708 1095 2746 aliisque.
1132 2724 1176 2728 —
1209 2712 1240 2739 et
1262 2716 1449 2747 praecepta
1476 2709 1495 2739 b
1523 2709 1662 2739 firmans
1690 2707 1772 2740 Scb.
1801 2709 2002 2741 lectionem.

253 2759 291 2781 ex
318 2749 331 2780 s
354 2750 622 2782 conformatam:
665 2757 695 2782 et
723 2758 803 2783 onte
825 2759 987 2793 percepta
1013 2755 1114 2789 aed,
1145 2754 1203 2785 Gr.
1222 2779 1229 2791 ‚
1259 2755 1376 2792 Valla,
1404 2757 1446 2787 E.
1484 2771 1527 2778 -
1565 2757 1727 2794 cuiusque
1754 2756 1905 2796 cognitio
1933 2756 2000 2793 bs,

253 2796 301 2831 li:
329 2798 410 2827 item
437 2805 453 2827 a
471 2797 543 2833 cd,
574 2798 631 2828 Gr.
652 2822 660 2835 ‚
697 2799 755 2830 sed
784 2803 817 2830 in
846 2800 895 2830 liis
932 2809 991 2837 per
1017 2809 1166 2832 errorem
1193 2803 1355 2842 cuiusque
1381 2803 1593 2843 coynicionis
1620 2804 1793 2843 indiffens:
1837 2803 2003 2842 cuiusque

253 2843 381 2882 formae
407 2845 556 2884 coynitio
585 2845 608 2874 E
637 2853 712 2875 cum
743 2855 785 2883 e,
829 2846 965 2878 Oxonn.
994 2847 1156 2884 duobus,
1202 2849 1307 2879 Valla.
1351 2865 1389 2871 —
1433 2849 1489 2879 10.
1526 2852 1607 2878 sunt
1639 2850 1747 2888 iqitur
1773 2848 1851 2886 ad,
1892 2849 2000 2887 Valla,

254 2887 331 2918 BV:
360 2890 470 2927 iyitur
493 2894 570 2920 sunt
601 2891 685 2922 bce
713 2892 759 2928 E;
787 2901 853 2923 om.
883 2894 990 2933 iyieur
1016 2894 1038 2925 s.
1090 2894 1160 2926 Nos
1186 2896 1405 2926 seclusimus.
1437 2911 1475 2917 —
1520 2903 1579 2925 eac
1603 2903 1643 2925 a:
1671 2896 1733 2927 hae
1759 2895 1785 2926 E
1813 2903 1890 2926 eum
1917 2901 1998 2927 cett.

256 2940 388 2972 praeter
407 2936 437 2970 s.
465 2938 522 2975 qui
550 2939 687 2968 omittit.
721 2954 755 2959 —-
785 2940 841 2970 15.
869 2940 987 2979 aliqua
1014 2949 1030 2970 a
1048 2942 1131 2972 cde
1149 2941 1178 2978 s,
1208 2942 1266 2972 Gr.
1290 2944 1336 2978 B,
1364 2953 1404 2987 ρ,
1434 2941 1526 2973 Valla
1545 2965 1552 2979 ,
1582 2941 1660 2972 BV:
1688 2941 1842 2982 quadam
1868 2942 1937 2973 bE.
1959 2959 2001 2964 —

257 2980 311 3010 16.
339 2982 491 3021 Aquilius
518 2982 626 3015 Codd.
655 2987 785 3016 nostri:
813 2986 985 3026 Aquillius
1016 2987 1039 3018 E
1068 2997 1145 3019 eum
1174 2988 1355 3020 Lambino.
1394 3005 1434 3010 --
1474 2989 1528 3019 19.
1555 2987 1707 3019 eluderet
1731 2997 1850 3020 omnes
1877 2990 1999 3024 nostri,

257 3030 294 3055 ut
319 3026 343 3056 E
361 3050 368 3062 ,
411 3028 542 3060 elideret
570 3032 680 3062 oxon.
709 3039 768 3071 ψ,
797 3032 914 3067 Vana.
942 3033 1115 3066 Gesnerus
1143 3035 1184 3065 ad
1213 3034 1436 3066 Columellam
1463 3034 1502 3072 lt,
1530 3034 1591 3068 c20,
1618 3036 1653 3066 2.
1688 3039 1721 3067 et
1747 3038 1778 3066 in
1799 3035 1999 3071 Thesaur03

258 3071 421 3103 alluderet
448 3082 524 3104 cum
551 3077 746 3109 Passeratio
766 3079 804 3109 L.
829 3097 863 3102 -
893 3080 949 3109 20.
978 3082 1211 3112 translatione
1238 3083 1327 3112 enim
1352 3081 1535 3117 abcdes‚
1562 3081 1609 3117 U,
1638 3092 1680 3123 ρ,
1709 3081 1821 3114 Valla:
1850 3081 2002 3112 transla-

257 3120 348 3150 tione
374 3118 461 3156 (cum
488 3121 620 3154 Oxonn.
651 3125 798 3163 duobus)
827 3126 865 3156 E.
896 3142 935 3147 —
963 3126 1018 3157 23.
1047 3129 1244 3158 Partitione
1271 3129 1333 3165 es,
1362 3139 1405 3170 ρ,
1433 3133 1466 3158 et
1492 3136 1541 3166 pr.
1572 3128 1590 3158 b
1609 3151 1617 3164 ,
1646 3128 1740 3159 Valla
1761 3152 1769 3166 ‚
1797 3128 1879 3159 BV:
1915 3136 2000 3167 par-

258 3164 377 3196 titione
415 3169 526 3197 autem
550 3169 629 3208 NE,
665 3174 857 3209 partitione
884 3177 955 3203 tum
980 3174 1054 3204 aed
1084 3180 1116 3207 et
1144 3183 1231 3205 corr.
1261 3174 1300 3212 b,
1342 3175 1423 3210 Gn,
1451 3175 1490 3205 B.
1530 3191 1573 3195 —
1616 3175 1671 3206 31.
1711 3175 2001 3206 sententiarumve

258 3211 436 3246 abssdsss·
462 3222 501 3254 ζ),
530 3214 647 3247 Valla:
675 3220 991 3258 sententiarumque
1016 3220 1088 3252 NE.
1123 3237 1167 3242 ——
1203 3225 1331 3252 vocant
1354 3221 1443 3258 act,
1473 3221 1555 3252 Gn:
1596 3227 1766 3252 vocantur
1790 3222 1816 3253 E
1843 3229 1918 3251 cum
1946 3228 2000 3251 ce-

258 3258 353 3288 teris.
384 3273 423 3279 —-
452 3258 506 3288 32.
534 3265 581 3290 est
606 3264 693 3293 enim
718 3266 848 3303 aede,
876 3266 957 3297 BV:
985 3267 1075 3298 enim
1099 3272 1147 3299 est
1171 3267 1197 3298 E
1223 3275 1300 3299 cum
1328 3272 1408 3300 cett.
1432 3284 1471 3289 -
1500 3267 1556 3298 32.
1583 3267 1794 3299 videbantur
1820 3267 1996 3299 Orellius:

257 3303 439 3335 videantur
465 3314 542 3336 eum
571 3307 662 3339 libris
692 3310 729 3340 E.
