2117 3762
253 252 336 294 222
952 250 1022 288 DE
1054 249 1302 291 ORATORE

791 667 856 709 M.
896 666 1102 709 TULLII
1138 663 1466 712 CICERONIS

1101 776 1158 805 DE

715 863 767 919 Ο
837 863 898 918 R
968 866 1038 920 A
1109 862 1162 918 Τ
1235 860 1287 917 Ο
1358 862 1419 917 Β
1488 863 1542 917 E

841 985 1042 1024 LIBER
1081 983 1423 1023 SECUNDUS.

247 1259 278 1299 Ι.
327 1259 364 1298 1.
419 1240 589 1308 Magna
618 1252 739 1293 nobis
769 1250 934 1307 pueris,
984 1250 1136 1300 Quinte
1178 1248 1329 1295 frater,
1379 1247 1412 1289 si
1448 1250 1649 1289 memoria
1680 1253 1818 1298 tenes,
1867 1250 2010 1304 opinio

248 1319 325 1362 suit
354 1321 398 1359 L.
421 1319 612 1359 Crassum
642 1329 724 1356 non
757 1314 847 1367 plus
877 1313 1060 1367 attigisse
1094 1312 1324 1358 doctrinae,
1376 1324 1499 1365 quam
1540 1316 1739 1365 quantum
1778 1312 1910 1366 prima
1940 1313 2009 1354 illa

248 1380 397 1436 puerili
429 1379 685 1420 institutione
718 1377 944 1431 potuisset:
997 1377 1051 1415 M.
1077 1380 1215 1415 autem
1247 1375 1475 1413 Antonium
1508 1374 1678 1414 omnino
1711 1374 1844 1415 omnis
1875 1375 2012 1416 erudi—

248 1445 370 1485 tionis
402 1447 616 1497 expertem
649 1445 772 1492 atque
805 1438 994 1491 ignarum
1027 1436 1177 1485 suisse;
1229 1441 1427 1491 erantque
1457 1437 1596 1482 multi,
1636 1435 1729 1490 qui,
1763 1451 2012 1492 quamquam

218 1519 331 1548 5non
361 1507 418 1546 ita
449 1519 492 1544 se
524 1517 612 1544 rem
643 1503 801 1543 habere
833 1502 1160 1547 arbitrarentur,
1210 1504 1366 1546 tamen,
1408 1512 1491 1553 quo
1522 1498 1682 1539 facilius
1712 1513 1789 1540 nos
1818 1499 2011 1541 incensos

247 1568 382 1610 studio
423 1565 607 1608 discendi
648 1579 671 1605 a
702 1564 891 1605 doctrina
923 1565 1206 1608 deterrerent,
1239 1562 1421 1601 libenter
1450 1562 1516 1608 id,
1557 1563 1669 1614 quod
1703 1561 1808 1609 dixi,
1849 1564 1900 1603 de
1930 1562 2012 1603 illis

249 1629 485 1673 oratoribus
529 1627 839 1684 praedicarent,
887 1631 954 1673 ut,
1002 1626 1034 1664 si
1076 1625 1266 1664 homines
1312 1636 1394 1664 non
1440 1625 1589 1664 eruditi
1633 1637 1835 1666 summam
1874 1630 2013 1667 essent

247 1694 507 1748 prudentiam
533 1697 657 1746 atque
679 1688 967 1730 incredibilem
990 1687 1269 1741 eloquentiam
1293 1687 1524 1734 consecuti,
1557 1687 1692 1727 inanis
1714 1688 1848 1728 omnis
1869 1694 2013 1729 noster

248 1770 338 1797 esse
367 1756 489 1795 labor
519 1759 560 1794 et
591 1752 760 1793 stultum
790 1751 832 1792 in
862 1751 984 1791 nobis
1018 1748 1257 1790 erudiendis
1287 1750 1418 1801 patris
1449 1750 1603 1797 nostri,
1653 1748 1799 1802 optimi
1839 1763 1886 1791 ac
1914 1764 2013 1806 pru-

196 1816 473 1861 aodentissimi
512 1815 615 1863 viri,
665 1815 846 1856 studium
889 1812 1113 1854 videretur.
1172 1813 1212 1851 2.
1248 1811 1363 1859 Quos
1405 1816 1514 1858 tum,
1563 1816 1608 1852 ut
1637 1812 1779 1864 pueri,
1824 1811 2008 1854 refutare

247 1879 485 1922 domesticis
517 1877 709 1925 testibus,
758 1882 875 1931 patre
907 1881 948 1916 et
979 1878 1020 1917 C.
1044 1874 1278 1920 Aculeone,
1318 1874 1556 1928 propinquo
1588 1879 1760 1922 nostro,
1805 1880 1845 1915 et
1875 1877 1922 1916 L.
1947 1876 2013 1917 Ci-

247 1956 423 1991 cerone,
469 1947 645 1996 patrue,
694 1941 948 1985 solebamus,
996 1938 1109 1992 quod
1141 1935 1192 1976 de
1224 1937 1370 1977 Crasso
1403 1941 1521 1990 pater
1551 1941 1592 1976 et
1620 1937 1778 1976 Aculeo
1811 1939 2011 1991 (quocum

248 2010 337 2046 erat
365 2009 507 2046 nostra
535 2004 805 2051 matertera),
840 2015 963 2055 quem
996 2002 1166 2041 Crassus
1198 1999 1345 2039 dilexit
1376 2011 1428 2038 ex
1458 1996 1652 2038 omnibus
1683 1998 1936 2053 plurimum,
1971 2004 2012 2040 et

246 2073 435 2123 patruus,
481 2066 551 2121 qui
587 2078 680 2106 cum
719 2064 899 2105 Antonio
931 2061 972 2102 in
1004 2060 1190 2102 Ciliciam
1221 2058 1432 2115 profectus
1463 2073 1545 2100 una
1575 2059 1838 2110 decesserat,
1882 2062 2011 2102 multa

195 2147 232 2173 15
246 2131 368 2172 nobis
400 2131 451 2170 de
482 2128 570 2169 eius
600 2125 737 2168 studio
768 2126 1040 2178 doctrinaque
1071 2136 1194 2177 saepe
1224 2123 1426 2173 narravit;
1459 2136 1636 2177 cumque
1670 2136 1747 2164 nos
1783 2138 1876 2163 cum
1912 2137 2012 2165 con-

247 2191 428 2234 sobrinis
457 2190 632 2237 nostris,
674 2186 895 2229 Aculeonis
925 2185 1043 2233 filiis,
1084 2190 1125 2226 et
1155 2198 1203 2225 ea
1234 2184 1511 2233 disceremus,
1555 2199 1661 2240 quae
1695 2187 1841 2227 Crasso
1871 2187 2012 2239 place-

246 2261 365 2304 rent,
400 2260 442 2296 et
469 2256 520 2294 ab
551 2253 601 2293 iis
632 2251 891 2297 doctoribus,
923 2250 1073 2304 quibus
1104 2246 1174 2288 ille
1194 2252 1409 2296 uteretur,
1444 2246 1727 2295 erudiremur,
1760 2249 1886 2288 etiam
1906 2249 2011 2289 illud

248 2332 372 2372 saepe
409 2316 715 2361 intelleximus,
759 2326 853 2353 cum
891 2324 1075 2353 essemus
1105 2309 1134 2362 -Χ-
1165 2310 1394 2358 eiusmodi,
1442 2311 1556 2363 quod
1595 2311 1661 2350 vel
1701 2310 1822 2364 pueri
1852 2312 2008 2352 sentire

247 2387 511 2437 poteramuS,
561 2377 677 2418 illum
708 2380 748 2417 et
780 2377 937 2416 Graece
968 2375 1026 2415 sic
1056 2374 1196 2428 loqui,
1243 2371 1396 2413 nullam
1438 2378 1483 2413 ut
1519 2385 1643 2413 nosse
1673 2373 1795 2413 aliam
1826 2372 2009 2427 linguam

196 2461 233 2486 20
246 2444 480 2490 videretur,
530 2446 571 2482 et
601 2437 841 2481 doctoribus
871 2436 1023 2478 nostris
1053 2449 1101 2476 ea
1131 2449 1289 2490 ponere
1322 2436 1363 2475 in
1394 2436 1677 2489 percontando
1710 2448 1841 2490 eaque
1870 2436 2008 2489 ipsum

247 2506 362 2548 omni
403 2506 446 2546 in
488 2516 680 2546 sermone
723 2505 926 2547 tractare,
974 2504 1020 2540 ut
1058 2499 1162 2538 nihil
1202 2511 1292 2539 esse
1333 2498 1370 2538 ei
1410 2510 1590 2545 novum,
1639 2496 1743 2537 nihil
1772 2496 2004 2539 inauditum

244 2570 475 2610 videretur.
536 2568 576 2606 3.
609 2567 670 2605 De
700 2562 881 2604 Antonio
910 2574 1031 2608 vero,
1081 2574 1332 2616 quamquam
1363 2573 1486 2615 saepe
1516 2573 1569 2600 ex
1600 2559 1900 2601 humanissimo
1929 2561 2006 2601 ho-

246 2630 378 2678 mine,
419 2633 568 2684 patruo
599 2631 763 2673 nostro,
808 2638 1121 2677 acceperamu5‚
1163 2624 1512 2677 quemadmodum
1541 2621 1610 2662 ille
1642 2622 1708 2662 vel
1738 2622 1911 2663 Athenis
1940 2621 2008 2664 vel

246 2692 382 2734 Rhodi
413 2706 456 2732 se
487 2689 821 2732 doctissimorum
851 2687 1066 2728 hominum
1097 2684 1359 2726 sermonibus
1390 2686 1589 2730 dedisset,
1622 2688 1760 2724 tamen
1789 2684 1878 2738 ipse
1908 2683 2007 2726 ado-

197 2753 517 2802 2slescentulus‚
549 2756 747 2808 quantum
777 2749 887 2790 illius
917 2747 1099 2788 ineuntis
1130 2748 1273 2788 aetatis
1295 2760 1412 2788 meae
1433 2747 1668 2800 patiebatur
1687 2747 1845 2799 pudor,
1878 2746 2007 2788 multa

249 2834 300 2859 ex
331 2832 380 2860 eo
413 2829 536 2870 saepe
566 2813 767 2869 quaesivi.
823 2813 916 2852 Non
947 2809 1027 2851 erit
1056 2808 1243 2862 profecto
1266 2808 1365 2858 tibi,
1399 2808 1509 2864 quod
1536 2809 1693 2856 scribo,
1724 2807 1804 2850 hoc
1823 2822 2003 2860 novum3

248 2894 342 2921 nam
372 2882 453 2921 iam
483 2885 571 2920 tum
610 2890 663 2918 ex
708 2889 774 2915 me
814 2872 1013 2914 audiebas
1055 2870 1155 2912 mihi
1193 2870 1308 2912 illum
1348 2886 1399 2913 ex
1439 2869 1576 2911 multis
1607 2870 1813 2925 variisque
1842 2884 2004 2912 sermo-

248 2941 367 2985 nibus
397 2941 548 2984 nullius
578 2941 660 2988 rei,
706 2950 811 2993 quae
848 2936 1015 2990 quidem
1055 2939 1165 2975 esset
1199 2934 1241 2975 in
1270 2935 1336 2975 his
1366 2931 1545 2982 artibus,
1591 2934 1642 2973 de
1672 2932 1821 2988 quibus
1850 2932 2004 2988 aliquid

250 3036 2005 3055 W

341 3105 374 3136 5.
402 3114 434 3136 se
459 3105 520 3145 Lg.
548 3111 656 3144 prope
683 3110 802 3134 omnes
825 3109 833 3131 ι
855 3107 923 3131 sese
948 3098 1053 3130 BRE.
1077 3113 1112 3119 -
1141 3096 1176 3129 6.
1204 3096 1359 3128 discendi
1385 3094 1494 3128 Codd.
1523 3095 1567 3128 al.
1586 3119 1594 3134 ,
1622 3096 1676 3128 R:
1703 3096 1841 3128 dicendi
1864 3094 1936 3126 BE.
1958 3110 2002 3118 --

250 3151 285 3182 9.
314 3156 397 3183 esset
423 3152 464 3182 R.
506 3168 543 3174 -
589 3151 645 3182 12.
681 3157 827 3190 quocum
850 3150 964 3186 nupta
988 3146 1031 3177 R.
1069 3159 1110 3166 -
1152 3144 1208 3175 15.
1236 3143 1385 3174 sobrinis
1410 3143 1450 3173 B.
1478 3157 1518 3166 —
1560 3142 1617 3175 17.
1644 3143 1688 3175 iis
1715 3142 1824 3175 Codd.
1851 3141 1921 3173 ab:
1951 3141 2001 3173 his

250 3198 351 3229 BRE.
382 3215 418 3220 —-
447 3196 502 3229 18.
531 3197 603 3228 eius
627 3196 721 3228 domi
746 3194 949 3227 Gulielmius
967 3217 975 3230 ‚
1004 3190 1097 3232 quod
1125 3190 1247 3230 placet.
1276 3190 1338 3222 Vv.
1367 3199 1443 3221 cum
1469 3198 1614 3221 essemus
1639 3189 1805 3221 eiusmodi
1830 3187 2000 3221 Lambino

251 3249 391 3276 auctore
429 3243 569 3275 seclusit
604 3242 753 3275 Ellendt.
804 3241 930 3273 Contra
964 3240 1072 3272 Bakio
1108 3240 1271 3276 suspecta
1305 3241 1387 3268 sunt
1424 3245 1478 3269 vv.
1515 3235 1606 3277 quod
1629 3253 1644 3258 -
1669 3253 1681 3258 -
1703 3239 1921 3276 poteramus.
1955 3251 1997 3257 —

250 3292 308 3322 20.
333 3298 529 3330 proponere
552 3290 595 3319 R.
626 3306 662 3311 —
687 3287 947 3328 percunctando
974 3288 1014 3319 E.
1044 3301 1084 3307 —
1109 3285 1182 3324 ipse
1207 3284 1302 3314 omni
1325 3292 1478 3316 sermone
1504 3280 1587 3324 (om.
1613 3281 1665 3324 in)
1690 3282 1732 3314 R.
1763 3297 1802 3305 —
1828 3282 1885 3312 21.
1911 3281 2001 3314 nihil

251 3340 281 3371 ei
305 3346 403 3370 nosse
429 3336 469 3367 B.
502 3353 535 3358 -
564 3336 618 3366 24.
644 3336 830 3368 dedidisset
855 3335 895 3367 R.
923 3351 966 3355 —«
991 3329 1077 3375 ipse]
1102 3332 1157 3364 ille
1182 3331 1222 3363 B.
1256 3346 1290 3352 ’-
1318 3330 1373 3363 28.
1402 3331 1454 3361 rei
1479 3338 1546 3363 om.
1574 3329 1615 3361 B.
