<?xml version="1.0" encoding="UTF-8"?>
<!DOCTYPE html PUBLIC "-//W3C//DTD XHTML 1.0 Transitional//EN"
    "http://www.w3.org/TR/xhtml1/DTD/xhtml1-transitional.dtd">
<html xmlns="http://www.w3.org/1999/xhtml" xml:lang="en" lang="en">
 <head>
  <title>
</title>
<meta http-equiv="Content-Type" content="text/html;charset=utf-8" />
  <meta name='ocr-system' content='tesseract 3.04.00' />
  <meta name='ocr-capabilities' content='ocr_page ocr_carea ocr_par ocr_line ocrx_word'/>
</head>
<body>
  <div class='ocr_page' id='page_1' title='image "./operaquaesupersu01ciceuoft/operaquaesupersu01ciceuoft_0371.png"; bbox 0 0 2117 3762; ppageno 0'>
   <div class='ocr_carea' id='block_1_1' title="bbox 797 271 1838 314">
    <p class='ocr_par' dir='ltr' id='par_1_1' title="bbox 797 271 1838 314">
     <span class='ocr_line' id='line_1_1' title="bbox 797 271 1838 314; baseline 0.002 -2"><span class='ocrx_word' id='word_1_1' title='bbox 797 271 838 312; x_wconf 90' lang='lat' dir='ltr'>C.</span> <span class='ocrx_word' id='word_1_2' title='bbox 870 271 936 312; x_wconf 74' lang='lat'>28.</span> <span class='ocrx_word' id='word_1_3' title='bbox 971 272 1036 313; x_wconf 73' lang='lat'>29.</span> <span class='ocrx_word' id='word_1_4' title='bbox 1066 273 1130 312; x_wconf 84' lang='lat'>30.</span> <span class='ocrx_word' id='word_1_5' title='bbox 1757 275 1838 314; x_wconf 78' lang='lat'>359</span> 
     </span>
    </p>
   </div>
   <div class='ocr_carea' id='block_1_2' title="bbox 85 376 1891 2750">
    <p class='ocr_par' dir='ltr' id='par_1_2' title="bbox 89 376 1868 732">
     <span class='ocr_line' id='line_1_2' title="bbox 91 376 1837 434; baseline 0.003 -16"><span class='ocrx_word' id='word_1_6' title='bbox 91 379 241 425; x_wconf 88' lang='lat' dir='ltr'>Brute,</span> <span class='ocrx_word' id='word_1_7' title='bbox 294 378 346 418; x_wconf 83' lang='lat' dir='ltr'>M.</span> <span class='ocrx_word' id='word_1_8' title='bbox 375 378 538 419; x_wconf 87' lang='lat' dir='ltr'>Pennus</span> <span class='ocrx_word' id='word_1_9' title='bbox 576 377 694 418; x_wconf 80' lang='lat' dir='ltr'>facile</span> <span class='ocrx_word' id='word_1_10' title='bbox 734 376 902 428; x_wconf 65' lang='lat' dir='ltr'>agitaxit</span> <span class='ocrx_word' id='word_1_11' title='bbox 942 380 979 418; x_wconf 88' lang='lat' dir='ltr'>in</span> <span class='ocrx_word' id='word_1_12' title='bbox 1023 376 1231 420; x_wconf 73' lang='lat' dir='ltr'>tribunatu</span> <span class='ocrx_word' id='word_1_13' title='bbox 1270 380 1313 420; x_wconf 84' lang='lat' dir='ltr'>C.</span> <span class='ocrx_word' id='word_1_14' title='bbox 1349 378 1608 427; x_wconf 86' lang='lat' dir='ltr'>Gracchum,</span> <span class='ocrx_word' id='word_1_15' title='bbox 1657 381 1837 434; x_wconf 89' lang='lat' dir='ltr'>paullum</span> 
     </span>
     <span class='ocr_line' id='line_1_3' title="bbox 91 437 1839 498; baseline 0.002 -17"><span class='ocrx_word' id='word_1_16' title='bbox 91 446 221 481; x_wconf 89' lang='lat' dir='ltr'>aetate</span> <span class='ocrx_word' id='word_1_17' title='bbox 253 442 512 481; x_wconf 65' lang='lat' dir='ltr'>antecedens.</span> <span class='ocrx_word' id='word_1_18' title='bbox 572 440 663 481; x_wconf 87' lang='lat' dir='ltr'>Fuit</span> <span class='ocrx_word' id='word_1_19' title='bbox 694 437 800 479; x_wconf 81' lang='lat' dir='ltr'>enini</span> <span class='ocrx_word' id='word_1_20' title='bbox 840 441 893 479; x_wconf 79' lang='lat' dir='ltr'>M.</span> <span class='ocrx_word' id='word_1_21' title='bbox 931 439 1085 493; x_wconf 67' lang='lat' dir='ltr'>Lepido</span> <span class='ocrx_word' id='word_1_22' title='bbox 1118 447 1157 481; x_wconf 75' lang='lat' dir='ltr'>ot</span> <span class='ocrx_word' id='word_1_23' title='bbox 1188 443 1233 482; x_wconf 89' lang='lat' dir='ltr'>L.</span> <span class='ocrx_word' id='word_1_24' title='bbox 1269 442 1414 483; x_wconf 78' lang='lat' dir='ltr'><strong>Oreste</strong></span> <span class='ocrx_word' id='word_1_25' title='bbox 1445 441 1683 484; x_wconf 89' lang='lat' dir='ltr'>consulibus</span> <span class='ocrx_word' id='word_1_26' title='bbox 1714 458 1839 498; x_wconf 85' lang='lat' dir='ltr'>quae-</span> 
     </span>
     <span class='ocr_line' id='line_1_4' title="bbox 90 500 1838 560; baseline 0.002 -16"><span class='ocrx_word' id='word_1_27' title='bbox 90 508 178 544; x_wconf 89' lang='lat' dir='ltr'>stor</span> <span class='ocrx_word' id='word_1_28' title='bbox 209 505 438 551; x_wconf 76' lang='lat' dir='ltr'>Gracchus,</span> <span class='ocrx_word' id='word_1_29' title='bbox 488 500 674 543; x_wconf 90' lang='lat' dir='ltr'>tribunus</span> <span class='ocrx_word' id='word_1_30' title='bbox 705 502 890 548; x_wconf 71' lang='lat' dir='ltr'>Pennus,</span> <span class='ocrx_word' id='word_1_31' title='bbox 939 502 1046 543; x_wconf 85' lang='lat' dir='ltr'>illius</span> <span class='ocrx_word' id='word_1_32' title='bbox 1078 505 1201 544; x_wconf 74' lang='lat' dir='ltr'>Marri</span> <span class='ocrx_word' id='word_1_33' title='bbox 1235 503 1365 552; x_wconf 86' lang='lat' dir='ltr'>lilius,</span> <span class='ocrx_word' id='word_1_34' title='bbox 1417 506 1486 560; x_wconf 89' lang='lat' dir='ltr'>qui</span> <span class='ocrx_word' id='word_1_35' title='bbox 1517 519 1609 546; x_wconf 88' lang='lat' dir='ltr'>cum</span> <span class='ocrx_word' id='word_1_36' title='bbox 1642 506 1690 555; x_wconf 90' lang='lat' dir='ltr'>Q.</span> <span class='ocrx_word' id='word_1_37' title='bbox 1721 506 1838 548; x_wconf 80' lang='lat' dir='ltr'>Aelio</span> 
     </span>
     <span class='ocr_line' id='line_1_5' title="bbox 91 563 1837 619; baseline 0.001 -13"><span class='ocrx_word' id='word_1_38' title='bbox 91 567 235 607; x_wconf 84' lang='lat' dir='ltr'>consul</span> <span class='ocrx_word' id='word_1_39' title='bbox 266 565 365 606; x_wconf 87' lang='lat' dir='ltr'>l&#39;uit:</span> <span class='ocrx_word' id='word_1_40' title='bbox 408 566 477 606; x_wconf 87' lang='lat' dir='ltr'>sed</span> <span class='ocrx_word' id='word_1_41' title='bbox 510 563 543 606; x_wconf 92' lang='lat' dir='ltr'>is</span> <span class='ocrx_word' id='word_1_42' title='bbox 574 563 712 604; x_wconf 85' lang='lat' dir='ltr'>omnia</span> <span class='ocrx_word' id='word_1_43' title='bbox 743 578 899 604; x_wconf 84' lang='lat' dir='ltr'>summa</span> <span class='ocrx_word' id='word_1_44' title='bbox 931 578 1100 619; x_wconf 81' lang='lat' dir='ltr'>sperans</span> <span class='ocrx_word' id='word_1_45' title='bbox 1142 566 1354 606; x_wconf 77' lang='lat' dir='ltr'>aedilicius</span> <span class='ocrx_word' id='word_1_46' title='bbox 1385 573 1447 607; x_wconf 90' lang='lat' dir='ltr'>est</span> <span class='ocrx_word' id='word_1_47' title='bbox 1476 573 1676 611; x_wconf 88' lang='lat' dir='ltr'>mortuus.</span> <span class='ocrx_word' id='word_1_48' title='bbox 1736 570 1837 609; x_wconf 82' lang='lat' dir='ltr'>Nam</span> 
     </span>
     <span class='ocr_line' id='line_1_6' title="bbox 90 626 1868 684; baseline 0.002 -15"><span class='ocrx_word' id='word_1_49' title='bbox 90 629 141 669; x_wconf 89' lang='lat' dir='ltr'>de</span> <span class='ocrx_word' id='word_1_50' title='bbox 172 630 219 669; x_wconf 88' lang='lat' dir='ltr'>T.</span> <span class='ocrx_word' id='word_1_51' title='bbox 253 626 507 675; x_wconf 84' lang='lat' dir='ltr'>Flaminino,</span> <span class='ocrx_word' id='word_1_52' title='bbox 553 639 675 680; x_wconf 87' lang='lat' dir='ltr'>quem</span> <span class='ocrx_word' id='word_1_53' title='bbox 719 627 804 681; x_wconf 84' lang='lat' dir='ltr'>ipse</span> <span class='ocrx_word' id='word_1_54' title='bbox 848 627 953 674; x_wconf 72' lang='lat' dir='ltr'>vidi,</span> <span class='ocrx_word' id='word_1_55' title='bbox 1002 626 1101 668; x_wconf 89' lang='lat' dir='ltr'>nihil</span> <span class='ocrx_word' id='word_1_56' title='bbox 1142 630 1282 683; x_wconf 80' lang='lat' dir='ltr'>accepi</span> <span class='ocrx_word' id='word_1_57' title='bbox 1321 631 1398 669; x_wconf 87' lang='lat' dir='ltr'>nisi</span> <span class='ocrx_word' id='word_1_58' title='bbox 1436 630 1580 671; x_wconf 80' lang='lat' dir='ltr'>Latine</span> <span class='ocrx_word' id='word_1_59' title='bbox 1621 631 1868 684; x_wconf 86' lang='lat' dir='ltr'>diligenter⁵</span> 
     </span>
     <span class='ocr_line' id='line_1_7' title="bbox 89 691 287 732; baseline -0.005 0"><span class='ocrx_word' id='word_1_60' title='bbox 89 691 287 732; x_wconf 87' lang='lat' dir='ltr'>locutum.</span> 
     </span>
    </p>

    <p class='ocr_par' dir='ltr' id='par_1_3' title="bbox 85 752 1891 2750">
     <span class='ocr_line' id='line_1_8' title="bbox 201 752 1838 805; baseline 0.001 -10"><span class='ocrx_word' id='word_1_61' title='bbox 201 755 353 795; x_wconf 87' lang='lat' dir='ltr'>XXlX.</span> <span class='ocrx_word' id='word_1_62' title='bbox 389 754 481 796; x_wconf 80' lang='lat'>110,</span> <span class='ocrx_word' id='word_1_63' title='bbox 527 752 601 792; x_wconf 91' lang='lat' dir='ltr'>llis</span> <span class='ocrx_word' id='word_1_64' title='bbox 632 753 811 792; x_wconf 85' lang='lat' dir='ltr'>adiuncti</span> <span class='ocrx_word' id='word_1_65' title='bbox 842 757 935 792; x_wconf 87' lang='lat' dir='ltr'>sunt</span> <span class='ocrx_word' id='word_1_66' title='bbox 966 753 1010 793; x_wconf 88' lang='lat' dir='ltr'>C.</span> <span class='ocrx_word' id='word_1_67' title='bbox 1046 753 1193 802; x_wconf 82' lang='lat' dir='ltr'>Curio,</span> <span class='ocrx_word' id='word_1_68' title='bbox 1239 756 1295 794; x_wconf 82' lang='lat' dir='ltr'>M.</span> <span class='ocrx_word' id='word_1_69' title='bbox 1329 755 1526 803; x_wconf 83' lang='lat' dir='ltr'>Scaurus,</span> <span class='ocrx_word' id='word_1_70' title='bbox 1573 756 1615 797; x_wconf 91' lang='lat' dir='ltr'>P.</span> <span class='ocrx_word' id='word_1_71' title='bbox 1642 754 1838 805; x_wconf 86' lang='lat' dir='ltr'>Rutilius,</span> 
     </span>
     <span class='ocr_line' id='line_1_9' title="bbox 91 813 1840 872; baseline 0.002 -15"><span class='ocrx_word' id='word_1_72' title='bbox 91 816 136 857; x_wconf 88' lang='lat' dir='ltr'>C.</span> <span class='ocrx_word' id='word_1_73' title='bbox 162 814 381 857; x_wconf 81' lang='lat' dir='ltr'>Gracchus,</span> <span class='ocrx_word' id='word_1_74' title='bbox 438 816 497 855; x_wconf 90' lang='lat' dir='ltr'>De</span> <span class='ocrx_word' id='word_1_75' title='bbox 532 815 686 855; x_wconf 75' lang='lat' dir='ltr'>Scauro</span> <span class='ocrx_word' id='word_1_76' title='bbox 718 821 757 854; x_wconf 87' lang='lat' dir='ltr'>et</span> <span class='ocrx_word' id='word_1_77' title='bbox 789 814 938 855; x_wconf 79' lang='lat' dir='ltr'>Rutilio</span> <span class='ocrx_word' id='word_1_78' title='bbox 970 813 1151 857; x_wconf 75' lang='lat' dir='ltr'>breviter</span> <span class='ocrx_word' id='word_1_79' title='bbox 1181 817 1276 858; x_wconf 84' lang='lat' dir='ltr'>licet</span> <span class='ocrx_word' id='word_1_80' title='bbox 1297 817 1459 865; x_wconf 50' lang='lat' dir='ltr'>dict-rm</span> <span class='ocrx_word' id='word_1_81' title='bbox 1494 831 1669 872; x_wconf 90' lang='lat' dir='ltr'>quorum</span> <span class='ocrx_word' id='word_1_82' title='bbox 1692 824 1840 860; x_wconf 88' lang='lat' dir='ltr'>neuter</span> 
     </span>
     <span class='ocr_line' id='line_1_10' title="bbox 89 876 1838 933; baseline 0.001 -13"><span class='ocrx_word' id='word_1_83' title='bbox 89 880 237 920; x_wconf 88' lang='lat' dir='ltr'>summi</span> <span class='ocrx_word' id='word_1_84' title='bbox 268 876 445 919; x_wconf 89' lang='lat' dir='ltr'>oratoris</span> <span class='ocrx_word' id='word_1_85' title='bbox 475 878 619 918; x_wconf 89' lang='lat' dir='ltr'>habuit</span> <span class='ocrx_word' id='word_1_86' title='bbox 649 879 810 919; x_wconf 86' lang='lat' dir='ltr'>laudem</span> <span class='ocrx_word' id='word_1_87' title='bbox 842 885 882 919; x_wconf 84' lang='lat' dir='ltr'>et</span> <span class='ocrx_word' id='word_1_88' title='bbox 912 885 1085 933; x_wconf 78' lang='lat' dir='ltr'>uterque</span> <span class='ocrx_word' id='word_1_89' title='bbox 1118 879 1158 920; x_wconf 90' lang='lat' dir='ltr'>iu</span> <span class='ocrx_word' id='word_1_90' title='bbox 1191 879 1329 920; x_wconf 88' lang='lat' dir='ltr'>multis</span> <span class='ocrx_word' id='word_1_91' title='bbox 1361 882 1492 920; x_wconf 87' lang='lat' dir='ltr'>causis</span> <span class='ocrx_word' id='word_1_92' title='bbox 1514 886 1698 922; x_wconf 79' lang='lat' dir='ltr'>versatus</span> <span class='ocrx_word' id='word_1_93' title='bbox 1729 887 1838 931; x_wconf 89' lang='lat' dir='ltr'>erat;</span> 
     </span>
     <span class='ocr_line' id='line_1_11' title="bbox 89 932 1887 999; baseline 0.002 -17"><span class='ocrx_word' id='word_1_94' title='bbox 89 943 131 982; x_wconf 93' lang='lat' dir='ltr'>in</span> <span class='ocrx_word' id='word_1_95' title='bbox 161 941 402 996; x_wconf 88' lang='lat' dir='ltr'>quibusdam</span> <span class='ocrx_word' id='word_1_96' title='bbox 435 939 626 982; x_wconf 87' lang='lat' dir='ltr'>laudandi</span> <span class='ocrx_word' id='word_1_97' title='bbox 657 941 754 982; x_wconf 65' lang='lat' dir='ltr'>viri:</span> <span class='ocrx_word' id='word_1_98' title='bbox 803 943 961 983; x_wconf 82' lang='lat' dir='ltr'>etiamsi</span> <span class='ocrx_word' id='word_1_99' title='bbox 992 941 1162 982; x_wconf 82' lang='lat' dir='ltr'>maximi</span> <span class='ocrx_word' id='word_1_100' title='bbox 1193 940 1346 995; x_wconf 82' lang='lat' dir='ltr'>ingenii</span> <span class='ocrx_word' id='word_1_101' title='bbox 1379 956 1462 982; x_wconf 91' lang='lat' dir='ltr'>non</span> <span class='ocrx_word' id='word_1_102' title='bbox 1493 949 1648 991; x_wconf 89' lang='lat' dir='ltr'>essent,</span> <span class='ocrx_word' id='word_1_103' title='bbox 1687 932 1887 999; x_wconf 84' lang='lat' dir='ltr'>proba-¹0</span> 
     </span>
     <span class='ocr_line' id='line_1_12' title="bbox 89 1002 1836 1061; baseline 0.002 -17"><span class='ocrx_word' id='word_1_104' title='bbox 89 1002 192 1044; x_wconf 90' lang='lat' dir='ltr'>biles</span> <span class='ocrx_word' id='word_1_105' title='bbox 236 1007 372 1043; x_wconf 87' lang='lat' dir='ltr'>tamen</span> <span class='ocrx_word' id='word_1_106' title='bbox 412 1002 633 1051; x_wconf 84' lang='lat' dir='ltr'>industria;</span> <span class='ocrx_word' id='word_1_107' title='bbox 686 1018 933 1058; x_wconf 88' lang='lat' dir='ltr'>quamquam</span> <span class='ocrx_word' id='word_1_108' title='bbox 975 1003 1037 1044; x_wconf 87' lang='lat' dir='ltr'>bis</span> <span class='ocrx_word' id='word_1_109' title='bbox 1076 1002 1243 1059; x_wconf 89' lang='lat' dir='ltr'>quidem</span> <span class='ocrx_word' id='word_1_110' title='bbox 1282 1017 1363 1044; x_wconf 93' lang='lat' dir='ltr'>non</span> <span class='ocrx_word' id='word_1_111' title='bbox 1402 1007 1571 1046; x_wconf 91' lang='lat' dir='ltr'>omnino</span> <span class='ocrx_word' id='word_1_112' title='bbox 1602 1006 1836 1061; x_wconf 84' lang='lat' dir='ltr'>ingenium,</span> 
     </span>
     <span class='ocr_line' id='line_1_13' title="bbox 88 1064 1839 1124; baseline 0.002 -17"><span class='ocrx_word' id='word_1_113' title='bbox 88 1066 160 1107; x_wconf 89' lang='lat' dir='ltr'>sed</span> <span class='ocrx_word' id='word_1_114' title='bbox 189 1065 420 1106; x_wconf 90' lang='lat' dir='ltr'>oratorium</span> <span class='ocrx_word' id='word_1_115' title='bbox 450 1066 661 1119; x_wconf 80' lang='lat' dir='ltr'>ingenium</span> <span class='ocrx_word' id='word_1_116' title='bbox 694 1065 838 1106; x_wconf 79' lang='lat' dir='ltr'>defuit.</span> <span class='ocrx_word' id='word_1_117' title='bbox 901 1069 1042 1122; x_wconf 78' lang='lat' dir='ltr'>Neque</span> <span class='ocrx_word' id='word_1_118' title='bbox 1075 1066 1183 1107; x_wconf 88' lang='lat' dir='ltr'>enim</span> <span class='ocrx_word' id='word_1_119' title='bbox 1214 1064 1342 1107; x_wconf 80' lang='lat' dir='ltr'>refert</span> <span class='ocrx_word' id='word_1_120' title='bbox 1372 1068 1532 1115; x_wconf 90' lang='lat' dir='ltr'>videre,</span> <span class='ocrx_word' id='word_1_121' title='bbox 1569 1068 1668 1124; x_wconf 87' lang='lat' dir='ltr'>quid</span> <span class='ocrx_word' id='word_1_122' title='bbox 1699 1070 1839 1110; x_wconf 89' lang='lat' dir='ltr'>dicen-</span> 
     </span>
     <span class='ocr_line' id='line_1_14' title="bbox 87 1127 1838 1185; baseline 0.002 -16"><span class='ocrx_word' id='word_1_123' title='bbox 87 1129 184 1169; x_wconf 91' lang='lat' dir='ltr'>dum</span> <span class='ocrx_word' id='word_1_124' title='bbox 226 1128 299 1175; x_wconf 87' lang='lat' dir='ltr'>sit,</span> <span class='ocrx_word' id='word_1_125' title='bbox 356 1130 432 1169; x_wconf 85' lang='lat' dir='ltr'>nisi</span> <span class='ocrx_word' id='word_1_126' title='bbox 474 1129 512 1170; x_wconf 90' lang='lat' dir='ltr'>id</span> <span class='ocrx_word' id='word_1_127' title='bbox 552 1142 678 1183; x_wconf 81' lang='lat' dir='ltr'>queas</span> <span class='ocrx_word' id='word_1_128' title='bbox 718 1130 852 1170; x_wconf 88' lang='lat' dir='ltr'>solute</span> <span class='ocrx_word' id='word_1_129' title='bbox 885 1135 925 1170; x_wconf 85' lang='lat' dir='ltr'>et</span> <span class='ocrx_word' id='word_1_130' title='bbox 955 1128 1136 1170; x_wconf 78' lang='lat' dir='ltr'>suaviter</span> <span class='ocrx_word' id='word_1_131' title='bbox 1165 1127 1318 1169; x_wconf 85' lang='lat' dir='ltr'>dicere.</span> <span class='ocrx_word' id='word_1_132' title='bbox 1380 1131 1439 1170; x_wconf 81' lang='lat' dir='ltr'>Ne</span> <span class='ocrx_word' id='word_1_133' title='bbox 1471 1130 1511 1170; x_wconf 89' lang='lat' dir='ltr'>id</span> <span class='ocrx_word' id='word_1_134' title='bbox 1543 1132 1710 1185; x_wconf 87' lang='lat' dir='ltr'>quidem</span> <span class='ocrx_word' id='word_1_135' title='bbox 1741 1132 1838 1172; x_wconf 91' lang='lat' dir='ltr'>satis</span> 
     </span>
     <span class='ocr_line' id='line_1_15' title="bbox 87 1190 1834 1246; baseline 0.001 -14"><span class='ocrx_word' id='word_1_136' title='bbox 87 1196 173 1239; x_wconf 84' lang='lat' dir='ltr'>est,</span> <span class='ocrx_word' id='word_1_137' title='bbox 219 1190 297 1232; x_wconf 86' lang='lat' dir='ltr'>nisi</span> <span class='ocrx_word' id='word_1_138' title='bbox 337 1190 402 1240; x_wconf 89' lang='lat' dir='ltr'>id,</span> <span class='ocrx_word' id='word_1_139' title='bbox 450 1194 560 1246; x_wconf 88' lang='lat' dir='ltr'>quod</span> <span class='ocrx_word' id='word_1_140' title='bbox 599 1193 766 1238; x_wconf 90' lang='lat' dir='ltr'>dicitur,</span> <span class='ocrx_word' id='word_1_141' title='bbox 812 1190 857 1232; x_wconf 80' lang='lat' dir='ltr'>sit</span> <span class='ocrx_word' id='word_1_142' title='bbox 897 1205 1021 1238; x_wconf 72' lang='lat' dir='ltr'>voce,</span> <span class='ocrx_word' id='word_1_143' title='bbox 1067 1192 1185 1231; x_wconf 86' lang='lat' dir='ltr'>vultu</span> <span class='ocrx_word' id='word_1_144' title='bbox 1226 1196 1423 1246; x_wconf 88' lang='lat' dir='ltr'>motuque</span> <span class='ocrx_word' id='word_1_145' title='bbox 1463 1192 1681 1235; x_wconf 88' lang='lat' dir='ltr'>conditius.</span> <span class='ocrx_word' id='word_1_146' title='bbox 1742 1196 1834 1234; x_wconf 93' lang='lat'><strong>111.</strong></span> 
     </span>
     <span class='ocr_line' id='line_1_16' title="bbox 87 1251 1886 1309; baseline -0.001 -15"><span class='ocrx_word' id='word_1_147' title='bbox 87 1251 195 1303; x_wconf 90' lang='lat' dir='ltr'>Quid</span> <span class='ocrx_word' id='word_1_148' title='bbox 235 1253 368 1294; x_wconf 86' lang='lat' dir='ltr'>dicam</span> <span class='ocrx_word' id='word_1_149' title='bbox 414 1267 517 1309; x_wconf 90' lang='lat' dir='ltr'>opus</span> <span class='ocrx_word' id='word_1_150' title='bbox 563 1268 652 1294; x_wconf 82' lang='lat' dir='ltr'>esse</span> <span class='ocrx_word' id='word_1_151' title='bbox 693 1255 908 1294; x_wconf 75' lang='lat' dir='ltr'>doctrina?</span> <span class='ocrx_word' id='word_1_152' title='bbox 958 1256 1046 1294; x_wconf 88' lang='lat' dir='ltr'>sine</span> <span class='ocrx_word' id='word_1_153' title='bbox 1086 1266 1166 1309; x_wconf 85' lang='lat' dir='ltr'>qua</span> <span class='ocrx_word' id='word_1_154' title='bbox 1206 1254 1367 1294; x_wconf 87' lang='lat' dir='ltr'>etiamsi</span> <span class='ocrx_word' id='word_1_155' title='bbox 1409 1256 1507 1308; x_wconf 88' lang='lat' dir='ltr'>quid</span> <span class='ocrx_word' id='word_1_156' title='bbox 1542 1256 1649 1296; x_wconf 89' lang='lat' dir='ltr'>bene</span> <span class='ocrx_word' id='word_1_157' title='bbox 1689 1256 1886 1298; x_wconf 69' lang='lat' dir='ltr'>dicituris</span> 
     </span>
     <span class='ocr_line' id='line_1_17' title="bbox 86 1314 1840 1371; baseline 0.003 -17"><span class='ocrx_word' id='word_1_158' title='bbox 86 1314 305 1358; x_wconf 88' lang='lat' dir='ltr'>adiuvante</span> <span class='ocrx_word' id='word_1_159' title='bbox 351 1323 515 1364; x_wconf 87' lang='lat' dir='ltr'>natura,</span> <span class='ocrx_word' id='word_1_160' title='bbox 565 1323 701 1357; x_wconf 88' lang='lat' dir='ltr'>tamen</span> <span class='ocrx_word' id='word_1_161' title='bbox 739 1316 808 1364; x_wconf 90' lang='lat' dir='ltr'>id,</span> <span class='ocrx_word' id='word_1_162' title='bbox 861 1317 958 1370; x_wconf 87' lang='lat' dir='ltr'>quia</span> <span class='ocrx_word' id='word_1_163' title='bbox 994 1315 1168 1357; x_wconf 85' lang='lat' dir='ltr'>fortuito</span> <span class='ocrx_word' id='word_1_164' title='bbox 1202 1314 1270 1365; x_wconf 84' lang='lat' dir='ltr'>fit,</span> <span class='ocrx_word' id='word_1_165' title='bbox 1322 1330 1486 1371; x_wconf 86' lang='lat' dir='ltr'>semper</span> <span class='ocrx_word' id='word_1_166' title='bbox 1523 1323 1708 1371; x_wconf 89' lang='lat' dir='ltr'>paratum</span> <span class='ocrx_word' id='word_1_167' title='bbox 1750 1332 1840 1360; x_wconf 88' lang='lat' dir='ltr'>esse</span> 
     </span>
     <span class='ocr_line' id='line_1_18' title="bbox 85 1378 1840 1434; baseline 0.001 -14"><span class='ocrx_word' id='word_1_168' title='bbox 85 1392 168 1421; x_wconf 92' lang='lat' dir='ltr'>non</span> <span class='ocrx_word' id='word_1_169' title='bbox 207 1384 357 1433; x_wconf 90' lang='lat' dir='ltr'>potest.</span> <span class='ocrx_word' id='word_1_170' title='bbox 428 1381 473 1420; x_wconf 92' lang='lat' dir='ltr'>In</span> <span class='ocrx_word' id='word_1_171' title='bbox 514 1380 658 1420; x_wconf 87' lang='lat' dir='ltr'>Scauri</span> <span class='ocrx_word' id='word_1_172' title='bbox 699 1381 911 1426; x_wconf 90' lang='lat' dir='ltr'>oratione,</span> <span class='ocrx_word' id='word_1_173' title='bbox 958 1378 1156 1434; x_wconf 85' lang='lat' dir='ltr'>sapientis</span> <span class='ocrx_word' id='word_1_174' title='bbox 1200 1379 1378 1425; x_wconf 83' lang='lat' dir='ltr'>hominis</span> <span class='ocrx_word' id='word_1_175' title='bbox 1418 1383 1459 1419; x_wconf 89' lang='lat' dir='ltr'>et</span> <span class='ocrx_word' id='word_1_176' title='bbox 1497 1379 1619 1427; x_wconf 84' lang='lat' dir='ltr'>recti,</span> <span class='ocrx_word' id='word_1_177' title='bbox 1665 1382 1840 1434; x_wconf 81' lang='lat' dir='ltr'>gravitas</span> 
     </span>
     <span class='ocr_line' id='line_1_19' title="bbox 87 1442 1843 1497; baseline 0.001 -15"><span class='ocrx_word' id='word_1_178' title='bbox 87 1456 246 1483; x_wconf 90' lang='lat' dir='ltr'>summa</span> <span class='ocrx_word' id='word_1_179' title='bbox 277 1448 317 1483; x_wconf 88' lang='lat' dir='ltr'>et</span> <span class='ocrx_word' id='word_1_180' title='bbox 347 1442 544 1483; x_wconf 87' lang='lat' dir='ltr'>naturalis</span> <span class='ocrx_word' id='word_1_181' title='bbox 576 1444 777 1497; x_wconf 87' lang='lat' dir='ltr'>quaedam</span> <span class='ocrx_word' id='word_1_182' title='bbox 809 1443 942 1483; x_wconf 87' lang='lat' dir='ltr'>inerat</span> <span class='ocrx_word' id='word_1_183' title='bbox 980 1442 1228 1489; x_wconf 91' lang='lat' dir='ltr'>auctoritas,</span> <span class='ocrx_word' id='word_1_184' title='bbox 1275 1454 1359 1481; x_wconf 90' lang='lat' dir='ltr'>non</span> <span class='ocrx_word' id='word_1_185' title='bbox 1387 1446 1434 1482; x_wconf 92' lang='lat' dir='ltr'>ut</span> <span class='ocrx_word' id='word_1_186' title='bbox 1463 1454 1647 1490; x_wconf 87' lang='lat' dir='ltr'>causam,</span> <span class='ocrx_word' id='word_1_187' title='bbox 1694 1444 1766 1483; x_wconf 91' lang='lat' dir='ltr'>sed</span> <span class='ocrx_word' id='word_1_188' title='bbox 1797 1448 1843 1483; x_wconf 88' lang='lat' dir='ltr'>ut</span> 
     </span>
     <span class='ocr_line' id='line_1_20' title="bbox 86 1502 1842 1561; baseline 0 -15"><span class='ocrx_word' id='word_1_189' title='bbox 86 1504 366 1547; x_wconf 88' lang='lat' dir='ltr'>testimonium</span> <span class='ocrx_word' id='word_1_190' title='bbox 410 1507 549 1546; x_wconf 89' lang='lat' dir='ltr'>dicere</span> <span class='ocrx_word' id='word_1_191' title='bbox 586 1512 774 1560; x_wconf 89' lang='lat' dir='ltr'>putares,</span> <span class='ocrx_word' id='word_1_192' title='bbox 821 1520 913 1546; x_wconf 86' lang='lat' dir='ltr'>cum</span> <span class='ocrx_word' id='word_1_193' title='bbox 944 1519 1020 1561; x_wconf 88' lang='lat' dir='ltr'>pro</span> <span class='ocrx_word' id='word_1_194' title='bbox 1061 1518 1133 1545; x_wconf 91' lang='lat' dir='ltr'>reo</span> <span class='ocrx_word' id='word_1_195' title='bbox 1175 1502 1347 1544; x_wconf 85' lang='lat' dir='ltr'>diceret.</span> <span class='ocrx_word' id='word_1_196' title='bbox 1413 1505 1509 1544; x_wconf 80' lang='lat'><strong>112.</strong></span> <span class='ocrx_word' id='word_1_197' title='bbox 1557 1505 1648 1545; x_wconf 79' lang='lat'>1100</span> <span class='ocrx_word' id='word_1_198' title='bbox 1679 1503 1842 1546; x_wconf 88' lang='lat' dir='ltr'>dicendi</span> 
     </span>
     <span class='ocr_line' id='line_1_21' title="bbox 88 1564 1891 1623; baseline -0.002 -15"><span class='ocrx_word' id='word_1_199' title='bbox 88 1581 216 1622; x_wconf 86' lang='lat' dir='ltr'>genus</span> <span class='ocrx_word' id='word_1_200' title='bbox 255 1566 306 1608; x_wconf 87' lang='lat' dir='ltr'>ad</span> <span class='ocrx_word' id='word_1_201' title='bbox 344 1567 568 1622; x_wconf 89' lang='lat' dir='ltr'>patrocinia</span> <span class='ocrx_word' id='word_1_202' title='bbox 609 1569 873 1610; x_wconf 85' lang='lat' dir='ltr'>mediocriter</span> <span class='ocrx_word' id='word_1_203' title='bbox 912 1574 1050 1623; x_wconf 89' lang='lat' dir='ltr'>aptum</span> <span class='ocrx_word' id='word_1_204' title='bbox 1081 1564 1322 1616; x_wconf 80' lang='lat' dir='ltr'>videbatur;</span> <span class='ocrx_word' id='word_1_205' title='bbox 1373 1564 1424 1607; x_wconf 88' lang='lat' dir='ltr'>ad</span> <span class='ocrx_word' id='word_1_206' title='bbox 1454 1568 1707 1608; x_wconf 85' lang='lat' dir='ltr'>senatoriam</span> <span class='ocrx_word' id='word_1_207' title='bbox 1736 1581 1838 1609; x_wconf 86' lang='lat' dir='ltr'>vero</span> <span class='ocrx_word' id='word_1_208' title='bbox 1856 1581 1891 1606; x_wconf 86' lang='lat'>20</span> 
     </span>
     <span class='ocr_line' id='line_1_22' title="bbox 87 1629 1843 1686; baseline 0.001 -16"><span class='ocrx_word' id='word_1_209' title='bbox 87 1632 348 1677; x_wconf 81' lang='lat' dir='ltr'>sententiam,</span> <span class='ocrx_word' id='word_1_210' title='bbox 381 1631 495 1671; x_wconf 89' lang='lat' dir='ltr'>cuius</span> <span class='ocrx_word' id='word_1_211' title='bbox 528 1638 616 1672; x_wconf 87' lang='lat' dir='ltr'>erat</span> <span class='ocrx_word' id='word_1_212' title='bbox 646 1631 713 1672; x_wconf 89' lang='lat' dir='ltr'>ille</span> <span class='ocrx_word' id='word_1_213' title='bbox 744 1632 955 1686; x_wconf 89' lang='lat' dir='ltr'>princeps,</span> <span class='ocrx_word' id='word_1_214' title='bbox 989 1631 1054 1671; x_wconf 66' lang='lat' dir='ltr'>vel</span> <span class='ocrx_word' id='word_1_215' title='bbox 1083 1631 1285 1680; x_wconf 78' lang='lat' dir='ltr'>maxime;</span> <span class='ocrx_word' id='word_1_216' title='bbox 1331 1629 1586 1684; x_wconf 84' lang='lat' dir='ltr'>significabat</span> <span class='ocrx_word' id='word_1_217' title='bbox 1616 1631 1724 1672; x_wconf 91' lang='lat' dir='ltr'>enim</span> <span class='ocrx_word' id='word_1_218' title='bbox 1757 1646 1843 1673; x_wconf 91' lang='lat' dir='ltr'>non</span> 
     </span>
     <span class='ocr_line' id='line_1_23' title="bbox 85 1691 1842 1748; baseline 0.001 -15"><span class='ocrx_word' id='word_1_219' title='bbox 85 1694 347 1746; x_wconf 87' lang='lat' dir='ltr'>prudentiam</span> <span class='ocrx_word' id='word_1_220' title='bbox 378 1692 531 1741; x_wconf 91' lang='lat' dir='ltr'>solum,</span> <span class='ocrx_word' id='word_1_221' title='bbox 579 1692 651 1735; x_wconf 87' lang='lat' dir='ltr'>sed</span> <span class='ocrx_word' id='word_1_222' title='bbox 683 1695 793 1748; x_wconf 88' lang='lat' dir='ltr'>quod</span> <span class='ocrx_word' id='word_1_223' title='bbox 824 1693 1001 1734; x_wconf 78' lang='lat' dir='ltr'>maxime</span> <span class='ocrx_word' id='word_1_224' title='bbox 1031 1707 1119 1735; x_wconf 89' lang='lat' dir='ltr'>rem</span> <span class='ocrx_word' id='word_1_225' title='bbox 1152 1694 1407 1739; x_wconf 86' lang='lat' dir='ltr'>continebat,</span> <span class='ocrx_word' id='word_1_226' title='bbox 1448 1691 1588 1734; x_wconf 87' lang='lat' dir='ltr'>fidem.</span> <span class='ocrx_word' id='word_1_227' title='bbox 1650 1692 1842 1735; x_wconf 84' lang='lat' dir='ltr'>Habebat</span> 
     </span>
     <span class='ocr_line' id='line_1_24' title="bbox 87 1754 1842 1811; baseline 0 -15"><span class='ocrx_word' id='word_1_228' title='bbox 87 1757 166 1796; x_wconf 89' lang='lat' dir='ltr'>boc</span> <span class='ocrx_word' id='word_1_229' title='bbox 195 1769 216 1796; x_wconf 89' lang='lat' dir='ltr'>a</span> <span class='ocrx_word' id='word_1_230' title='bbox 240 1762 383 1797; x_wconf 89' lang='lat' dir='ltr'>natura</span> <span class='ocrx_word' id='word_1_231' title='bbox 415 1755 525 1809; x_wconf 85' lang='lat' dir='ltr'>ipsa,</span> <span class='ocrx_word' id='word_1_232' title='bbox 559 1757 670 1809; x_wconf 88' lang='lat' dir='ltr'>quod</span> <span class='ocrx_word' id='word_1_233' title='bbox 697 1770 719 1796; x_wconf 86' lang='lat' dir='ltr'>a</span> <span class='ocrx_word' id='word_1_234' title='bbox 741 1754 929 1796; x_wconf 85' lang='lat' dir='ltr'>doctrina</span> <span class='ocrx_word' id='word_1_235' title='bbox 960 1769 1042 1797; x_wconf 90' lang='lat' dir='ltr'>non</span> <span class='ocrx_word' id='word_1_236' title='bbox 1073 1754 1193 1796; x_wconf 86' lang='lat' dir='ltr'>facile</span> <span class='ocrx_word' id='word_1_237' title='bbox 1222 1761 1377 1808; x_wconf 86' lang='lat' dir='ltr'>posset.</span> <span class='ocrx_word' id='word_1_238' title='bbox 1440 1756 1700 1811; x_wconf 86' lang='lat' dir='ltr'>Quamquam</span> <span class='ocrx_word' id='word_1_239' title='bbox 1721 1755 1842 1797; x_wconf 91' lang='lat' dir='ltr'>huius</span> 
     </span>
     <span class='ocr_line' id='line_1_25' title="bbox 88 1817 1843 1874; baseline 0.001 -16"><span class='ocrx_word' id='word_1_240' title='bbox 88 1832 252 1874; x_wconf 86' lang='lat' dir='ltr'>quoque</span> <span class='ocrx_word' id='word_1_241' title='bbox 283 1817 410 1873; x_wconf 90' lang='lat' dir='ltr'>ipsius</span> <span class='ocrx_word' id='word_1_242' title='bbox 441 1820 527 1867; x_wconf 90' lang='lat' dir='ltr'>rei,</span> <span class='ocrx_word' id='word_1_243' title='bbox 569 1818 918 1874; x_wconf 86' lang='lat' dir='ltr'>quemadmodum</span> <span class='ocrx_word' id='word_1_244' title='bbox 949 1818 1051 1866; x_wconf 87' lang='lat' dir='ltr'>scis,</span> <span class='ocrx_word' id='word_1_245' title='bbox 1096 1823 1316 1873; x_wconf 87' lang='lat' dir='ltr'>praecepta</span> <span class='ocrx_word' id='word_1_246' title='bbox 1347 1823 1454 1859; x_wconf 89' lang='lat' dir='ltr'>sunt.</span> <span class='ocrx_word' id='word_1_247' title='bbox 1516 1817 1648 1859; x_wconf 89' lang='lat' dir='ltr'>Huius</span> <span class='ocrx_word' id='word_1_248' title='bbox 1679 1823 1719 1860; x_wconf 90' lang='lat' dir='ltr'>et</span> <span class='ocrx_word' id='word_1_249' title='bbox 1749 1832 1843 1859; x_wconf 87' lang='lat' dir='ltr'>ora-</span> 
     </span>
     <span class='ocr_line' id='line_1_26' title="bbox 87 1879 1890 1933; baseline -0.002 -11"><span class='ocrx_word' id='word_1_250' title='bbox 87 1883 220 1922; x_wconf 83' lang='lat' dir='ltr'>tiones</span> <span class='ocrx_word' id='word_1_251' title='bbox 251 1888 345 1922; x_wconf 88' lang='lat' dir='ltr'>sunt</span> <span class='ocrx_word' id='word_1_252' title='bbox 375 1887 415 1922; x_wconf 93' lang='lat' dir='ltr'>et</span> <span class='ocrx_word' id='word_1_253' title='bbox 447 1888 526 1922; x_wconf 87' lang='lat' dir='ltr'>tres</span> <span class='ocrx_word' id='word_1_254' title='bbox 559 1883 608 1921; x_wconf 87' lang='lat' dir='ltr'>ad</span> <span class='ocrx_word' id='word_1_255' title='bbox 640 1884 687 1922; x_wconf 92' lang='lat' dir='ltr'>L.</span> <span class='ocrx_word' id='word_1_256' title='bbox 715 1881 917 1923; x_wconf 84' lang='lat' dir='ltr'>Fufidium</span> <span class='ocrx_word' id='word_1_257' title='bbox 957 1880 1052 1921; x_wconf 88' lang='lat' dir='ltr'>libri</span> <span class='ocrx_word' id='word_1_258' title='bbox 1092 1879 1234 1933; x_wconf 86' lang='lat' dir='ltr'>scripti</span> <span class='ocrx_word' id='word_1_259' title='bbox 1269 1882 1319 1921; x_wconf 90' lang='lat' dir='ltr'>de</span> <span class='ocrx_word' id='word_1_260' title='bbox 1349 1881 1432 1922; x_wconf 80' lang='lat' dir='ltr'>vita</span> <span class='ocrx_word' id='word_1_261' title='bbox 1461 1879 1590 1933; x_wconf 88' lang='lat' dir='ltr'>ipsius</span> <span class='ocrx_word' id='word_1_262' title='bbox 1622 1885 1712 1921; x_wconf 85' lang='lat' dir='ltr'>acta</span> <span class='ocrx_word' id='word_1_263' title='bbox 1742 1894 1839 1922; x_wconf 84' lang='lat' dir='ltr'>sane</span> <span class='ocrx_word' id='word_1_264' title='bbox 1855 1893 1890 1918; x_wconf 84' lang='lat'>25</span> 
     </span>
     <span class='ocr_line' id='line_1_27' title="bbox 85 1942 1841 1998; baseline 0 -13"><span class='ocrx_word' id='word_1_265' title='bbox 85 1943 228 1994; x_wconf 84' lang='lat' dir='ltr'>utiles3</span> <span class='ocrx_word' id='word_1_266' title='bbox 263 1957 367 1998; x_wconf 89' lang='lat' dir='ltr'>quos</span> <span class='ocrx_word' id='word_1_267' title='bbox 388 1958 509 1985; x_wconf 92' lang='lat' dir='ltr'>nemo</span> <span class='ocrx_word' id='word_1_268' title='bbox 534 1945 656 1998; x_wconf 84' lang='lat' dir='ltr'>legit:</span> <span class='ocrx_word' id='word_1_269' title='bbox 691 1952 731 1984; x_wconf 90' lang='lat' dir='ltr'>at</span> <span class='ocrx_word' id='word_1_270' title='bbox 753 1945 845 1998; x_wconf 69' lang='lat' dir='ltr'>Cyri</span> <span class='ocrx_word' id='word_1_271' title='bbox 877 1945 1001 1983; x_wconf 67' lang='lat' dir='ltr'>vitam</span> <span class='ocrx_word' id='word_1_272' title='bbox 1032 1948 1072 1984; x_wconf 90' lang='lat' dir='ltr'>et</span> <span class='ocrx_word' id='word_1_273' title='bbox 1101 1942 1361 1998; x_wconf 85' lang='lat' dir='ltr'>disciplinam</span> <span class='ocrx_word' id='word_1_274' title='bbox 1391 1944 1553 1997; x_wconf 80' lang='lat' dir='ltr'>legunt,</span> <span class='ocrx_word' id='word_1_275' title='bbox 1586 1943 1841 1998; x_wconf 79' lang='lat' dir='ltr'>praeclaram</span> 
     </span>
     <span class='ocr_line' id='line_1_28' title="bbox 86 2005 1840 2061; baseline 0.001 -15"><span class='ocrx_word' id='word_1_276' title='bbox 86 2005 197 2047; x_wconf 91' lang='lat' dir='ltr'>illam</span> <span class='ocrx_word' id='word_1_277' title='bbox 240 2005 426 2060; x_wconf 89' lang='lat' dir='ltr'>quidem,</span> <span class='ocrx_word' id='word_1_278' title='bbox 478 2009 547 2046; x_wconf 82' lang='lat' dir='ltr'>sed</span> <span class='ocrx_word' id='word_1_279' title='bbox 589 2020 723 2061; x_wconf 89' lang='lat' dir='ltr'>neque</span> <span class='ocrx_word' id='word_1_280' title='bbox 762 2013 843 2046; x_wconf 86' lang='lat' dir='ltr'>tam</span> <span class='ocrx_word' id='word_1_281' title='bbox 882 2005 1034 2046; x_wconf 88' lang='lat' dir='ltr'>nostris</span> <span class='ocrx_word' id='word_1_282' title='bbox 1072 2007 1199 2046; x_wconf 88' lang='lat' dir='ltr'>rebus</span> <span class='ocrx_word' id='word_1_283' title='bbox 1237 2010 1374 2058; x_wconf 84' lang='lat' dir='ltr'>aptam</span> <span class='ocrx_word' id='word_1_284' title='bbox 1414 2019 1489 2046; x_wconf 90' lang='lat' dir='ltr'>nec</span> <span class='ocrx_word' id='word_1_285' title='bbox 1529 2011 1666 2047; x_wconf 88' lang='lat' dir='ltr'>tamen</span> <span class='ocrx_word' id='word_1_286' title='bbox 1696 2007 1840 2047; x_wconf 87' lang='lat' dir='ltr'>Scauri</span> 
     </span>
     <span class='ocr_line' id='line_1_29' title="bbox 86 2066 1844 2124; baseline -0.001 -14"><span class='ocrx_word' id='word_1_287' title='bbox 86 2069 276 2111; x_wconf 89' lang='lat' dir='ltr'>laudibus</span> <span class='ocrx_word' id='word_1_288' title='bbox 297 2068 643 2124; x_wconf 83' lang='lat' dir='ltr'>anteponendam.</span> <span class='ocrx_word' id='word_1_289' title='bbox 706 2070 840 2109; x_wconf 81' lang='lat' dir='ltr'>XXX.</span> <span class='ocrx_word' id='word_1_290' title='bbox 878 2070 971 2108; x_wconf 85' lang='lat'><strong>113.</strong></span> <span class='ocrx_word' id='word_1_291' title='bbox 1007 2068 1099 2120; x_wconf 90' lang='lat' dir='ltr'>Ipse</span> <span class='ocrx_word' id='word_1_292' title='bbox 1121 2067 1244 2108; x_wconf 87' lang='lat' dir='ltr'>etiam</span> <span class='ocrx_word' id='word_1_293' title='bbox 1263 2066 1446 2109; x_wconf 89' lang='lat' dir='ltr'>Fufidius</span> <span class='ocrx_word' id='word_1_294' title='bbox 1471 2068 1514 2108; x_wconf 91' lang='lat' dir='ltr'>in</span> <span class='ocrx_word' id='word_1_295' title='bbox 1546 2069 1683 2124; x_wconf 93' lang='lat' dir='ltr'>aliquo</span> <span class='ocrx_word' id='word_1_296' title='bbox 1706 2074 1844 2123; x_wconf 91' lang='lat' dir='ltr'>patro-</span> 
     </span>
     <span class='ocr_line' id='line_1_30' title="bbox 86 2131 1842 2185; baseline -0.001 -12"><span class='ocrx_word' id='word_1_297' title='bbox 86 2146 234 2174; x_wconf 90' lang='lat' dir='ltr'>norum</span> <span class='ocrx_word' id='word_1_298' title='bbox 266 2145 438 2173; x_wconf 91' lang='lat' dir='ltr'>numero</span> <span class='ocrx_word' id='word_1_299' title='bbox 470 2131 559 2173; x_wconf 89' lang='lat' dir='ltr'>suit.</span> <span class='ocrx_word' id='word_1_300' title='bbox 622 2131 796 2173; x_wconf 87' lang='lat' dir='ltr'>Rutilius</span> <span class='ocrx_word' id='word_1_301' title='bbox 836 2138 971 2172; x_wconf 86' lang='lat' dir='ltr'>autem</span> <span class='ocrx_word' id='word_1_302' title='bbox 1012 2133 1054 2173; x_wconf 92' lang='lat' dir='ltr'>in</span> <span class='ocrx_word' id='word_1_303' title='bbox 1095 2132 1274 2183; x_wconf 89' lang='lat' dir='ltr'>quodam</span> <span class='ocrx_word' id='word_1_304' title='bbox 1306 2131 1412 2171; x_wconf 87' lang='lat' dir='ltr'>tristi</span> <span class='ocrx_word' id='word_1_305' title='bbox 1444 2136 1484 2171; x_wconf 91' lang='lat' dir='ltr'>et</span> <span class='ocrx_word' id='word_1_306' title='bbox 1514 2143 1660 2172; x_wconf 85' lang='lat' dir='ltr'>severo</span> <span class='ocrx_word' id='word_1_307' title='bbox 1692 2144 1842 2185; x_wconf 85' lang='lat' dir='ltr'>genere</span> 
     </span>
     <span class='ocr_line' id='line_1_31' title="bbox 88 2194 1890 2250; baseline -0.002 -15"><span class='ocrx_word' id='word_1_308' title='bbox 88 2194 251 2236; x_wconf 87' lang='lat' dir='ltr'>dicendi</span> <span class='ocrx_word' id='word_1_309' title='bbox 281 2201 464 2235; x_wconf 84' lang='lat' dir='ltr'>versatus</span> <span class='ocrx_word' id='word_1_310' title='bbox 503 2199 588 2244; x_wconf 91' lang='lat' dir='ltr'>est;</span> <span class='ocrx_word' id='word_1_311' title='bbox 632 2200 672 2234; x_wconf 91' lang='lat' dir='ltr'>et</span> <span class='ocrx_word' id='word_1_312' title='bbox 702 2201 877 2250; x_wconf 89' lang='lat' dir='ltr'>uterque</span> <span class='ocrx_word' id='word_1_313' title='bbox 908 2198 1054 2234; x_wconf 86' lang='lat' dir='ltr'>natura</span> <span class='ocrx_word' id='word_1_314' title='bbox 1084 2194 1309 2234; x_wconf 75' lang='lat' dir='ltr'>vehemens</span> <span class='ocrx_word' id='word_1_315' title='bbox 1340 2197 1380 2232; x_wconf 90' lang='lat' dir='ltr'>et</span> <span class='ocrx_word' id='word_1_316' title='bbox 1410 2206 1517 2233; x_wconf 89' lang='lat' dir='ltr'>acer.</span> <span class='ocrx_word' id='word_1_317' title='bbox 1575 2194 1719 2247; x_wconf 87' lang='lat' dir='ltr'>Itaque</span> <span class='ocrx_word' id='word_1_318' title='bbox 1750 2207 1842 2234; x_wconf 93' lang='lat' dir='ltr'>cum</span> <span class='ocrx_word' id='word_1_319' title='bbox 1856 2206 1890 2232; x_wconf 78' lang='lat'>³0</span> 
     </span>
     <span class='ocr_line' id='line_1_32' title="bbox 87 2254 1844 2311; baseline -0.001 -13"><span class='ocrx_word' id='word_1_320' title='bbox 87 2271 168 2298; x_wconf 92' lang='lat' dir='ltr'>una</span> <span class='ocrx_word' id='word_1_321' title='bbox 198 2258 454 2297; x_wconf 84' lang='lat' dir='ltr'>consulatum</span> <span class='ocrx_word' id='word_1_322' title='bbox 485 2255 744 2310; x_wconf 86' lang='lat' dir='ltr'>petivissent,</span> <span class='ocrx_word' id='word_1_323' title='bbox 776 2270 859 2298; x_wconf 91' lang='lat' dir='ltr'>non</span> <span class='ocrx_word' id='word_1_324' title='bbox 889 2255 957 2296; x_wconf 90' lang='lat' dir='ltr'>ille</span> <span class='ocrx_word' id='word_1_325' title='bbox 989 2254 1144 2302; x_wconf 87' lang='lat' dir='ltr'>solum,</span> <span class='ocrx_word' id='word_1_326' title='bbox 1185 2255 1256 2311; x_wconf 90' lang='lat' dir='ltr'>qui</span> <span class='ocrx_word' id='word_1_327' title='bbox 1286 2254 1492 2310; x_wconf 89' lang='lat' dir='ltr'>repulsam</span> <span class='ocrx_word' id='word_1_328' title='bbox 1522 2255 1693 2304; x_wconf 85' lang='lat' dir='ltr'>tulerat,</span> <span class='ocrx_word' id='word_1_329' title='bbox 1725 2269 1844 2297; x_wconf 89' lang='lat' dir='ltr'>accu-</span> 
     </span>
     <span class='ocr_line' id='line_1_33' title="bbox 89 2317 1842 2374; baseline -0.002 -14"><span class='ocrx_word' id='word_1_330' title='bbox 89 2320 191 2360; x_wconf 90' lang='lat' dir='ltr'>savit</span> <span class='ocrx_word' id='word_1_331' title='bbox 234 2320 412 2360; x_wconf 90' lang='lat' dir='ltr'>ambitus</span> <span class='ocrx_word' id='word_1_332' title='bbox 453 2319 711 2371; x_wconf 79' lang='lat' dir='ltr'>designatum</span> <span class='ocrx_word' id='word_1_333' title='bbox 751 2318 1088 2374; x_wconf 86' lang='lat' dir='ltr'>competitorem,</span> <span class='ocrx_word' id='word_1_334' title='bbox 1137 2319 1209 2359; x_wconf 90' lang='lat' dir='ltr'>sed</span> <span class='ocrx_word' id='word_1_335' title='bbox 1251 2319 1428 2358; x_wconf 89' lang='lat' dir='ltr'>Scaurus</span> <span class='ocrx_word' id='word_1_336' title='bbox 1468 2318 1590 2359; x_wconf 88' lang='lat' dir='ltr'>etiam</span> <span class='ocrx_word' id='word_1_337' title='bbox 1631 2317 1842 2359; x_wconf 90' lang='lat' dir='ltr'>absolutus</span> 
     </span>
     <span class='ocr_line' id='line_1_34' title="bbox 88 2380 1843 2436; baseline -0.002 -13"><span class='ocrx_word' id='word_1_338' title='bbox 88 2381 284 2424; x_wconf 86' lang='lat' dir='ltr'>Rutilium</span> <span class='ocrx_word' id='word_1_339' title='bbox 318 2384 358 2422; x_wconf 90' lang='lat' dir='ltr'>in</span> <span class='ocrx_word' id='word_1_340' title='bbox 390 2381 586 2422; x_wconf 90' lang='lat' dir='ltr'>iudicium</span> <span class='ocrx_word' id='word_1_341' title='bbox 617 2383 806 2430; x_wconf 73' lang='lat' dir='ltr'>vocavit3</span> <span class='ocrx_word' id='word_1_342' title='bbox 859 2380 1069 2434; x_wconf 88' lang='lat' dir='ltr'>multaque</span> <span class='ocrx_word' id='word_1_343' title='bbox 1102 2394 1230 2436; x_wconf 88' lang='lat' dir='ltr'>opera</span> <span class='ocrx_word' id='word_1_344' title='bbox 1259 2380 1482 2435; x_wconf 73' lang='lat' dir='ltr'>multaque·</span> <span class='ocrx_word' id='word_1_345' title='bbox 1498 2382 1701 2422; x_wconf 84' lang='lat' dir='ltr'>industria</span> <span class='ocrx_word' id='word_1_346' title='bbox 1729 2381 1843 2421; x_wconf 88' lang='lat' dir='ltr'>Ruti-</span> 
     </span>
     <span class='ocr_line' id='line_1_35' title="bbox 87 2442 1832 2498; baseline -0.001 -13"><span class='ocrx_word' id='word_1_347' title='bbox 87 2443 166 2486; x_wconf 93' lang='lat' dir='ltr'>lius</span> <span class='ocrx_word' id='word_1_348' title='bbox 205 2442 302 2490; x_wconf 86' lang='lat' dir='ltr'>fuit,</span> <span class='ocrx_word' id='word_1_349' title='bbox 349 2457 453 2498; x_wconf 86' lang='lat' dir='ltr'>quae</span> <span class='ocrx_word' id='word_1_350' title='bbox 493 2450 581 2484; x_wconf 89' lang='lat' dir='ltr'>erat</span> <span class='ocrx_word' id='word_1_351' title='bbox 621 2450 846 2498; x_wconf 86' lang='lat' dir='ltr'>propterea</span> <span class='ocrx_word' id='word_1_352' title='bbox 876 2446 1050 2497; x_wconf 84' lang='lat' dir='ltr'>gratior,</span> <span class='ocrx_word' id='word_1_353' title='bbox 1096 2445 1209 2498; x_wconf 93' lang='lat' dir='ltr'>quod</span> <span class='ocrx_word' id='word_1_354' title='bbox 1238 2444 1349 2484; x_wconf 87' lang='lat' dir='ltr'>idem</span> <span class='ocrx_word' id='word_1_355' title='bbox 1379 2456 1573 2498; x_wconf 85' lang='lat' dir='ltr'>magnum</span> <span class='ocrx_word' id='word_1_356' title='bbox 1603 2456 1749 2484; x_wconf 92' lang='lat' dir='ltr'>munus</span> <span class='ocrx_word' id='word_1_357' title='bbox 1782 2444 1832 2482; x_wconf 87' lang='lat' dir='ltr'>de</span> 
     </span>
     <span class='ocr_line' id='line_1_36' title="bbox 87 2503 1891 2560; baseline -0.002 -13"><span class='ocrx_word' id='word_1_358' title='bbox 87 2507 179 2548; x_wconf 90' lang='lat' dir='ltr'>iure</span> <span class='ocrx_word' id='word_1_359' title='bbox 210 2505 485 2560; x_wconf 89' lang='lat' dir='ltr'>respondendi</span> <span class='ocrx_word' id='word_1_360' title='bbox 516 2508 757 2547; x_wconf 88' lang='lat' dir='ltr'>sustinebat.</span> <span class='ocrx_word' id='word_1_361' title='bbox 820 2508 910 2546; x_wconf 71' lang='lat'><strong>114.</strong></span> <span class='ocrx_word' id='word_1_362' title='bbox 959 2507 1063 2545; x_wconf 91' lang='lat' dir='ltr'>Sunt</span> <span class='ocrx_word' id='word_1_363' title='bbox 1102 2504 1190 2546; x_wconf 90' lang='lat' dir='ltr'>eius</span> <span class='ocrx_word' id='word_1_364' title='bbox 1225 2507 1435 2547; x_wconf 88' lang='lat' dir='ltr'>orationes</span> <span class='ocrx_word' id='word_1_365' title='bbox 1470 2506 1654 2547; x_wconf 90' lang='lat' dir='ltr'>ieiunae:</span> <span class='ocrx_word' id='word_1_366' title='bbox 1708 2503 1833 2545; x_wconf 89' lang='lat' dir='ltr'>multa</span> <span class='ocrx_word' id='word_1_367' title='bbox 1857 2519 1891 2546; x_wconf 78' lang='lat'>³5</span> 
     </span>
     <span class='ocr_line' id='line_1_37' title="bbox 87 2566 1837 2625; baseline -0.003 -13"><span class='ocrx_word' id='word_1_368' title='bbox 87 2571 301 2625; x_wconf 87' lang='lat' dir='ltr'>praeclara</span> <span class='ocrx_word' id='word_1_369' title='bbox 332 2571 382 2610; x_wconf 89' lang='lat' dir='ltr'>de</span> <span class='ocrx_word' id='word_1_370' title='bbox 412 2570 522 2619; x_wconf 82' lang='lat' dir='ltr'>iure3</span> <span class='ocrx_word' id='word_1_371' title='bbox 559 2568 703 2610; x_wconf 89' lang='lat' dir='ltr'>doctus</span> <span class='ocrx_word' id='word_1_372' title='bbox 735 2570 796 2609; x_wconf 87' lang='lat' dir='ltr'>vir</span> <span class='ocrx_word' id='word_1_373' title='bbox 827 2574 867 2609; x_wconf 91' lang='lat' dir='ltr'>et</span> <span class='ocrx_word' id='word_1_374' title='bbox 897 2568 1062 2608; x_wconf 81' lang='lat' dir='ltr'>Graecis</span> <span class='ocrx_word' id='word_1_375' title='bbox 1093 2566 1239 2608; x_wconf 90' lang='lat' dir='ltr'>litteris</span> <span class='ocrx_word' id='word_1_376' title='bbox 1271 2568 1479 2617; x_wconf 89' lang='lat' dir='ltr'>eruditus,</span> <span class='ocrx_word' id='word_1_377' title='bbox 1512 2568 1692 2609; x_wconf 88' lang='lat' dir='ltr'>Panaetii</span> <span class='ocrx_word' id='word_1_378' title='bbox 1722 2567 1837 2608; x_wconf 89' lang='lat' dir='ltr'>audi-</span> 
     </span>
     <span class='ocr_line' id='line_1_38' title="bbox 90 2631 1836 2688; baseline -0.003 -13"><span class='ocrx_word' id='word_1_379' title='bbox 90 2639 177 2681; x_wconf 89' lang='lat' dir='ltr'>tor,</span> <span class='ocrx_word' id='word_1_380' title='bbox 211 2645 339 2688; x_wconf 91' lang='lat' dir='ltr'>prope</span> <span class='ocrx_word' id='word_1_381' title='bbox 369 2631 585 2688; x_wconf 84' lang='lat' dir='ltr'>persectus&#39;</span> <span class='ocrx_word' id='word_1_382' title='bbox 608 2631 649 2672; x_wconf 90' lang='lat' dir='ltr'>in</span> <span class='ocrx_word' id='word_1_383' title='bbox 673 2632 836 2680; x_wconf 86' lang='lat' dir='ltr'>Stoicis;</span> <span class='ocrx_word' id='word_1_384' title='bbox 871 2644 1047 2686; x_wconf 90' lang='lat' dir='ltr'>quorum</span> <span class='ocrx_word' id='word_1_385' title='bbox 1078 2636 1318 2685; x_wconf 88' lang='lat' dir='ltr'>peracutum</span> <span class='ocrx_word' id='word_1_386' title='bbox 1350 2637 1390 2672; x_wconf 93' lang='lat' dir='ltr'>et</span> <span class='ocrx_word' id='word_1_387' title='bbox 1419 2632 1515 2672; x_wconf 89' lang='lat' dir='ltr'>artis</span> <span class='ocrx_word' id='word_1_388' title='bbox 1546 2632 1711 2686; x_wconf 90' lang='lat' dir='ltr'>plenum</span> <span class='ocrx_word' id='word_1_389' title='bbox 1742 2642 1836 2670; x_wconf 90' lang='lat' dir='ltr'>ora-</span> 
     </span>
     <span class='ocr_line' id='line_1_39' title="bbox 89 2692 1834 2750; baseline -0.002 -14"><span class='ocrx_word' id='word_1_390' title='bbox 89 2696 213 2736; x_wconf 90' lang='lat' dir='ltr'>tionis</span> <span class='ocrx_word' id='word_1_391' title='bbox 243 2708 372 2750; x_wconf 86' lang='lat' dir='ltr'>genus</span> <span class='ocrx_word' id='word_1_392' title='bbox 402 2697 482 2736; x_wconf 87' lang='lat' dir='ltr'>scis</span> <span class='ocrx_word' id='word_1_393' title='bbox 513 2700 648 2736; x_wconf 88' lang='lat' dir='ltr'>tamen</span> <span class='ocrx_word' id='word_1_394' title='bbox 682 2707 771 2735; x_wconf 90' lang='lat' dir='ltr'>esse</span> <span class='ocrx_word' id='word_1_395' title='bbox 801 2693 909 2734; x_wconf 87' lang='lat' dir='ltr'>exile</span> <span class='ocrx_word' id='word_1_396' title='bbox 940 2706 1016 2734; x_wconf 90' lang='lat' dir='ltr'>nec</span> <span class='ocrx_word' id='word_1_397' title='bbox 1047 2693 1144 2734; x_wconf 89' lang='lat' dir='ltr'>satis</span> <span class='ocrx_word' id='word_1_398' title='bbox 1179 2692 1370 2748; x_wconf 87' lang='lat' dir='ltr'>populari</span> <span class='ocrx_word' id='word_1_399' title='bbox 1407 2693 1633 2735; x_wconf 89' lang='lat' dir='ltr'>assensioni</span> <span class='ocrx_word' id='word_1_400' title='bbox 1673 2703 1834 2732; x_wconf 87' lang='lat' dir='ltr'>accom-</span> 
     </span>
    </p>
   </div>
   <div class='ocr_carea' id='block_1_3' title="bbox 184 2841 1843 2884">
    <p class='ocr_par' dir='ltr' id='par_1_4' title="bbox 184 2841 1843 2884">
     <span class='ocr_line' id='line_1_40' title="bbox 184 2841 1843 2884; baseline -0.002 -9"><span class='ocrx_word' id='word_1_401' title='bbox 184 2846 216 2876; x_wconf 91' lang='lat'>1.</span> <span class='ocrx_word' id='word_1_402' title='bbox 240 2845 402 2884; x_wconf 84' lang='lat' dir='ltr'>paullum</span> <span class='ocrx_word' id='word_1_403' title='bbox 429 2843 462 2875; x_wconf 90' lang='lat' dir='ltr'>C.</span> <span class='ocrx_word' id='word_1_404' title='bbox 486 2842 677 2875; x_wconf 78' lang='lat' dir='ltr'>Gracchum</span> <span class='ocrx_word' id='word_1_405' title='bbox 704 2843 780 2875; x_wconf 82' lang='lat' dir='ltr'>libri</span> <span class='ocrx_word' id='word_1_406' title='bbox 809 2844 966 2883; x_wconf 80' lang='lat' dir='ltr'>plerique</span> <span class='ocrx_word' id='word_1_407' title='bbox 994 2847 1027 2875; x_wconf 88' lang='lat' dir='ltr'>et</span> <span class='ocrx_word' id='word_1_408' title='bbox 1055 2844 1102 2882; x_wconf 81' lang='lat' dir='ltr'>R,</span> <span class='ocrx_word' id='word_1_409' title='bbox 1140 2845 1173 2875; x_wconf 83' lang='lat' dir='ltr'>in</span> <span class='ocrx_word' id='word_1_410' title='bbox 1202 2852 1268 2883; x_wconf 83' lang='lat' dir='ltr'>qua</span> <span class='ocrx_word' id='word_1_411' title='bbox 1293 2843 1455 2882; x_wconf 76' lang='lat' dir='ltr'>paullum</span> <span class='ocrx_word' id='word_1_412' title='bbox 1482 2844 1590 2874; x_wconf 85' lang='lat' dir='ltr'>omitti</span> <span class='ocrx_word' id='word_1_413' title='bbox 1618 2841 1702 2873; x_wconf 81' lang='lat' dir='ltr'>salso</span> <span class='ocrx_word' id='word_1_414' title='bbox 1728 2845 1843 2873; x_wconf 82' lang='lat' dir='ltr'>narrat</span> 
     </span>
    </p>
   </div>
   <div class='ocr_carea' id='block_1_4' title="bbox 93 2889 1843 3025">
    <p class='ocr_par' dir='ltr' id='par_1_5' title="bbox 93 2889 1843 3025">
     <span class='ocr_line' id='line_1_41' title="bbox 93 2889 1843 2931; baseline -0.003 -7"><span class='ocrx_word' id='word_1_415' title='bbox 93 2891 244 2924; x_wconf 84' lang='lat' dir='ltr'>Ellendt.</span> <span class='ocrx_word' id='word_1_416' title='bbox 296 2891 338 2922; x_wconf 83' lang='lat' dir='ltr'>Ut</span> <span class='ocrx_word' id='word_1_417' title='bbox 363 2899 443 2929; x_wconf 90' lang='lat' dir='ltr'>nos,</span> <span class='ocrx_word' id='word_1_418' title='bbox 472 2892 625 2931; x_wconf 22' lang='lat' dir='ltr'>Lag 51.</span> <span class='ocrx_word' id='word_1_419' title='bbox 656 2891 742 2922; x_wconf 79' lang='lat' dir='ltr'>Ven.</span> <span class='ocrx_word' id='word_1_420' title='bbox 771 2892 804 2922; x_wconf 89' lang='lat'>1.</span> <span class='ocrx_word' id='word_1_421' title='bbox 823 2890 941 2922; x_wconf 65' lang='lat' dir='ltr'>Ottob.</span> <span class='ocrx_word' id='word_1_422' title='bbox 973 2906 1010 2912; x_wconf 97' lang='lat'><strong>—</strong></span> <span class='ocrx_word' id='word_1_423' title='bbox 1037 2890 1071 2921; x_wconf 68' lang='lat' dir='ltr'>lt.</span> <span class='ocrx_word' id='word_1_424' title='bbox 1099 2891 1129 2922; x_wconf 79' lang='lat' dir='ltr'>is</span> <span class='ocrx_word' id='word_1_425' title='bbox 1154 2892 1269 2922; x_wconf 81' lang='lat' dir='ltr'>omnia</span> <span class='ocrx_word' id='word_1_426' title='bbox 1297 2890 1372 2921; x_wconf 82' lang='lat' dir='ltr'>libri</span> <span class='ocrx_word' id='word_1_427' title='bbox 1399 2898 1517 2921; x_wconf 89' lang='lat' dir='ltr'>omnes</span> <span class='ocrx_word' id='word_1_428' title='bbox 1543 2892 1577 2920; x_wconf 85' lang='lat' dir='ltr'>et</span> <span class='ocrx_word' id='word_1_429' title='bbox 1596 2889 1644 2919; x_wconf 81' lang='lat' dir='ltr'>R:</span> <span class='ocrx_word' id='word_1_430' title='bbox 1672 2889 1790 2919; x_wconf 70' lang='lat' dir='ltr'>omnia</span> <span class='ocrx_word' id='word_1_431' title='bbox 1814 2890 1843 2919; x_wconf 75' lang='lat' dir='ltr'>is</span> 
     </span>
     <span class='ocr_line' id='line_1_42' title="bbox 93 2935 1840 2977; baseline -0.002 -7"><span class='ocrx_word' id='word_1_432' title='bbox 93 2947 170 2970; x_wconf 83' lang='lat' dir='ltr'>curu</span> <span class='ocrx_word' id='word_1_433' title='bbox 187 2937 306 2969; x_wconf 85' lang='lat' dir='ltr'>Lamb.</span> <span class='ocrx_word' id='word_1_434' title='bbox 326 2938 364 2969; x_wconf 83' lang='lat' dir='ltr'>E.</span> <span class='ocrx_word' id='word_1_435' title='bbox 385 2955 422 2961; x_wconf 91' lang='lat'><em>-</em></span> <span class='ocrx_word' id='word_1_436' title='bbox 449 2938 483 2969; x_wconf 82' lang='lat'>7.</span> <span class='ocrx_word' id='word_1_437' title='bbox 513 2938 577 2968; x_wconf 75' lang='lat' dir='ltr'>His</span> <span class='ocrx_word' id='word_1_438' title='bbox 603 2938 677 2968; x_wconf 84' lang='lat' dir='ltr'>libri</span> <span class='ocrx_word' id='word_1_439' title='bbox 699 2938 832 2977; x_wconf 81' lang='lat' dir='ltr'>plurimi</span> <span class='ocrx_word' id='word_1_440' title='bbox 855 2943 887 2969; x_wconf 85' lang='lat' dir='ltr'>et</span> <span class='ocrx_word' id='word_1_441' title='bbox 903 2938 949 2967; x_wconf 79' lang='lat' dir='ltr'>R:</span> <span class='ocrx_word' id='word_1_442' title='bbox 981 2937 1027 2967; x_wconf 85' lang='lat' dir='ltr'>Iis</span> <span class='ocrx_word' id='word_1_443' title='bbox 1048 2937 1073 2968; x_wconf 86' lang='lat' dir='ltr'>E</span> <span class='ocrx_word' id='word_1_444' title='bbox 1093 2939 1189 2969; x_wconf 86' lang='lat' dir='ltr'>etsic</span> <span class='ocrx_word' id='word_1_445' title='bbox 1214 2938 1273 2977; x_wconf 84' lang='lat' dir='ltr'>Lg.</span> <span class='ocrx_word' id='word_1_446' title='bbox 1290 2938 1345 2967; x_wconf 90' lang='lat'>35.</span> <span class='ocrx_word' id='word_1_447' title='bbox 1363 2952 1402 2958; x_wconf 89' lang='lat'>—</span> <span class='ocrx_word' id='word_1_448' title='bbox 1431 2937 1484 2966; x_wconf 86' lang='lat'>10.</span> <span class='ocrx_word' id='word_1_449' title='bbox 1510 2935 1679 2966; x_wconf 80' lang='lat' dir='ltr'>laudandi</span> <span class='ocrx_word' id='word_1_450' title='bbox 1694 2935 1762 2965; x_wconf 80' lang='lat' dir='ltr'>viri</span> <span class='ocrx_word' id='word_1_451' title='bbox 1780 2935 1840 2975; x_wconf 87' lang='lat' dir='ltr'>Lg.</span> 
     </span>
     <span class='ocr_line' id='line_1_43' title="bbox 93 2980 1840 3025; baseline -0.002 -8"><span class='ocrx_word' id='word_1_452' title='bbox 93 2986 149 3017; x_wconf 82' lang='lat'>35.</span> <span class='ocrx_word' id='word_1_453' title='bbox 177 2984 234 3016; x_wconf 81' lang='lat'>68.</span> <span class='ocrx_word' id='word_1_454' title='bbox 264 2992 351 3015; x_wconf 88' lang='lat' dir='ltr'>corr.</span> <span class='ocrx_word' id='word_1_455' title='bbox 376 2985 433 3015; x_wconf 83' lang='lat'>70.</span> <span class='ocrx_word' id='word_1_456' title='bbox 462 2986 487 3015; x_wconf 78' lang='lat' dir='ltr'><strong>R</strong></span> <span class='ocrx_word' id='word_1_457' title='bbox 504 3008 512 3022; x_wconf 91' lang='lat'>,</span> <span class='ocrx_word' id='word_1_458' title='bbox 539 2986 678 3025; x_wconf 64' lang='lat' dir='ltr'>Meyer:</span> <span class='ocrx_word' id='word_1_459' title='bbox 717 2985 905 3014; x_wconf 78' lang='lat' dir='ltr'>laudandis</span> <span class='ocrx_word' id='word_1_460' title='bbox 930 2984 1014 3014; x_wconf 73' lang='lat' dir='ltr'>viris</span> <span class='ocrx_word' id='word_1_461' title='bbox 1039 2992 1116 3015; x_wconf 89' lang='lat' dir='ltr'>curn</span> <span class='ocrx_word' id='word_1_462' title='bbox 1144 2986 1266 3017; x_wconf 85' lang='lat' dir='ltr'>ceteris</span> <span class='ocrx_word' id='word_1_463' title='bbox 1294 2984 1332 3014; x_wconf 84' lang='lat' dir='ltr'>E.</span> <span class='ocrx_word' id='word_1_464' title='bbox 1363 2999 1402 3004; x_wconf 92' lang='lat'>—</span> <span class='ocrx_word' id='word_1_465' title='bbox 1423 2982 1618 3021; x_wconf 77' lang='lat' dir='ltr'>probabiles</span> <span class='ocrx_word' id='word_1_466' title='bbox 1642 2981 1700 3021; x_wconf 84' lang='lat' dir='ltr'>Lg.</span> <span class='ocrx_word' id='word_1_467' title='bbox 1721 2980 1755 3012; x_wconf 91' lang='lat'>8.</span> <span class='ocrx_word' id='word_1_468' title='bbox 1782 2982 1840 3014; x_wconf 76' lang='lat'>20.</span> 
     </span>
    </p>
   </div>
   <div class='ocr_carea' id='block_1_5' title="bbox 64 3027 1843 3392">
    <p class='ocr_par' dir='ltr' id='par_1_6' title="bbox 64 3027 1843 3392">
     <span class='ocr_line' id='line_1_44' title="bbox 93 3027 1843 3071; baseline -0.002 -8"><span class='ocrx_word' id='word_1_469' title='bbox 93 3032 149 3064; x_wconf 88' lang='grc'>35.</span> <span class='ocrx_word' id='word_1_470' title='bbox 177 3032 233 3063; x_wconf 86' lang='grc'>58.</span> <span class='ocrx_word' id='word_1_471' title='bbox 288 3031 373 3062; x_wconf 84' lang='lat' dir='ltr'>Ven.</span> <span class='ocrx_word' id='word_1_472' title='bbox 402 3032 433 3061; x_wconf 85' lang='lat'>1.</span> <span class='ocrx_word' id='word_1_473' title='bbox 461 3031 512 3068; x_wconf 82' lang='lat' dir='ltr'>R,</span> <span class='ocrx_word' id='word_1_474' title='bbox 539 3032 678 3071; x_wconf 68' lang='lat' dir='ltr'>Meyer:</span> <span class='ocrx_word' id='word_1_475' title='bbox 715 3030 903 3069; x_wconf 76' lang='lat' dir='ltr'>probabilis</span> <span class='ocrx_word' id='word_1_476' title='bbox 930 3038 1007 3061; x_wconf 90' lang='lat' dir='ltr'>cum</span> <span class='ocrx_word' id='word_1_477' title='bbox 1035 3032 1157 3062; x_wconf 86' lang='lat' dir='ltr'>ceteris</span> <span class='ocrx_word' id='word_1_478' title='bbox 1185 3031 1223 3062; x_wconf 89' lang='lat' dir='ltr'>E.</span> <span class='ocrx_word' id='word_1_479' title='bbox 1252 3029 1432 3068; x_wconf 76' lang='lat' dir='ltr'>(versatus.</span> <span class='ocrx_word' id='word_1_480' title='bbox 1461 3028 1550 3059; x_wconf 86' lang='lat' dir='ltr'>Erat</span> <span class='ocrx_word' id='word_1_481' title='bbox 1576 3029 1613 3058; x_wconf 80' lang='lat' dir='ltr'>in</span> <span class='ocrx_word' id='word_1_482' title='bbox 1637 3027 1843 3068; x_wconf 71' lang='lat' dir='ltr'>quibusdam</span> 
     </span>
     <span class='ocr_line' id='line_1_45' title="bbox 94 3073 1839 3117; baseline -0.002 -7"><span class='ocrx_word' id='word_1_483' title='bbox 94 3079 282 3110; x_wconf 76' lang='lat' dir='ltr'>laudandis</span> <span class='ocrx_word' id='word_1_484' title='bbox 305 3078 419 3108; x_wconf 77' lang='lat' dir='ltr'>viris·</span> <span class='ocrx_word' id='word_1_485' title='bbox 438 3093 451 3099; x_wconf 91' lang='lat'><strong>·</strong></span> <span class='ocrx_word' id='word_1_486' title='bbox 481 3079 677 3117; x_wconf 73' lang='lat' dir='ltr'>probabilis</span> <span class='ocrx_word' id='word_1_487' title='bbox 710 3075 838 3115; x_wconf 83' lang='lat' dir='ltr'>Peter.)</span> <span class='ocrx_word' id='word_1_488' title='bbox 876 3093 915 3098; x_wconf 89' lang='lat'>—</span> <span class='ocrx_word' id='word_1_489' title='bbox 954 3077 1011 3109; x_wconf 83' lang='lat'>11.</span> <span class='ocrx_word' id='word_1_490' title='bbox 1037 3077 1087 3108; x_wconf 81' lang='lat' dir='ltr'>his</span> <span class='ocrx_word' id='word_1_491' title='bbox 1113 3077 1155 3107; x_wconf 81' lang='lat' dir='ltr'>I).</span> <span class='ocrx_word' id='word_1_492' title='bbox 1184 3077 1242 3117; x_wconf 84' lang='lat' dir='ltr'>Lg.</span> <span class='ocrx_word' id='word_1_493' title='bbox 1272 3076 1303 3106; x_wconf 91' lang='grc'>8.</span> <span class='ocrx_word' id='word_1_494' title='bbox 1331 3075 1387 3106; x_wconf 80' lang='grc'>35.</span> <span class='ocrx_word' id='word_1_495' title='bbox 1415 3073 1470 3104; x_wconf 88' lang='grc'>39.</span> <span class='ocrx_word' id='word_1_496' title='bbox 1498 3074 1575 3112; x_wconf 84' lang='grc'>51.,</span> <span class='ocrx_word' id='word_1_497' title='bbox 1605 3073 1672 3105; x_wconf 87' lang='lat' dir='ltr'>Gu-</span> <span class='ocrx_word' id='word_1_498' title='bbox 1700 3075 1733 3105; x_wconf 92' lang='lat'>1.</span> <span class='ocrx_word' id='word_1_499' title='bbox 1762 3074 1839 3106; x_wconf 82' lang='lat' dir='ltr'>alii:</span> 
     </span>
     <span class='ocr_line' id='line_1_46' title="bbox 92 3120 1840 3166; baseline -0.003 -9"><span class='ocrx_word' id='word_1_500' title='bbox 92 3127 136 3157; x_wconf 74' lang='lat' dir='ltr'>iis</span> <span class='ocrx_word' id='word_1_501' title='bbox 157 3134 232 3157; x_wconf 85' lang='lat' dir='ltr'>curn</span> <span class='ocrx_word' id='word_1_502' title='bbox 259 3125 332 3155; x_wconf 80' lang='lat' dir='ltr'>aliis</span> <span class='ocrx_word' id='word_1_503' title='bbox 354 3123 425 3154; x_wconf 82' lang='lat' dir='ltr'>RE.</span> <span class='ocrx_word' id='word_1_504' title='bbox 455 3140 493 3146; x_wconf 89' lang='lat'>—</span> <span class='ocrx_word' id='word_1_505' title='bbox 522 3125 578 3156; x_wconf 72' lang='grc'>14.</span> <span class='ocrx_word' id='word_1_506' title='bbox 606 3127 644 3166; x_wconf 80' lang='lat' dir='ltr'>fit</span> <span class='ocrx_word' id='word_1_507' title='bbox 663 3125 704 3156; x_wconf 83' lang='lat'>1).</span> <span class='ocrx_word' id='word_1_508' title='bbox 734 3124 793 3165; x_wconf 84' lang='lat' dir='ltr'>Lg.</span> <span class='ocrx_word' id='word_1_509' title='bbox 813 3124 846 3155; x_wconf 87' lang='lat'>8.</span> <span class='ocrx_word' id='word_1_510' title='bbox 863 3123 919 3155; x_wconf 85' lang='lat'>35.</span> <span class='ocrx_word' id='word_1_511' title='bbox 939 3122 1142 3155; x_wconf 78' lang='lat'><strong>39.51.53.</strong></span> <span class='ocrx_word' id='word_1_512' title='bbox 1162 3123 1218 3154; x_wconf 80' lang='lat'>56.</span> <span class='ocrx_word' id='word_1_513' title='bbox 1235 3122 1290 3153; x_wconf 89' lang='lat'>58.</span> <span class='ocrx_word' id='word_1_514' title='bbox 1306 3123 1364 3152; x_wconf 85' lang='lat'>70.</span> <span class='ocrx_word' id='word_1_515' title='bbox 1394 3121 1480 3152; x_wconf 70' lang='lat' dir='ltr'>Ven.</span> <span class='ocrx_word' id='word_1_516' title='bbox 1508 3121 1541 3152; x_wconf 83' lang='lat'>1.</span> <span class='ocrx_word' id='word_1_517' title='bbox 1570 3120 1687 3152; x_wconf 84' lang='lat' dir='ltr'>Ottob.</span> <span class='ocrx_word' id='word_1_518' title='bbox 1715 3120 1779 3154; x_wconf 89' lang='lat' dir='ltr'>Gu.</span> <span class='ocrx_word' id='word_1_519' title='bbox 1807 3123 1840 3152; x_wconf 90' lang='grc'>1.</span> 
     </span>
     <span class='ocr_line' id='line_1_47' title="bbox 93 3166 1841 3210; baseline -0.003 -6"><span class='ocrx_word' id='word_1_520' title='bbox 93 3173 144 3204; x_wconf 83' lang='lat' dir='ltr'>R:</span> <span class='ocrx_word' id='word_1_521' title='bbox 178 3173 222 3203; x_wconf 79' lang='lat' dir='ltr'>sic</span> <span class='ocrx_word' id='word_1_522' title='bbox 255 3180 330 3202; x_wconf 86' lang='lat' dir='ltr'>curn</span> <span class='ocrx_word' id='word_1_523' title='bbox 367 3170 440 3201; x_wconf 84' lang='lat' dir='ltr'>aliis</span> <span class='ocrx_word' id='word_1_524' title='bbox 466 3175 500 3202; x_wconf 83' lang='lat' dir='ltr'>et</span> <span class='ocrx_word' id='word_1_525' title='bbox 524 3172 665 3202; x_wconf 75' lang='lat' dir='ltr'>Ascens.</span> <span class='ocrx_word' id='word_1_526' title='bbox 698 3171 737 3202; x_wconf 84' lang='lat' dir='ltr'>E.</span> <span class='ocrx_word' id='word_1_527' title='bbox 771 3188 810 3193; x_wconf 92' lang='lat'>—</span> <span class='ocrx_word' id='word_1_528' title='bbox 854 3172 908 3201; x_wconf 70' lang='lat'>19.</span> <span class='ocrx_word' id='word_1_529' title='bbox 934 3178 1000 3210; x_wconf 83' lang='lat' dir='ltr'>pro</span> <span class='ocrx_word' id='word_1_530' title='bbox 1025 3178 1060 3200; x_wconf 78' lang='lat' dir='ltr'>se</span> <span class='ocrx_word' id='word_1_531' title='bbox 1087 3178 1145 3201; x_wconf 82' lang='lat' dir='ltr'>reo</span> <span class='ocrx_word' id='word_1_532' title='bbox 1172 3169 1298 3200; x_wconf 85' lang='lat' dir='ltr'>mavolt.</span> <span class='ocrx_word' id='word_1_533' title='bbox 1322 3166 1534 3207; x_wconf 83' lang='lat' dir='ltr'>Bernhardy.</span> <span class='ocrx_word' id='word_1_534' title='bbox 1575 3167 1651 3203; x_wconf 91' lang='lat' dir='ltr'><strong>(Vv.</strong></span> <span class='ocrx_word' id='word_1_535' title='bbox 1677 3176 1752 3198; x_wconf 84' lang='lat' dir='ltr'>cum</span> <span class='ocrx_word' id='word_1_536' title='bbox 1775 3176 1841 3208; x_wconf 84' lang='lat' dir='ltr'>pro</span> 
     </span>
     <span class='ocr_line' id='line_1_48' title="bbox 64 3214 1842 3251; baseline -0.003 -2"><span class='ocrx_word' id='word_1_537' title='bbox 64 3246 67 3249; x_wconf 89' lang='lat'><strong>.</strong></span> <span class='ocrx_word' id='word_1_538' title='bbox 94 3228 152 3251; x_wconf 84' lang='lat' dir='ltr'>reo</span> <span class='ocrx_word' id='word_1_539' title='bbox 177 3219 303 3250; x_wconf 73' lang='lat' dir='ltr'>diceret</span> <span class='ocrx_word' id='word_1_540' title='bbox 331 3226 407 3248; x_wconf 90' lang='lat' dir='ltr'>cum</span> <span class='ocrx_word' id='word_1_541' title='bbox 438 3216 505 3247; x_wconf 85' lang='lat' dir='ltr'>Gu.</span> <span class='ocrx_word' id='word_1_542' title='bbox 527 3219 558 3248; x_wconf 83' lang='lat'>1.</span> <span class='ocrx_word' id='word_1_543' title='bbox 580 3218 614 3249; x_wconf 81' lang='lat'>2.</span> <span class='ocrx_word' id='word_1_544' title='bbox 643 3218 766 3248; x_wconf 80' lang='lat' dir='ltr'>Drcsd.</span> <span class='ocrx_word' id='word_1_545' title='bbox 796 3220 911 3249; x_wconf 83' lang='lat' dir='ltr'>omisit</span> <span class='ocrx_word' id='word_1_546' title='bbox 936 3216 1050 3247; x_wconf 85' lang='lat' dir='ltr'>l’eter.</span> <span class='ocrx_word' id='word_1_547' title='bbox 1099 3216 1176 3248; x_wconf 75' lang='lat' dir='ltr'>Non</span> <span class='ocrx_word' id='word_1_548' title='bbox 1209 3216 1336 3246; x_wconf 83' lang='lat' dir='ltr'>omittit</span> <span class='ocrx_word' id='word_1_549' title='bbox 1368 3214 1545 3251; x_wconf 78' lang='lat' dir='ltr'>Romana,</span> <span class='ocrx_word' id='word_1_550' title='bbox 1583 3218 1621 3246; x_wconf 85' lang='lat' dir='ltr'>ut</span> <span class='ocrx_word' id='word_1_551' title='bbox 1656 3215 1759 3245; x_wconf 80' lang='lat' dir='ltr'>tradit</span> <span class='ocrx_word' id='word_1_552' title='bbox 1787 3214 1842 3245; x_wconf 88' lang='lat' dir='ltr'>El-</span> 
     </span>
     <span class='ocr_line' id='line_1_49' title="bbox 95 3260 1838 3305; baseline -0.004 -8"><span class='ocrx_word' id='word_1_553' title='bbox 95 3263 220 3303; x_wconf 84' lang='lat' dir='ltr'>lendt.)</span> <span class='ocrx_word' id='word_1_554' title='bbox 249 3281 288 3286; x_wconf 94' lang='lat'>—</span> <span class='ocrx_word' id='word_1_555' title='bbox 321 3264 378 3295; x_wconf 73' lang='lat'>27.</span> <span class='ocrx_word' id='word_1_556' title='bbox 405 3264 534 3294; x_wconf 73' lang='lat' dir='ltr'>nostris</span> <span class='ocrx_word' id='word_1_557' title='bbox 558 3263 658 3294; x_wconf 77' lang='lat' dir='ltr'>rebus</span> <span class='ocrx_word' id='word_1_558' title='bbox 685 3264 725 3294; x_wconf 86' lang='grc'>1).</span> <span class='ocrx_word' id='word_1_559' title='bbox 756 3265 815 3305; x_wconf 83' lang='lat' dir='ltr'>Lg.</span> <span class='ocrx_word' id='word_1_560' title='bbox 846 3272 985 3299; x_wconf 82' lang='lat' dir='ltr'>omneS,</span> <span class='ocrx_word' id='word_1_561' title='bbox 1013 3262 1080 3293; x_wconf 77' lang='lat' dir='ltr'>(iu.</span> <span class='ocrx_word' id='word_1_562' title='bbox 1104 3264 1136 3294; x_wconf 89' lang='lat'>1.</span> <span class='ocrx_word' id='word_1_563' title='bbox 1163 3262 1194 3291; x_wconf 76' lang='lat'>2.</span> <span class='ocrx_word' id='word_1_564' title='bbox 1223 3261 1346 3292; x_wconf 87' lang='lat' dir='ltr'>Drcsd.</span> <span class='ocrx_word' id='word_1_565' title='bbox 1375 3261 1422 3291; x_wconf 81' lang='lat' dir='ltr'>R:</span> <span class='ocrx_word' id='word_1_566' title='bbox 1456 3260 1555 3292; x_wconf 78' lang='lat' dir='ltr'>rebus</span> <span class='ocrx_word' id='word_1_567' title='bbox 1579 3261 1706 3292; x_wconf 73' lang='lat' dir='ltr'>nostris</span> <span class='ocrx_word' id='word_1_568' title='bbox 1732 3261 1771 3292; x_wconf 90' lang='lat' dir='ltr'>E.</span> <span class='ocrx_word' id='word_1_569' title='bbox 1798 3276 1838 3281; x_wconf 94' lang='lat'>—</span> 
     </span>
     <span class='ocr_line' id='line_1_50' title="bbox 96 3306 1838 3348; baseline -0.004 -4"><span class='ocrx_word' id='word_1_570' title='bbox 96 3313 153 3344; x_wconf 87' lang='lat'>35.</span> <span class='ocrx_word' id='word_1_571' title='bbox 181 3312 275 3343; x_wconf 84' lang='lat' dir='ltr'>Fort.</span> <span class='ocrx_word' id='word_1_572' title='bbox 299 3311 413 3342; x_wconf 82' lang='lat' dir='ltr'>multa</span> <span class='ocrx_word' id='word_1_573' title='bbox 439 3312 467 3340; x_wconf 84' lang='lat' dir='ltr'>et</span> <span class='ocrx_word' id='word_1_574' title='bbox 489 3311 691 3348; x_wconf 78' lang='lat' dir='ltr'>praeclara.</span> <span class='ocrx_word' id='word_1_575' title='bbox 718 3310 783 3343; x_wconf 83' lang='lat' dir='ltr'>On.</span> <span class='ocrx_word' id='word_1_576' title='bbox 825 3326 862 3332; x_wconf 90' lang='lat'>—</span> <span class='ocrx_word' id='word_1_577' title='bbox 906 3310 962 3341; x_wconf 85' lang='lat'>38.</span> <span class='ocrx_word' id='word_1_578' title='bbox 997 3309 1063 3340; x_wconf 73' lang='lat' dir='ltr'>scis</span> <span class='ocrx_word' id='word_1_579' title='bbox 1100 3314 1214 3341; x_wconf 83' lang='lat' dir='ltr'>tamen</span> <span class='ocrx_word' id='word_1_580' title='bbox 1245 3316 1313 3340; x_wconf 80' lang='lat' dir='ltr'>esse</span> <span class='ocrx_word' id='word_1_581' title='bbox 1345 3307 1431 3340; x_wconf 71' lang='lat' dir='ltr'>exite</span> <span class='ocrx_word' id='word_1_582' title='bbox 1464 3307 1540 3339; x_wconf 84' lang='lat' dir='ltr'>libri</span> <span class='ocrx_word' id='word_1_583' title='bbox 1574 3315 1692 3340; x_wconf 90' lang='lat' dir='ltr'>omnes</span> <span class='ocrx_word' id='word_1_584' title='bbox 1729 3311 1764 3339; x_wconf 83' lang='lat' dir='ltr'>et</span> <span class='ocrx_word' id='word_1_585' title='bbox 1788 3306 1838 3338; x_wconf 87' lang='lat' dir='ltr'>R:</span> 
     </span>
     <span class='ocr_line' id='line_1_51' title="bbox 95 3356 684 3392; baseline -0.005 -2"><span class='ocrx_word' id='word_1_586' title='bbox 95 3359 153 3391; x_wconf 70' lang='lat' dir='ltr'>sed</span> <span class='ocrx_word' id='word_1_587' title='bbox 177 3363 292 3392; x_wconf 79' lang='lat' dir='ltr'>tamen</span> <span class='ocrx_word' id='word_1_588' title='bbox 317 3358 402 3390; x_wconf 73' lang='lat' dir='ltr'>exile</span> <span class='ocrx_word' id='word_1_589' title='bbox 429 3364 504 3388; x_wconf 89' lang='lat' dir='ltr'>cum</span> <span class='ocrx_word' id='word_1_590' title='bbox 532 3356 619 3388; x_wconf 75' lang='lat' dir='ltr'>Aldo</span> <span class='ocrx_word' id='word_1_591' title='bbox 646 3356 684 3388; x_wconf 88' lang='lat' dir='ltr'>E.</span> 
     </span>
    </p>
   </div>
  </div>
 </body>
</html>
