2117 3762
782 286 826 328 C.
859 288 927 328 22.
960 289 1028 330 23.
1062 289 1129 330 24.
1753 293 1832 334 355

89 396 320 437 verecunde
351 400 391 436 et
422 393 658 435 dubitanter
687 395 911 445 recepisse:
943 409 1068 436 unum
1104 394 1220 450 quasi
1242 395 1632 449 comperendinatus
1654 394 1832 438 medium

89 459 196 499 diem
220 457 363 503 fuisse,
396 470 516 512 quein
548 462 679 495 totum
712 454 880 496 Galbam
912 458 951 497 in
983 457 1279 499 consideranda
1309 471 1432 499 causa
1462 459 1831 512 componendaque

88 519 298 575 posuisse;
333 525 393 565 et,
425 532 517 558 cum
539 515 784 570 cognitionis
806 516 892 558 dies
916 525 1022 559 esset
1053 525 1093 559 et
1125 521 1212 573 ipse
1243 520 1418 562 Rutilius
1448 526 1596 574 rogatu
1627 521 1833 561 sociorum

90 583 258 622 domum
288 583 338 622 ad
371 578 538 620 Galbam
570 591 687 619 mane
718 579 914 626 venisset,
948 587 990 621 ut
1021 596 1114 622 eum
1146 585 1386 625 admoneret
1416 585 1525 624 etad
1548 582 1710 624 dicendi
1733 587 1835 623 tem-

90 658 165 697 pus
196 642 442 688 adduceret,
474 654 602 695 usque
633 640 764 687 illum,
810 645 945 696 quoad
978 644 1012 684 ei
1046 644 1276 686 nuntiatum
1310 651 1418 686 esset
1447 645 1639 687 consules
1670 647 1865 686 descen-⁵

91 705 224 749 disse.
258 707 449 746 omnibus
480 703 677 750 exclusis,
725 712 1041 746 commentatum
1072 706 1112 747 in
1144 710 1317 760 quadam
1350 708 1551 750 testudine
1584 721 1678 749 cum
1709 708 1837 749 servis

93 768 281 810 litteratis
314 767 459 814 fuisse,
499 779 675 820 quorum
708 767 774 807 alii
807 769 916 808 aliud
947 769 1102 808 dictare
1133 768 1281 810 eodem
1313 775 1498 825 tempore
1529 769 1675 812 solitus
1706 775 1836 811 esset:

92 830 253 872 interim
284 843 375 871 cum
407 834 515 869 esset
545 827 583 868 ei
614 831 839 870 nuntiatum
873 837 1035 883 tempus
1065 844 1176 879 esse,
1226 831 1357 872 exisse
1388 831 1429 873 in
1461 831 1585 874 aedes
1618 845 1669 873 eo
1699 832 1840 874 colore

90 899 129 933 ct
158 892 208 933 iis
238 891 390 938 oculis,
420 896 465 931 ut
495 890 625 944 egisse
659 906 849 940 causam,
894 907 977 932 non
1010 898 1326 935 commentatum
1357 899 1537 949 putares.
1595 896 1663 935 88.
1705 896 1842 936 Adde-

91 953 160 996 bat
188 953 309 994 etiam
339 952 461 1008 idque
493 955 542 993 ad
573 967 660 993 rem
692 956 899 1008 pertinere
929 953 1122 1010 putabat,
1156 956 1380 1010 scriptores
1401 956 1491 998 illos
1513 957 1618 998 male
1641 956 1840 998 mulcatos
1855 973 1889 998 ιο

92 1016 224 1059 exisse
255 1029 347 1057 cum
380 1014 526 1064 Galba;
576 1031 626 1056 ex
657 1031 738 1072 quo
770 1016 1025 1071 signilicabat
1054 1017 1169 1059 illum
1199 1032 1282 1060 non
1311 1018 1352 1060 in
1383 1022 1543 1073 agendo
1576 1020 1733 1068 solum,
1768 1018 1842 1061 sed

91 1078 210 1121 etiam
249 1079 291 1119 in
331 1077 566 1119 meditando
608 1081 897 1120 velit-mentem
937 1085 1059 1134 atque
1097 1081 1308 1121 incensum
1338 1080 1480 1123 fuisse.
1543 1083 1652 1132 Quid
1684 1082 1841 1124 multa?

90 1154 238 1196 magna
267 1140 600 1194 exspectatione,
644 1141 831 1195 plurimis
862 1141 1139 1190 audientibus,
1181 1156 1320 1185 coram
1350 1143 1439 1199 ipso
1471 1146 1612 1186 Laelio
1643 1144 1700 1186 sic
1729 1144 1842 1186 illam

91 1217 255 1245 causam
285 1210 396 1244 tanta
425 1202 463 1243 ri
494 1209 685 1257 tantaque
717 1204 917 1257 gravitate
948 1204 1100 1246 dixisse
1138 1205 1334 1254 Galbam,
1380 1212 1427 1247 ut
1466 1206 1578 1248 nulla
1619 1206 1706 1249 sere
1746 1221 1841 1261 pars

90 1264 291 1308 orationis
321 1264 482 1306 silentio
513 1266 829 1319 praeteriretur:
870 1267 1027 1322 itaque,
1058 1266 1196 1308 multis
1226 1267 1406 1323 querelis
1436 1268 1647 1325 multaque
1676 1269 1890 1312 misera-15

91 1328 203 1370 tione
233 1327 436 1374 adbibita,
469 1327 622 1373 socios,
655 1327 846 1370 omnibus
877 1331 1226 1384 approbantibus,
1270 1331 1341 1371 illa
1371 1329 1437 1372 die
1468 1332 1709 1385 quaestione
1741 1333 1844 1375 libe-

91 1397 203 1432 ratos
233 1404 338 1431 esse.
400 1391 552 1430 XXIII.
587 1391 654 1430 89.
704 1393 768 1431 Ex
798 1393 871 1431 hac
902 1391 1040 1432 Rutilii
1070 1394 1306 1434 narratione
1350 1394 1549 1448 suspicari
1588 1394 1704 1444 licet,
1753 1409 1844 1437 cum

92 1456 197 1495 duae
227 1465 411 1494 summae
442 1451 522 1492 sint
551 1451 593 1492 in
624 1458 789 1493 oratore
819 1452 982 1503 laudes,
1014 1468 1095 1496 una
1117 1454 1323 1496 subtiliter
1350 1455 1587 1509 disputandi
1617 1456 1668 1499 ad
1697 1456 1847 1499 docen-

92 1518 211 1563 dum,
243 1514 375 1556 altera
405 1515 586 1567 graviter
615 1514 762 1568 agendi
793 1517 843 1556 ad
875 1515 1034 1558 animos
1064 1517 1319 1559 audientium
1340 1521 1666 1573 permovendos,
1697 1522 1847 1562 multo-

93 1592 172 1634 que
213 1579 305 1632 plus
346 1574 532 1630 proficiat
569 1576 624 1625 is,
668 1578 738 1631 qui
778 1576 1003 1620 inflammet
1041 1579 1221 1621 iudicem
1261 1593 1384 1634 quam
1424 1580 1518 1629 ille,
1571 1581 1642 1636 qui
1674 1580 1894 1631 doceat‚2o

94 1639 340 1694 elegantiam
371 1638 412 1679 in
443 1638 610 1688 Laelio,
658 1641 739 1679 vim
771 1640 812 1680 in
845 1643 975 1682 Galba
1006 1640 1149 1683 fuisse.
1212 1644 1329 1692 Quae
1360 1643 1527 1698 quidem
1556 1645 1618 1685 vis
1647 1649 1733 1686 tum
1762 1658 1847 1686 ma-

93 1705 205 1744 xime
235 1702 397 1756 cognita
429 1707 513 1749 est,
548 1714 662 1747 cum,
705 1704 911 1744 Lusitanis
942 1717 964 1744 a
995 1706 1083 1746 Ser.
1107 1706 1237 1747 Galba
1266 1711 1462 1760 praetore
1492 1711 1635 1747 contra
1665 1707 1848 1762 interpo-

94 1764 236 1812 sitam,
270 1770 314 1803 ut
345 1762 678 1813 existimabatur,
726 1763 847 1805 fidem
889 1765 1140 1816 interfectis,
1174 1770 1221 1808 L.
1245 1767 1407 1809 Libone
1437 1768 1604 1810 tribuno
1634 1767 1690 1824 pl.
1714 1782 1848 1823 popu-

97 1829 183 1869 lum
215 1825 407 1867 incitante
438 1833 478 1866 et
507 1826 764 1879 rogationem
797 1827 837 1868 in
861 1828 1030 1871 Galbam
1053 1830 1259 1885 privilegii
1280 1831 1457 1872 similem
1477 1829 1657 1879 ferente,
1689 1844 1847 1872 summa

95 1895 324 1936 senectute,
356 1893 402 1928 ut
430 1894 522 1928 ante
555 1888 665 1936 dixi,
699 1891 753 1930 M.
779 1891 877 1932 Cato
907 1891 1040 1945 legem
1071 1894 1248 1934 suadens
1279 1894 1321 1935 in
1353 1892 1522 1934 Galbam
1555 1894 1683 1934 multa
1715 1891 1896 1942 dixit32⁵

95 1965 219 2007 quam
250 1949 479 1991 orationem
509 1950 552 1991 in
583 1950 774 2004 Origines
806 1965 899 1993 suas
930 1954 1110 2002 rettulit,
1151 1958 1293 2010 paucis
1323 1961 1541 2010 antequam
1571 1960 1758 1997 mortuus
1787 1959 1850 1996 est

98 2013 178 2069 [an]
212 2012 377 2061 diebus,
409 2027 460 2054 an
491 2013 714 2055 mensibus.
774 2016 840 2056 90.
875 2018 978 2058 Tum
1008 2017 1135 2072 igitur
1163 2018 1266 2060 nihil
1291 2032 1488 2061 recusans
1511 2019 1640 2060 Galba
1662 2032 1736 2071 pro
1759 2031 1848 2060 sese

95 2084 137 2119 et
164 2076 309 2132 populi
339 2077 514 2118 Romani
544 2074 667 2117 fidem
697 2078 951 2131 implorans,
984 2093 1077 2121 cum
1099 2094 1195 2122 suos
1217 2095 1387 2134 pueros,
1420 2086 1506 2122 tum
1531 2082 1574 2123 C.
1601 2080 1706 2122 Galli
1727 2080 1850 2122 etiam

95 2139 226 2182 filium
264 2142 367 2181 flens
406 2138 743 2188 commendabat,
795 2142 909 2182 cuius
950 2140 1105 2183 orbitas
1137 2148 1177 2184 et
1206 2145 1325 2185 fletus
1355 2142 1459 2185 mire
1498 2142 1745 2185 miserabilis
1774 2142 1851 2185 fuit

94 2208 266 2259 propter
285 2206 495 2245 recentem
516 2202 761 2243 memoriam
781 2203 998 2245 clarissimi
1018 2206 1165 2260 patris:
1196 2206 1313 2262 isque
1335 2220 1379 2248 se
1400 2212 1485 2248 tum
1504 2205 1654 2261 eripuit
1672 2204 1847 2252 ssamma,
1862 2218 1897 2244 ³0

97 2270 270 2320 propter
297 2277 450 2320 pueros
479 2263 762 2306 misericordia
791 2266 935 2322 populi
964 2273 1197 2317 commota,
1244 2269 1349 2310 sieut
1387 2270 1498 2310 idem
1529 2269 1726 2324 scriptum
1755 2268 1848 2310 reli-

99 2329 188 2382 quit
219 2328 331 2368 Cato.
391 2328 525 2381 Atque
555 2328 678 2368 etiam
710 2327 842 2381 ipsum
874 2331 1078 2372 Libonem
1108 2344 1192 2372 non
1223 2330 1422 2373 infantem
1452 2332 1573 2374 video
1610 2330 1763 2380 fuisse,
1805 2336 1850 2371 ut

99 2405 153 2432 ex
183 2388 439 2431 orationibus
470 2388 558 2430 eius
587 2389 761 2444 intelligi
791 2396 943 2444 potest.
1005 2394 1072 2434 91.
1108 2394 1210 2434 Cum
1239 2396 1342 2435 haec
1373 2394 1567 2436 dixissem
1598 2399 1638 2435 et
1668 2393 1849 2450 paullum

97 2451 477 2508 interquievissem,
512 2451 622 2501 Quid
651 2451 801 2506 igitur,
834 2453 988 2508 inquit,
1020 2460 1083 2496 est
1111 2469 1281 2505 causae,
1313 2459 1486 2506 Brutus,
1520 2457 1555 2499 si
1583 2462 1692 2497 tanta
1721 2457 1848 2497 virtus

97 2516 140 2557 in
171 2521 337 2557 oratore
368 2515 497 2555 Galba
525 2515 626 2563 fuit,
669 2528 743 2557 cur
773 2528 822 2557 ea
851 2517 964 2558 nulla
992 2516 1035 2558 in
1066 2518 1322 2560 orationibus
1351 2521 1440 2561 eius
1469 2522 1690 2574 appareat?
1737 2519 1895 2572 quodss

98 2577 241 2620 mirari
271 2591 355 2619 non
383 2590 552 2632 possum
581 2576 624 2618 in
653 2578 734 2627 eis,
767 2577 838 2634 qui
866 2579 968 2620 nihil
998 2581 1168 2621 omnino
1200 2580 1341 2636 scripti
1370 2581 1641 2637 reliquerunt.
1701 2582 1848 2624 XXIV.

99 2642 185 2682 Nec
215 2639 325 2682 enim
355 2646 417 2681 est
445 2638 610 2687 eadem,
656 2641 845 2695 inquam,
889 2644 1039 2691 Brute,
1082 2656 1204 2685 causa
1234 2657 1318 2684 non
1347 2644 1555 2686 scribendi
1586 2649 1626 2685 et
1654 2656 1735 2684 non
1765 2648 1847 2683 tam

101 2705 208 2745 bene
238 2701 464 2751 scribendi,
497 2715 618 2757 quam
650 2703 841 2745 dixerint.
899 2706 1002 2746 Nam
1030 2706 1218 2747 videmus
1247 2705 1350 2747 alios
1371 2712 1558 2747 oratores
1583 2706 1727 2747 inertia
1747 2703 1846 2745 nihil

103 2764 338 2821 scripsisse,
369 2779 421 2807 ne
452 2765 703 2806 domesticus
735 2765 855 2807 etiam
885 2766 1006 2809 labor
1034 2770 1331 2809 accederetad
1351 2767 1579 2816 sorensem,
1614 2767 1846 2822 (pleraeque

104 2828 215 2870 enim
252 2827 487 2870 scribuntur
525 2827 735 2870 orationes
772 2827 934 2871 habitae
974 2829 1081 2880 iam,
1133 2844 1216 2873 non
1245 2836 1290 2872 ut
1319 2829 1591 2884 habeantur:)
1642 2831 1708 2870 92.
1742 2828 1893 2876 alios40

193 2999 230 3032 7.
267 2998 330 3031 alii
358 2998 457 3031 aliud
480 2999 662 3033 Manutius
688 3000 782 3039 apud
807 2999 934 3032 Aldum
958 2999 1153 3038 Nepotem:
1197 3000 1296 3032 aliud
1321 3000 1383 3031 alii
1415 2999 1507 3032 idem
1543 2999 1613 3030 suls
1652 2999 1685 3030 ln
1724 2997 1841 3037 Edd.‚

104 3045 184 3080 aliis
206 3045 303 3079 aliud-
330 3046 354 3077 E
381 3049 496 3084 conl.;
523 3047 585 3079 alii
611 3056 678 3080 om.
705 3048 734 3079 R
761 3051 794 3079 et
819 3047 894 3078 libri
922 3051 1058 3086 praeter
1083 3046 1143 3087 Lg.
1163 3046 1219 3079 20.
1247 3055 1286 3078 ac
1313 3046 1447 3082 Vatic.;
1477 3054 1544 3085 quo
1574 3044 1694 3077 ordine
1725 3045 1757 3077 hl
1785 3046 1845 3078 ha·

105 3094 229 3131 beant,
258 3093 394 3125 Ellendt
419 3101 487 3125 non
515 3095 611 3128 dicit.
649 3108 684 3115 ——
729 3095 784 3126 10.
810 3094 846 3125 id
873 3094 963 3134 quod
989 3092 1108 3123 Lamb.
1138 3109 1175 3116 -
1215 3093 1271 3125 17.
1296 3092 1420 3124 Rutilii
1443 3091 1611 3124 Orellius:
1653 3090 1788 3124 Rutilia
1815 3093 1846 3125 R

106 3145 140 3174 et
165 3141 241 3173 libri
268 3143 408 3180 praeter
433 3140 493 3180 Lg.
519 3141 578 3172 20.
606 3140 662 3173 35.
685 3141 741 3173 58.
760 3165 769 3180 ,
797 3142 829 3172 in
857 3141 982 3181 quibus
1009 3142 1059 3171 est
1082 3138 1289 3176 Rutiliana,
1317 3143 1354 3171 ut
1378 3138 1468 3177 apud
1495 3137 1614 3170 Lamb.
1643 3137 1682 3169 E.
1711 3154 1750 3161 —
1784 3139 1842 3171 23.

104 3188 144 3220 L.
169 3187 298 3219 Libone
332 3187 527 3219 Corradus:
569 3187 608 3219 Τ.
643 3187 771 3219 Libone
807 3195 884 3219 curn
921 3187 1014 3218 libris
1041 3185 1120 3217 RE.
1160 3202 1201 3208 —
1243 3185 1299 3216 27.
1329 3193 1376 3215 an
1401 3185 1601 3217 auctoribus
1625 3183 1734 3218 Pareo
1760 3185 1842 3218 Lex.

107 3235 182 3267 crit.
218 3243 251 3274 p.
285 3233 341 3265 88.
369 3238 402 3266 et
428 3233 564 3266 Handlo
589 3233 690 3264 Turs.
718 3234 746 3265 Ι.
775 3242 809 3273 p.
837 3233 916 3265 308.
942 3232 1157 3265 seclusimus.
1195 3249 1236 3254 —
1277 3231 1363 3262 nihil
1393 3239 1556 3263 recusam
1582 3240 1620 3264 ex
1647 3231 1722 3264 Val.
1748 3232 1841 3264 Max.

107 3280 148 3319 8,
176 3281 215 3320 1,
242 3280 284 3311 2.
318 3280 502 3312 Corradus.
544 3279 637 3311 Libri
671 3288 739 3311 om.
771 3279 869 3312 nihil.
912 3294 946 3302 -—
990 3279 1046 3310 30.
1084 3280 1177 3320 sique
1210 3286 1244 3310 se
1269 3277 1335 3308 Gu.
1362 3277 1422 3314 2.,
1461 3277 1552 3311 unde
1576 3277 1680 3311 Peter
1715 3278 1843 3310 mavult

107 3329 222 3369 sicque
243 3335 291 3359 se.
330 3343 371 3349 —
411 3325 572 3368 flammae
596 3326 677 3365 Lag.
703 3326 759 3358 30.
784 3325 842 3357 56.
872 3324 1027 3368 (flamma
1051 3332 1128 3359 cum
1155 3325 1277 3358 ceteris
1310 3324 1413 3357 etiam
1440 3324 1500 3364 R.)
1533 3342 1570 3350 —
1612 3323 1667 3358 35.
1693 3325 1843 3367 apparet

110 3375 211 3415 libri,
238 3374 284 3414 R,
309 3373 423 3408 Peter.
473 3373 603 3407 Vitium
628 3374 776 3406 correxlt
798 3372 1001 3405 Lambinus.
