2117 3762
233 250 315 292 232
925 245 995 287 DE
1038 246 1283 289 ORATORE

233 361 372 400 noster
402 359 500 401 Cato
531 359 571 397 et
599 353 738 395 Pictor
768 355 808 393 et
835 350 950 399 Piso,
995 351 1068 406 qui
1096 365 1231 407 neque
1261 356 1420 402 tenent,
1467 351 1618 409 quibus
1655 351 1778 395 rebus
1807 358 1978 397 ornetur

234 422 367 463 oratio
410 418 545 474 (modo
578 416 686 458 enim
717 418 797 456 huc
827 413 905 455 ista
934 419 1027 455 sunt
1055 414 1284 469 importata)
1324 423 1383 463 et,
1431 414 1527 457 dum
1564 414 1830 469 intelligatur,
1880 416 1979 473 quid

235 482 390 532 dicant,
420 495 542 524 unam
574 476 734 520 dicendi
763 475 927 517 laudem
957 480 1102 530 putant
1131 490 1219 518 esse
1248 477 1506 521 brevitatem.
1567 479 1635 519 542.
1678 477 1905 520 Paullulum
1935 493 1978 521 se

236 544 369 586 crexit
407 550 446 585 et
483 541 635 584 addidit
678 538 875 580 historiae
913 540 1112 580 maiorem
1157 552 1303 582 sonum
1340 540 1452 583 vocis
1489 541 1553 582 vir
1591 540 1794 596 optimus,
1846 542 1979 583 Crassi

205 607 473 655 ssamiliaris,
524 603 750 658 Antipater.
811 601 945 643 Ceteri
983 615 1066 643 non
1107 608 1375 645 exornatores
1414 617 1555 645 rerum
1596 605 1667 645 sed
1697 603 1979 645 tantummodo

234 674 470 712 narratores
500 667 678 707 fuerunt.
739 666 853 706 XIII.
886 667 982 713 Est,
1032 666 1166 720 inquit
1201 665 1386 715 Catulus,
1433 672 1479 708 ut
1517 666 1639 714 dicis,
1685 664 1758 707 sed
1787 665 1862 707 iste
1891 665 1980 720 ipse

237 733 397 774 Caelius
427 742 563 783 neque
594 727 777 769 distinxit
805 727 1020 770 historiam
1050 729 1247 770 varietate
1275 727 1462 769 locorum
1491 742 1626 784 neque
1655 730 1878 770 verborum
1899 727 1983 770 ool-

232 793 436 837 locatione
467 796 508 832 et
537 796 669 832 tractu
699 790 898 832 orationis
926 790 1009 832 leni
1040 796 1080 832 et
1108 789 1316 846 aequabili
1345 790 1565 845 perpolivit
1596 790 1696 832 illud
1731 804 1857 844 opus;
1908 792 1981 832 sed

232 863 278 898 ut
306 857 430 897 homo
459 867 596 909 neque
627 855 771 894 doctus
801 866 936 908 neque
966 854 1145 894 maxime
1176 858 1293 907 aptus
1323 851 1374 893 ad
1405 853 1644 903 dicendum,
1692 853 1796 895 sicut
1832 855 1978 910 potuit,

183 919 410 967 aodolavit3
462 918 560 958 vicit
588 921 747 965 tamen,
794 922 839 957 ut
869 915 992 964 dicis,
1036 914 1289 969 superiores.
1352 916 1417 955 55.
1447 915 1613 957 Minime
1644 918 1814 964 mirum,
1847 916 1982 972 inquit

232 979 459 1028 Antonius,
494 980 526 1020 si
557 978 635 1020 ista
663 992 729 1020 res
760 977 895 1020 adhuc
927 983 1065 1019 nostra
1095 979 1235 1032 lingua
1265 976 1464 1018 illustrata
1484 991 1567 1018 non
1588 983 1662 1019 est.
1722 981 1850 1020 Nemo
1874 978 1982 1020 enim

233 1043 369 1086 studet
399 1041 658 1096 eloquentiae
689 1047 926 1083 nostrorum
956 1041 1197 1089 hominum,
1248 1038 1326 1080 nisi
1356 1044 1400 1080 ut
1429 1040 1471 1080 in
1501 1041 1633 1081 causis
1665 1047 1786 1097 atque
1817 1041 1858 1083 in
1888 1040 1981 1083 soro

233 1107 411 1148 eluceat:
462 1104 575 1159 apud
616 1107 796 1146 Graecos
838 1110 976 1145 autem
1007 1101 1332 1158 eloquentissimi
1362 1101 1571 1150 homines,
1617 1106 1764 1145 remoti
1795 1119 1819 1146 a
1848 1104 1981 1146 causis

231 1169 466 1211 forensibus
496 1181 590 1208 cum
620 1169 672 1208 ad
703 1172 859 1208 ceteras
898 1181 967 1208 res
1006 1166 1211 1214 illustres,
1258 1170 1343 1206 tum
1388 1166 1439 1205 ad
1475 1165 1731 1207 scribendam
1770 1168 1982 1208 historiam

181 1250 216 1275 15
232 1232 408 1273 maxime
439 1244 483 1271 se
514 1229 838 1285 applicaverunt.
899 1232 1085 1285 Namque
1116 1234 1156 1270 et
1197 1230 1456 1269 Herodotum
1495 1227 1637 1277 illum,
1684 1228 1753 1284 qui
1791 1229 1982 1286 princeps

231 1307 360 1349 genus
404 1295 485 1334 hoc
529 1292 716 1341 ornavit,
761 1292 803 1334 in
847 1291 980 1334 causis
1017 1291 1119 1333 nihil
1160 1292 1329 1332 omnino
1370 1296 1580 1332 versatum
1616 1305 1706 1333 esse
1736 1292 1982 1348 accepimus.

229 1356 354 1411 Atqui
384 1361 496 1397 tanta
527 1362 588 1397 est
618 1355 874 1411 eloquentia,
907 1361 952 1396 ut
980 1369 1046 1396 me
1078 1353 1266 1409 quidem,
1313 1358 1510 1407 quantum
1542 1367 1620 1408 ego
1652 1355 1805 1395 Graece
1835 1355 1984 1410 scripta

228 1419 463 1473 intelligere
492 1431 680 1473 possum,
711 1432 860 1473 magno
893 1432 1021 1474 opere
1053 1417 1250 1466 delectet3
1291 1418 1357 1459 56.
1390 1421 1430 1457 et
1458 1422 1551 1471 post
1578 1416 1695 1458 illum
1725 1416 1984 1471 Thucydides

231 1497 374 1524 omnes
420 1481 584 1523 dicendi
622 1480 796 1523 artificio
839 1494 934 1522 mea
977 1481 1178 1522 sententia
1212 1478 1330 1520 facile
1368 1478 1483 1529 vicit3
1536 1480 1604 1534 qui
1643 1481 1698 1520 ita
1736 1481 1884 1521 creber
1924 1486 1985 1522 est

181 1563 217 1587 20
231 1559 373 1587 rerum
411 1546 668 1600 frequentia,
720 1550 766 1585 ut
804 1546 1029 1585 verborum
1067 1555 1200 1597 prope
1235 1552 1453 1583 numerum
1485 1541 1778 1583 sententiarum
1808 1556 1983 1585 numero

232 1614 530 1664 consequatur3
583 1610 639 1649 ita
668 1620 798 1663 porro
828 1605 966 1648 verbis
997 1611 1118 1661 aptus
1149 1610 1189 1646 et
1216 1618 1401 1661 pressus,
1443 1609 1489 1645 ut
1526 1604 1706 1652 nescias,
1751 1609 1890 1646 utrum
1918 1619 1986 1647 res

231 1670 418 1712 oratione
449 1684 500 1711 an
530 1669 657 1711 verba
687 1669 898 1711 sententiis
929 1669 1202 1710 illustrentur.
1262 1668 1387 1721 Atqui
1416 1681 1468 1708 ne
1495 1670 1604 1709 huno
1625 1667 1812 1722 quidem,
1845 1681 1987 1723 quam-

232 1748 353 1790 quam
392 1740 454 1775 est
491 1733 534 1775 in
574 1746 620 1774 re
657 1731 824 1786 publica
861 1736 1074 1779 versatus,
1121 1744 1174 1772 ex
1212 1744 1386 1772 numero
1426 1731 1657 1786 accepimus
1698 1743 1863 1779 eorum,
1915 1729 1988 1786 qui

231 1811 374 1838 causas
405 1796 667 1845 dictitarunt;
701 1801 741 1836 et
769 1797 844 1836 hos
874 1794 1005 1835 libros
1035 1800 1124 1835 tum
1153 1793 1366 1846 scripsisse
1397 1793 1564 1842 dicitur,
1596 1806 1689 1834 cum
1713 1807 1736 1833 a
1756 1806 1801 1834 re
1822 1791 1988 1848 publica

181 1876 216 1903 25
232 1865 413 1902 remotus
443 1865 587 1915 atque,
633 1857 675 1899 id
705 1859 817 1914 quod
848 1856 1004 1912 optimo
1035 1856 1182 1911 cuique
1214 1857 1383 1897 Athenis
1413 1855 1601 1897 accidere
1630 1857 1797 1897 solitum
1827 1861 1908 1904 est,
1941 1855 1986 1897 in

231 1923 399 1965 exilium
420 1922 562 1977 pulsus
583 1925 704 1962 esset.
767 1923 832 1961 57.
864 1921 983 1960 Hunc
1013 1924 1256 1960 consecutus
1287 1924 1347 1959 est
1377 1917 1617 1974 Syracusius
1648 1918 1864 1967 Philistus,
1896 1920 1982 1974 qui,

232 2000 324 2027 eum
364 1985 551 2040 Dionysii
590 1983 750 2040 tyranni
787 1981 1127 2023 familiarissimus
1166 1986 1292 2029 esset,
1343 1980 1472 2022 otium
1511 1994 1628 2021 suum
1660 1980 1915 2036 consumpsit
1943 1980 1986 2022 in

230 2048 403 2090 historia
433 2048 650 2088 scribenda
680 2044 942 2099 maximeque
973 2043 1258 2100 Thucydidem
1289 2048 1374 2091 est,
1408 2044 1512 2084 sicut
1540 2042 1641 2084 mihi
1671 2044 1855 2092 videtur,
1893 2043 1986 2085 imi-

232 2116 354 2152 tatus.
415 2111 562 2151 Postea
591 2121 692 2149 vero
723 2107 840 2163 quasi
870 2122 922 2148 ex
953 2105 1176 2148 clarissima
1206 2105 1382 2147 rhetoris
1413 2104 1577 2147 officina
1615 2107 1697 2147 duo
1732 2111 1986 2159 praestantes

183 2172 426 2228 ³0ingeni0,
461 2174 755 2226 Theopompus
787 2176 827 2211 et
855 2168 1069 2224 Ephorus,
1117 2167 1167 2209 ab
1198 2170 1379 2209 Isocrate
1409 2168 1605 2221 magistro
1637 2167 1802 2223 impulsi
1848 2182 1891 2210 se
1935 2168 1987 2211 ad

231 2235 444 2278 historiam
485 2233 770 2282 contulerunt3
819 2245 960 2273 causas
1001 2232 1170 2272 omnino
1211 2245 1423 2285 nunquam
1459 2231 1698 2285 attigerunt.
1770 2232 1880 2274 XIV.
1915 2234 1982 2273 58.

230 2297 420 2354 Denique
451 2298 573 2338 etiam
603 2310 627 2336 a
664 2294 926 2350 philosophia
967 2292 1176 2349 profectus
1214 2294 1405 2348 princeps
1446 2292 1703 2348 Xenophon,
1752 2293 1985 2336 Socraticus

231 2362 318 2408 ille,
349 2365 443 2414 post
464 2362 521 2401 ‘ab
553 2358 774 2399 Aristotele
805 2356 1090 2403 Callisthenes,
1122 2368 1259 2396 comes
1289 2354 1530 2404 Alexandri,
1563 2354 1726 2410 scripsit
1745 2355 1983 2407 historiam3

234 2429 274 2465 et
302 2425 370 2465 hic
400 2422 568 2478 quidem
597 2421 809 2462 rhetorico
841 2432 972 2473 paene
1002 2431 1118 2460 more
1129 2433 1139 2468 ;
1169 2418 1237 2459 ille
1258 2423 1394 2459 autem
1414 2417 1605 2473 superior
1624 2417 1783 2459 leniore
1803 2421 1984 2473 quodam

184 2504 218 2529 55
234 2500 336 2528 sono
368 2491 429 2527 est
457 2498 555 2527 usus
587 2489 626 2525 et
656 2483 725 2539 qui
754 2482 868 2524 illum
899 2484 1096 2537 impetum
1127 2480 1304 2522 oratoris
1333 2494 1416 2522 non
1446 2482 1616 2530 habeat3
1649 2482 1870 2522 vehemens
1899 2481 1986 2522 for-

233 2555 341 2590 tasse
371 2548 526 2594 minus,
559 2549 631 2587 sed
662 2545 867 2600 aliquanto
900 2550 1035 2585 tamen
1067 2549 1150 2593 est,
1189 2549 1234 2584 ut
1262 2544 1363 2585 mihi
1394 2542 1560 2599 quidem
1588 2541 1774 2591 videtur,
1808 2543 1981 2585 dulcior.

232 2611 426 2654 Minimus
455 2615 555 2651 natu
585 2608 733 2650 horum
763 2607 945 2649 omnium
976 2607 1188 2654 Timaeus,
1220 2612 1417 2661 quantum
1443 2611 1580 2646 autem
1599 2604 1781 2646 iudicare
1802 2618 1984 2658 possum,

233 2674 357 2727 longe
400 2671 699 2714 eruditissimus
739 2676 778 2711 et
817 2684 959 2711 rerum
997 2671 1118 2723 copia
1155 2675 1195 2711 et
1225 2668 1518 2710 sententiarum
1548 2669 1745 2710 varietate
1776 2669 1986 2710 abundan-

234 2736 415 2777 tissimus
447 2741 486 2776 et
515 2736 602 2790 ipsa
632 2733 933 2787 compositione
963 2735 1189 2774 verborum
1219 2746 1302 2773 non
1332 2731 1540 2786 impolitus
1570 2743 1760 2785 magnam
1791 2730 1985 2786 eloquen-

186 2816 221 2841 «ω
237 2801 331 2841 tiam
361 2798 412 2840 ad
441 2797 704 2840 scribendum
736 2796 869 2838 attulit
897 2795 969 2837 sed
999 2796 1157 2838 nullum
1187 2808 1306 2837 usum
1335 2793 1558 2835 forensem.

330 2971 361 3001 1.
391 2972 534 3001 ornetur
559 2969 640 3000 BR:
669 2972 820 2999 ornatur
845 2967 886 2998 E.
911 2983 947 2989 -
976 2966 1008 2996 2.
1037 2967 1115 2998 huic
1141 2966 1181 2997 B.
1208 2983 1240 2988 -
1270 2967 1304 2998 5.
1333 2964 1485 2997 Ceterum
1510 2964 1552 2995 R.
1578 2980 1613 2985 —
1642 2964 1676 2996 6.
1703 2965 1774 3004 ipse
1797 2966 1861 2998 iste
1877 2965 1919 2998 R.
1943 2981 1980 2988 —

235 3016 269 3048 7.
309 3015 475 3057 locorum]
515 3017 669 3048 colorum
700 3015 859 3047 Iacobsio
895 3018 1037 3046 auctore
1071 3013 1264 3045 Schutzius.
1294 3030 1330 3035 —
1374 3012 1427 3042 12.
1457 3012 1493 3042 in
1518 3015 1596 3043 ante
1623 3013 1740 3043 causis
1766 3021 1833 3044 om.
1861 3012 1902 3043 B.
1941 3027 1982 3033 -

237 3064 292 3094 15.
321 3065 469 3095 maxime
495 3072 562 3096 om.
591 3064 631 3094 B.
672 3078 711 3084 —
750 3062 807 3093 19.
837 3065 884 3092 est
909 3061 1023 3092 creber
1048 3061 1091 3092 R.
1117 3075 1161 3081 —
1201 3059 1259 3090 21.
1288 3062 1454 3099 sequatur
1480 3059 1522 3090 R.
1560 3074 1598 3080 —
1642 3062 1690 3090 est
1717 3063 1818 3097 aptus
1843 3059 1913 3090 BR.
1943 3074 1978 3080 —

236 3110 294 3140 23.
321 3113 367 3140 est
391 3119 459 3140 om.
485 3110 527 3141 R.
567 3126 606 3132 -
648 3108 705 3140 24.
731 3110 793 3140 hos
818 3109 911 3148 ipsos
938 3108 1043 3138 libros
1067 3107 1106 3138 B·
1145 3123 1181 3128 -
1225 3105 1282 3136 25.
1311 3110 1414 3145 atque
1440 3114 1508 3137 om.
1536 3105 1634 3135 Voss.
1664 3105 1762 3144 prob.
1794 3106 1913 3136 Bakio.
1941 3120 1982 3126 —-

235 3155 374 3187 solitum
399 3161 481 3187 esset
506 3156 546 3186 B.
574 3173 617 3178 —-
656 3155 712 3187 27.
756 3152 880 3193 otium]
926 3157 1038 3185 totum
1063 3154 1103 3185 B.
1137 3169 1175 3174 —-
1219 3153 1430 3190 consumpsit
1471 3151 1651 3183 scribendo
1690 3152 1906 3192 maximeque
1938 3151 1982 3186 R.

240 3219 277 3225 —
321 3201 377 3231 29.
419 3211 459 3233 ω,-
497 3203 689 3234 clarissima
729 3203 832 3243 quasi
867 3201 907 3232 B.
968 3201 1029 3232 Vv.
1067 3199 1204 3240 quasi·
1229 3215 1242 3220 -
1267 3198 1407 3241 officina
1440 3199 1649 3230 Ruhnkenio
1677 3202 1815 3230 auctore
1841 3199 1983 3230 seclusit

236 3248 388 3280 Ellendt.
417 3263 459 3269 —-
496 3248 551 3279 30.
578 3250 619 3281 ab
647 3258 715 3281 om.
743 3251 785 3280 R.
815 3265 852 3271 —
888 3247 944 3279 32.
972 3247 1017 3278 ad
1040 3245 1293 3286 philosophiam
1319 3246 1357 3277 13.
1390 3261 1426 3266 —
1455 3245 1512 3277 34.
1540 3246 1666 3276 leviore
1691 3245 1731 3275 B.
1758 3259 1802 3266 —
1827 3244 1885 3276 37.
1913 3254 1984 3276 om-

236 3297 331 3326 nium
356 3294 476 3324 horum
501 3295 542 3326 R.
583 3312 620 3318 -
659 3295 715 3328 38.
746 3299 777 3328 et
802 3304 917 3328 rerum
944 3310 958 3317 -
982 3311 996 3317 -
1022 3293 1336 3326 abundantissimus
1361 3301 1430 3325 om.
1457 3293 1498 3324 B.
1537 3307 1575 3314 -
1615 3290 1671 3323 39.
1698 3289 1891 3333 impolitus]
1930 3292 1982 3323 in-

238 3341 445 3384 compositus
471 3340 512 3373 B.
