2117 3762
237 240 316 280 282
938 240 1007 280 DE
1038 240 1283 282 ORATORE

235 344 317 386 sari
347 358 534 400 semper,
569 344 714 397 (dicam
746 342 854 384 enim
885 344 1088 398 saepius,)
1131 346 1164 385 si
1194 347 1371 398 possim,
1419 351 1463 387 111
1494 347 1592 387 boni
1626 344 1800 387 efficiam
1831 346 1988 402 aliquid

234 406 411 448 dicendo
422 422 432 456 ;
464 408 497 447 si
527 407 568 447 id
600 405 754 453 minus,
783 409 830 445 ut
859 410 970 445 certe
1000 419 1053 445 ne
1083 405 1181 460 quid
1212 408 1322 448 mali.

348 471 532 511 LXXVI.
565 469 660 508 307.
694 468 836 519 Itaque
858 479 965 507 nunc
986 466 1082 507 illuc
1112 470 1256 516 redeo,
1290 469 1453 518 Catule,
1485 469 1528 510 in
1560 482 1643 524 quo
1673 474 1718 509 tu
1751 484 1818 510 me
1848 471 1988 525 paullo

237 536 331 571 ante
361 529 579 578 laudabas,
616 530 668 569 ad
699 528 889 568 ordinem
919 528 1317 585 collocationemque
1348 545 1487 573 rerum
1517 546 1565 572 36
1594 530 1801 573 locorum.
1864 533 1988 574 Cuius

207 592 341 633 sratio
370 597 432 632 651
460 590 634 645 duplex:
687 589 836 638 altera,
884 604 1008 644 quam
1045 590 1164 631 affert
1203 598 1348 634 natura
1386 606 1625 643 causarum;
1674 595 1830 642 altera,
1882 608 1989 648 quae

237 659 447 695 oratorum
478 652 632 693 indicio
663 656 704 692 et
739 652 959 706 prudentia
996 658 1274 705 comparatur.
1334 657 1438 696 Nam
1480 660 1526 696 ut
1567 655 1723 710 aliquid
1767 661 1861 697 ante
1901 671 1988 697 rem

237 716 446 762 dicamus,
498 713 646 754 deinde
687 718 733 755 ut
768 728 856 755 rem
893 727 1175 767 exponamus,
1226 720 1321 769 post
1359 722 1404 757 ut
1444 730 1535 758 eam
1574 720 1800 773 probemus
1838 718 1990 759 nostris

236 776 447 832 praesidiis
487 775 804 825 confirmandis,
853 776 1072 818 contrariis
1116 775 1369 826 refutandis,
1420 780 1567 821 deinde
1612 784 1657 820 ut
1694 778 1989 820 concludamus

236 844 357 893 atque
388 839 443 878 ita
472 851 735 890 peroremus,
768 838 846 880 1106
877 838 1040 880 1116611111
1069 844 1216 879 natura
1245 838 1335 893 ipsa
1364 841 1620 894 praescribit.
1681 843 1777 881 308.
1813 842 1863 881 Ut
1891 854 1991 882 vero

188 914 222 938 10
237 906 484 948 statuamus,
528 914 600 949 ea,
641 915 746 955 quae
775 900 979 956 probandi
1010 906 1051 942 et
1081 900 1256 942 docendi
1286 914 1409 942 causa
1439 902 1612 944 dicenda
1643 908 1760 951 sunt,
1793 902 1993 958 quemad-

236 963 405 1002 modum
435 975 753 1017 componamus,
802 964 845 1004 id
876 968 938 1005 est
966 965 1033 1004 vel
1063 964 1241 1004 maxime
1271 962 1489 1018 proprium
1520 965 1697 1006 oratoris
1728 965 1989 1020 prudentiae.

234 1025 361 1065 Multa
406 1023 514 1064 enim
556 1030 777 1066 occurrunt
817 1031 1080 1079 argumenta;
1131 1025 1282 1074 multa,
1330 1039 1436 1079 quae
1478 1027 1520 1066 in
1559 1025 1732 1068 dicendo
1773 1026 1993 1080 profutura

234 1085 467 1126 videantur.
529 1086 609 1127 Sed
639 1100 783 1128 eorum
814 1088 963 1142 partim
994 1089 1052 1128 ita
1080 1087 1189 1129 levia
1218 1093 1336 1136 sunt,
1369 1092 1416 1129 ut
1445 1088 1743 1130 contemnenda
1764 1092 1866 1140 sint3
1897 1102 1993 1142 par-

235 1148 324 1195 tim,
373 1147 534 1189 etiamsi
577 1148 676 1203 quid
721 1148 874 1190 habent
903 1150 1152 1197 adiumenti,
1201 1154 1296 1191 sunt
1336 1163 1633 1205 nonnunquam
1675 1150 1901 1198 eiusmodi,
1949 1156 1994 1191 ut

186 1211 332 1252 1sinsit
360 1209 402 1250 in
432 1210 482 1251 iis
512 1210 667 1265 aliquid
697 1211 786 1252 vitii
815 1225 950 1266 neque
981 1212 1083 1253 tanti
1114 1212 1166 1253 sit
1194 1212 1320 1260 illud,
1354 1215 1465 1267 quod
1488 1214 1688 1267 prodesse
1710 1212 1917 1260 videatur,
1947 1219 1995 1254 ut

234 1286 329 1313 cum
358 1272 498 1328 aliquo
528 1273 636 1313 malo
668 1275 960 1327 coniungatur.
1020 1276 1116 1315 309.
1148 1276 1265 1324 Quae
1294 1281 1433 1315 autem
1462 1274 1579 1315 utilia
1599 1279 1693 1315 sunt
1712 1281 1837 1328 atque
1858 1274 1991 1322 firma,

235 1334 271 1376 si
302 1348 350 1376 ea
381 1340 540 1384 tamen,
573 1340 617 1376 ut
647 1349 770 1391 saepe
803 1335 867 1383 fit,
899 1336 1018 1378 valde
1048 1336 1177 1377 multa
1206 1342 1321 1385 sunt,
1369 1350 1440 1384 ea,
1474 1349 1579 1390 quae
1609 1349 1661 1377 ex
1692 1336 1744 1377 iis
1773 1342 1844 1377 aut
1872 1336 1994 1377 levis-

234 1398 339 1438 sima
368 1403 463 1439 sunt
495 1402 565 1439 aut
592 1397 683 1438 aliis
704 1397 963 1451 gravioribus
987 1399 1235 1447 consimilia,
1266 1400 1427 1440 secerni
1449 1397 1631 1440 arbitror
1651 1403 1847 1452 oportere
1868 1404 1993 1454 atque

237 1475 291 1501 ex
320 1463 507 1501 oratione
540 1460 762 1502 removeri.
823 1462 1027 1515 Equidem
1056 1475 1149 1502 cum
1180 1461 1329 1514 colligo
1361 1466 1603 1515 argumenta
1634 1474 1869 1508 causarum,
1911 1475 1994 1502 non

187 1527 318 1563 2otam
349 1536 399 1562 ea
427 1536 646 1564 numerare
683 1523 798 1564 soleo
838 1537 962 1578 quam
1000 1526 1253 1578 expendere.
1310 1525 1518 1565 LXXVII.
1552 1526 1647 1565 310.
1694 1526 1746 1565 Ε1
1775 1524 1992 1579 quoniam,

236 1583 350 1640 quod
380 1598 505 1638 saepe
537 1587 617 1625 iam
650 1587 755 1634 dixi,
789 1587 921 1627 trihus
951 1585 1079 1627 rebus
1111 1600 1256 1627 omnes
1287 1588 1337 1627 ad
1367 1591 1553 1627 nostram
1578 1586 1824 1627 sententiam
1844 1585 1996 1641 perdu-

236 1649 383 1694 cimus,
415 1652 486 1688 aut
515 1646 704 1689 docendo
735 1652 804 1688 aut
834 1648 1093 1690 conciliando
1123 1654 1194 1688 aut
1221 1650 1528 1703 permovendo,
1569 1662 1654 1690 una
1683 1663 1737 1689 ex
1768 1647 1901 1689 tribus
1930 1649 1996 1688 his

237 1707 361 1750 rebus
391 1722 460 1749 res
491 1723 593 1762 prae
622 1710 743 1750 nobis
774 1715 835 1751 est
864 1709 1057 1758 ferenda,
1089 1715 1134 1750 ut
1163 1709 1264 1750 nihil
1295 1709 1407 1751 aliud
1436 1709 1514 1751 nisi
1545 1709 1698 1752 docere
1729 1710 1835 1752 velle
1857 1709 1997 1752 videa-

237 1784 349 1821 mur;
397 1770 581 1826 reliquae
612 1773 741 1820 duae,
781 1772 900 1813 sicuti
931 1772 1096 1827 sanguis
1127 1772 1169 1813 in
1201 1771 1467 1827 corporibus,
1499 1777 1557 1814 sic
1586 1772 1680 1813 11136
1709 1772 1752 1813 in
1782 1773 1997 1827 perpetuis

188 1833 495 1875 morationibus
538 1833 654 1875 fusae
697 1848 787 1875 6556
828 1834 1054 1876 debebunt.
1116 1837 1218 1875 Nam
1256 1840 1298 1875 et
1335 1834 1539 1890 principia
1579 1839 1619 1876 61
1656 1839 1818 1876 ceterae
1857 1839 1997 1887 partes

235 1895 454 1943 orationis,
488 1897 538 1937 de
568 1895 717 1951 quibus
747 1896 886 1951 paullo
917 1903 1010 1952 post
1041 1911 1170 1952 pauca
1192 1896 1402 1945 dicemus,
1435 1896 1591 1938 hahere
1611 1900 1717 1938 hanc
1739 1896 1823 1938 vim
1843 1909 1994 1949 magno

235 1972 365 2011 opere
396 1961 568 2006 debent,
599 1963 645 1999 ut
675 1960 726 1999 ad
757 1972 902 2000 eorum
934 1965 1115 2008 mentes,
1155 1960 1265 2013 apud
1295 1972 1399 2014 quos
1430 1964 1596 2012 agetur,
1640 1960 1867 1999 movendas
1898 1970 1994 2012 per-

234 2033 402 2061 manare
431 2021 603 2073 possint.
663 2022 759 2061 311.
794 2022 874 2061 Sed
904 2019 967 2062 his
996 2022 1185 2075 partibus
1215 2022 1433 2068 orationis,
1464 2035 1592 2076 quae,
1625 2021 1702 2061 etsi
1723 2019 1826 2060 nihil
1847 2021 1998 2060 docent

234 2084 579 2135 argumentando,
610 2084 900 2137 persuadendo
929 2087 1066 2123 tamen
1096 2088 1137 2123 et
1165 2084 1468 2124 commovendo
1498 2081 1720 2137 proficiunt
1749 2083 1995 2136 plurimum,

189 2158 224 2182 ³0
236 2158 485 2199 quamquam
514 2144 694 2185 maxime
723 2144 917 2200 proprius
947 2150 1009 2186 est
1037 2144 1153 2186 locus
1182 2150 1222 2186 et
1251 2144 1295 2186 in
1325 2144 1581 2187 exordiendo
1603 2146 1705 2186 etin
1730 2144 1994 2198 perorando,

237 2206 400 2260 digredi
443 2210 580 2247 tamen
625 2209 676 2247 ab
717 2221 787 2255 eo,
834 2206 945 2262 quod
980 2207 1249 2262 proposueris
1288 2212 1410 2262 atque
1451 2221 1568 2260 agas,
1615 2207 1997 2262 permovendorum

237 2270 470 2310 animorum
500 2282 623 2310 causa
650 2282 774 2322 saepe
803 2269 903 2310 utile
936 2275 1012 2310 est.
1073 2271 1167 2310 312.
1197 2271 1340 2323 Itaque
1365 2269 1433 2311 vel
1456 2283 1503 2309 re
1528 2274 1695 2323 narrata
1722 2273 1763 2309 et
1786 2267 1995 2322 exposita,

237 2345 362 2384 saepe
394 2330 517 2371 datur
544 2333 596 2371 ad
626 2333 951 2372 commovendos
982 2330 1142 2372 animos
1172 2330 1433 2384 digrediendi
1462 2330 1599 2378 locus,
1644 2329 1712 2372 vel
1741 2330 1995 2384 argumentis

236 2394 388 2435 nostris
418 2392 668 2434 confirmatis
697 2393 763 2434 vel
794 2393 1012 2435 contrariis
1043 2393 1230 2434 refutatis
1260 2393 1327 2435 vel
1355 2399 1533 2448 utroque
1562 2393 1656 2434 loco
1686 2392 1753 2434 vel
1782 2393 1992 2439 omnibus,

191 2468 225 2492 ³5
239 2456 274 2496 si
302 2457 427 2496 1131161
457 2469 547 2496 eam
578 2468 699 2496 causa
730 2455 971 2509 dignitatem
1001 2460 1124 2509 atque
1155 2456 1342 2509 copiam,
1375 2460 1487 2496 recte
1518 2454 1560 2496 id
1588 2454 1680 2496 fieri
1708 2459 1866 2510 potest;
1899 2467 1994 2494 eae-

239 2531 320 2572 que
351 2531 501 2558 causae
532 2522 627 2559 sunt
655 2517 706 2558 ad
735 2517 940 2571 agendum
971 2522 1011 2558 et
1041 2519 1092 2558 ad
1122 2517 1354 2559 ornandum
1392 2518 1659 2571 gravissimae
1692 2522 1815 2572 atque
1845 2515 1997 2571 plenis-

238 2579 389 2628 simae,
420 2593 525 2634 quae
554 2579 755 2634 plurimos
785 2581 920 2621 exitus
951 2582 1049 2621 dant
1077 2583 1129 2622 ad
1160 2580 1366 2622 eiusmodi
1391 2579 1713 2634 digressionem,
1743 2584 1790 2620 ut
1810 2578 1870 2619 eis
1890 2578 1994 2620 locis

333 2702 369 2735 1.
394 2701 533 2741 saepius
557 2709 625 2733 om.
652 2700 726 2732 ΑΒ.
755 2717 791 2722 -
818 2710 956 2741 possum
980 2702 1023 2733 R.
1049 2716 1094 2724 —
1119 2702 1267 2744 efficiam
1291 2702 1427 2743 aliquid
1450 2700 1481 2733 Α
1505 2701 1636 2740 aliique
1654 2723 1664 2735 ‚
1690 2700 1741 2732 R:
1767 2700 1903 2741 aliquid
1928 2698 1998 2741 effi-

242 2749 333 2780 ciam
359 2746 443 2788 (Βῖ)
471 2748 512 2779 Ε.
541 2764 582 2770 -
608 2748 643 2778 2.
668 2749 698 2778 si
721 2746 836 2779 ABR:
863 2750 918 2779 sin
945 2749 986 2779 E.
1017 2765 1053 2771 -
1092 2757 1134 2780 ne
1158 2749 1242 2788 quid
1267 2747 1367 2789 mali]
1393 2757 1464 2780 non
1489 2748 1576 2779 illud
1600 2747 1672 2778 ΑΒ.
1702 2763 1742 2769 -
1779 2747 1814 2778 4.
1841 2747 1997 2778 collatio-

240 2803 382 2834 nemque
407 2795 448 2826 R.
478 2811 517 2818 -
544 2794 578 2826 8.
607 2795 832 2835 confutandis
857 2795 900 2826 R.
931 2812 967 2817 —
995 2795 1030 2827 9.
1059 2794 1197 2827 dicendi
1223 2796 1323 2827 Voss.
1350 2795 1435 2826 AB:
1479 2794 1614 2825 dicendi
1640 2802 1744 2833 glenus
1768 2793 1840 2824 RE.
1883 2793 1995 2827 (Leid.

242 2851 347 2882 glenus
372 2842 407 2872 in
433 2839 516 2881 mg.)
545 2857 583 2863 —
607 2841 793 2881 perscribit
817 2842 858 2872 R.
889 2857 931 2865 --
957 2842 1014 2872 10.
1042 2851 1130 2882 quae
1150 2843 1330 2881 probandi
1355 2846 1387 2873 et
1411 2840 1558 2872 docendi
1583 2840 1693 2872 Codd.
1721 2844 1855 2878 septem
1881 2839 1963 2879 Lag.
1985 2848 1994 2869 ε

243 2888 283 2919 de
303 2888 482 2926 probandi
506 2892 538 2919 et
564 2887 710 2919 docendi
734 2888 762 2918 A
777 2910 787 2921 ,
815 2896 903 2927 quae
927 2888 1143 2928 deprobancli
1169 2889 1248 2925 (sic)
1274 2893 1305 2920 et
1330 2887 1475 2919 docendi
1498 2887 1526 2917 B
1543 2910 1551 2925 ‚
1588 2895 1677 2927 quae
1699 2885 1900 2926 probandi.
1936 2885 1998 2916 do-

243 2935 363 2970 cendi,
388 2934 623 2974 persuadendi
646 2934 717 2965 RE.
745 2951 790 2955 —
814 2935 870 2965 11.
898 2937 1130 2974 componatur
1156 2935 1194 2966 B.
1225 2952 1260 2957 -
1300 2935 1357 2966 12.
1383 2934 1519 2972 multa,
1554 2931 1655 2973 quae]
1682 2932 1861 2972 multaque
1885 2932 1925 2962 B.
1953 2947 1996 2952 —-

246 2979 298 3010 13.
325 2979 406 3020 sint]
433 2983 515 3012 sunt
539 2981 579 3011 B.
610 2997 652 3003 —
679 2979 737 3012 14.
764 2978 856 3020 sunt]
883 2982 954 3011 sint
979 2981 1019 3012 B.
1049 2998 1087 3004 —
1132 2981 1189 3012 16.
1215 2981 1319 3013 utilia
1343 2984 1423 3011 sunt
1448 2980 1477 3010 Α
1503 2979 1658 3020 aliique:
1685 2982 1767 3011 sunt
1790 2979 1892 3010 utilia
1917 2975 1997 3018 (Bt)

243 3026 317 3056 RE.
345 3042 384 3048 —
410 3027 468 3058 21.
494 3025 601 3068 quod]
631 3035 737 3066 quum
760 3026 803 3058 Α.
832 3043 873 3049 —-
911 3027 970 3059 22.
997 3027 1107 3058 tribus
1130 3027 1215 3058 AB:
1257 3027 1414 3058 omnibus
1438 3026 1508 3058 RE.
1536 3043 1577 3047 —
1620 3026 1678 3057 27.
1712 3026 1830 3066 ayitur
1853 3024 1926 3055 AB.
1953 3040 1997 3046 —-

241 3079 439 3109 permovere
453 3078 594 3113 possent
612 3071 686 3111 (sic)
704 3073 745 3104 B.
769 3090 806 3096 —-
835 3073 892 3105 29.
916 3074 1104 3114 perficiunt
1129 3073 1172 3104 Α.
1201 3090 1242 3095 -
1278 3072 1335 3104 31.
1362 3073 1502 3113 degredi
1528 3075 1595 3104 cet.
1623 3073 1657 3104 h.
1686 3071 1707 3102 1.
1740 3072 1781 3103 Ε.
1811 3087 1850 3092 -
1877 3067 1994 3109 atque]

243 3117 344 3157 idque
369 3119 396 3149 R
412 3142 421 3155 ‚
459 3122 618 3161 quodque
643 3119 845 3152 Lambinus.
870 3135 909 3142 —
951 3120 1007 3151 32.
1032 3128 1069 3150 re
1093 3124 1245 3151 narrata
1271 3122 1302 3150 et
1326 3120 1485 3157 emposita
1509 3119 1568 3150 AB
1595 3119 1752 3158 aliique:
1790 3117 1998 3148 narratione

245 3164 403 3202 cmpos-tta
420 3165 493 3195 RE.
515 3183 554 3188 —
581 3166 637 3196 33.
665 3167 717 3198 vel
734 3167 951 3207 argumentis
974 3166 1027 3196 vel
1042 3167 1229 3198 contrariis
1252 3164 1414 3205 refutatis
1438 3166 1651 3207 confirmatis
1676 3164 1748 3196 AB.
1770 3178 1810 3185 —
1837 3161 1893 3194 34.
1921 3161 1995 3192 loco

247 3218 315 3240 om·
341 3210 382 3240 R·
413 3226 450 3231 —
478 3212 534 3242 35.
561 3213 747 3253 diynitatis
772 3217 877 3252 atque
901 3221 1046 3244 causam
1071 3213 1111 3243 Β.
1141 3230 1177 3236 -
1221 3213 1347 3253 haeque
1375 3213 1417 3243 R.
1447 3229 1483 3237 -
1527 3211 1585 3243 36.
1613 3209 1811 3251 augendum
1835 3217 1853 3240 6
1879 3207 1990 3240 Codd.

247 3256 327 3295 aliq.
356 3256 544 3334 ldamtlgilpus
571 3264 604 3290 et
628 3258 821 3291 Schutzius.
855 3276 890 3282 -
941 3260 1114 3290 orandum
1139 3259 1210 3290 AB.
1241 3274 1280 3281 —
1323 3258 1378 3290 37.
1407 3259 1454 3290 eis
1479 3259 1530 3289 B:
1560 3259 1603 3289 iis
1628 3258 1830 3292 Manutius,
1858 3254 1995 3287 Lambi-

247 3311 333 3340 nus,
384 3312 411 3334 is
500 3322 507 3331 .
