2117 3762
853 265 898 304 C.
931 265 971 305 4.
1006 267 1045 305 5.
1080 267 1119 305 6.
1779 262 1857 300 343

114 372 368 414 voluntarius
398 377 639 428 procurator
669 377 827 426 petam,
876 372 984 424 qnod
1019 370 1126 425 ipse,
1174 371 1238 411 cni
1276 372 1420 417 debes,
1469 369 1729 413 incommodo
1763 388 1858 415 exa-

114 442 273 477 cturum
306 442 440 488 negat.
504 438 550 476 V.
588 436 651 474 18.
685 438 735 474 At
766 447 887 480 vero,
922 433 1112 488 inquam,
1148 433 1219 474 tibi
1253 448 1353 485 ego,
1387 436 1534 482 Brute,
1568 448 1650 475 non
1681 435 1859 485 solvam,

112 499 190 539 nisi
223 499 334 553 prius
365 512 388 538 a
420 504 457 538 te
487 510 635 538 cavero
667 495 839 550 amplius
880 512 928 535 eo
972 500 1135 537 mimine
1175 497 1398 546 neminem,
1443 497 1558 537 cuius
1597 496 1741 551 petitio
1782 501 1856 547 sit,

112 563 351 617 petiturum.
414 563 501 601 Non
533 558 788 606 meliert-ule,
833 560 984 613 inquit,
1031 560 1101 599 nbi
1137 560 1425 612 repromittere
1457 561 1559 601 istuc
1592 558 1756 614 quidem
1789 575 1859 601 an-

112 625 202 665 sim.
260 627 358 665 Nam
389 623 518 671 hune,
552 623 619 675 qni
652 628 797 673 negat,
833 621 951 662 video
983 621 1280 673 flagitatorem,
1326 638 1408 663 non
1442 624 1556 664 illum
1587 622 1753 677 quidem
1787 623 1890 665 tiliis

111 688 356 734 molestum,
402 687 474 726 sed
504 683 713 725 assiduum
747 691 881 725 tamen
914 692 952 725 et
984 698 1119 725 acrem
1152 684 1254 725 sore.
1314 687 1416 725 'sum
1450 685 1725 740 Pomponius,
1770 688 1857 739 Ego

111 764 231 798 vero,
276 749 430 804 inquit,
476 749 647 787 Brutum
681 746 780 787 niliil
814 748 974 787 mentiri
1007 753 1119 801 puto.
1179 748 1332 787 Videor
1362 749 1471 787 enim
1505 749 1584 788 iam
1617 753 1654 788 te
1685 761 1860 790 ausurus

112 827 201 854 esse
246 811 474 866 appellare,
526 811 721 863 quoniam
770 810 891 861 longo
939 809 1155 849 intervallo
1205 808 1326 849 modo
1371 811 1550 863 primum
1590 810 1861 853 animadverti

111 874 249 930 paullo
282 880 320 915 te
350 872 604 913 hilariorem.
671 874 733 911 19.
769 874 935 925 ltaque,
976 872 1170 926 quoniam
1203 872 1293 918 hie,
1337 874 1446 925 quod
1479 874 1577 912 milii
1611 875 1857 923 deberetur,

110 951 154 979 se
184 942 422 978 exacturum
456 935 666 987 professus
697 940 778 981 est,
813 933 923 988 quod
956 935 1049 974 lmie
1082 932 1229 981 debes,
1263 946 1341 985 ego
1369 940 1449 974 ate
1482 941 1592 986 peto.
1655 935 1859 984 Quidnam
1875 949 1910 975 10

110 999 178 1041 id?
208 1001 389 1053 inquam.
452 997 498 1036 Ut
525 996 704 1043 scribas,
738 996 889 1051 inquit,
921 995 1088 1051 aliquid.
1148 997 1396 1048 Iampridem
1429 997 1536 1037 enim
1571 997 1859 1040 conticuerunt

109 1068 201 1103 tuae
232 1060 407 1102 litterae.
471 1060 570 1098 Nam
603 1065 645 1099 ut
674 1058 766 1099 illos
798 1061 847 1099 de
879 1072 921 1099 re
953 1057 1116 1112 publica
1147 1059 1275 1100 libros
1307 1059 1488 1107 edidisti,
1521 1060 1622 1102 niliil
1654 1076 1676 1102 a
1702 1068 1739 1103 te
1761 1077 1859 1104 sane

106 1129 252 1180 postea
288 1120 544 1176 accepimus;
597 1121 736 1175 eisque
785 1126 945 1162 nosmet
989 1120 1064 1175 ipsi
1106 1124 1155 1162 ad
1203 1126 1389 1163 veterum
1433 1136 1571 1164 rerum
1616 1124 1859 1165 memoriam

107 1183 537 1242 comprehendendam
578 1183 740 1238 impulsi
779 1190 902 1239 atque
937 1183 1093 1224 incensi
1124 1198 1278 1225 sumus.
1342 1187 1422 1226 Sed
1455 1185 1522 1226 illa
1554 1199 1646 1227 cum
1677 1187 1855 1242 poteris:

106 1255 228 1304 atque
267 1253 312 1289 ut
351 1249 503 1302 possis,
551 1259 668 1300 rogo.
729 1248 796 1286 20.
842 1248 958 1286 Nune
995 1259 1119 1295 vero,
1167 1248 1322 1302 inquit,
1374 1247 1407 1289 si
1447 1262 1489 1289 es
1527 1250 1663 1290 animo
1702 1261 1909 1299 vacuo,1⁵

106 1324 268 1366 expone
299 1308 418 1350 nobis
449 1310 560 1363 quod
592 1310 843 1364 quaerimus.
907 1308 1110 1358 Quidnam
1141 1315 1203 1350 est
1233 1311 1302 1351 id?
1352 1310 1534 1366 inquam.
1598 1313 1719 1361 Quod
1760 1312 1860 1353 mihi

105 1386 238 1429 nuper
266 1373 306 1413 in
337 1371 566 1413 Tusculano
601 1372 846 1412 inehoavisti
879 1372 929 1412 de
961 1373 1222 1421 oratoribus,
1271 1375 1436 1428 quando
1477 1386 1566 1414 esse
1598 1376 1856 1427 coepissent,

106 1438 178 1492 qui
222 1437 342 1477 etiam
382 1441 421 1476 et
460 1435 602 1489 quales
642 1433 829 1475 fuissent.
891 1435 1023 1483 Quem
1070 1448 1145 1489 ego
1191 1449 1426 1477 sermonem
1468 1450 1560 1478 cum
1599 1439 1649 1478 ad
1688 1440 1860 1478 Brutum

105 1506 221 1541 tuum
254 1500 318 1541 vel
349 1502 533 1539 nostrum
564 1497 701 1552 potius
733 1496 996 1545 detulissem,
1049 1511 1198 1552 magno
1239 1511 1367 1552 opere
1405 1499 1470 1541 hie
1506 1498 1650 1541 audire
1681 1513 1725 1541 se
1758 1500 1859 1542 velle

105 1562 224 1605 dixit.
292 1564 434 1617 Itaque
479 1562 586 1601 hunc
631 1559 829 1613 elegimus
875 1560 1008 1608 diem,
1061 1574 1155 1601 eum
1203 1565 1241 1601 te
1286 1563 1487 1603 sciremus
1532 1575 1620 1604 esse
1666 1572 1910 1604 vacuum.20

106 1627 266 1675 Quare,
317 1625 351 1664 si
382 1623 456 1664 tibi
488 1628 550 1664 est
581 1624 871 1670 commodum,
920 1621 995 1663 ede
1033 1623 1125 1670 illa,
1177 1638 1283 1678 quae
1316 1637 1535 1678 coeperas,
1590 1630 1632 1666 et
1660 1627 1787 1667 Bruto
1821 1630 1862 1666 et

105 1689 220 1728 mihi.
282 1684 349 1728 21.
382 1688 468 1739 Ego
500 1698 626 1734 vero,
660 1686 851 1740 inquam,
885 1685 919 1726 si
951 1690 1154 1738 potuero,
1187 1686 1333 1727 faciam
1365 1687 1482 1729 vobis
1513 1687 1626 1729 satis.
1687 1689 1859 1736 Poteris,

105 1749 256 1806 inquit:
288 1749 430 1791 relaxa
461 1747 585 1789 modo
617 1748 798 1803 paullum
828 1747 1010 1788 animum
1042 1753 1112 1788 aut
1142 1762 1265 1798 sane,
1300 1749 1334 1790 si
1363 1756 1502 1804 potes,
1534 1752 1680 1791 libera.

216 1815 372 1865 Nempe
401 1811 528 1865 igitur
557 1812 651 1851 hinc
682 1816 790 1857 tum,
835 1810 1061 1864 Pomponi,
1105 1810 1250 1853 ductus
1281 1818 1342 1853 est
1372 1825 1530 1861 sermo,
1578 1816 1689 1869 quod
1721 1819 1807 1855 erat
1836 1829 1860 1855 a

103 1888 169 1915 me
199 1875 352 1915 mentio
383 1875 487 1914 sacta
517 1887 680 1914 causam
711 1873 917 1920 Deiotari,
964 1874 1191 1915 fidelissimi
1231 1881 1352 1931 atque
1391 1876 1533 1931 optimi
1565 1879 1694 1930 regis,
1739 1891 1858 1918 orna·
1872 1889 1908 1916 2⁵

102 1936 258 1977 tissime
288 1943 328 1977 et
357 1935 644 1989 copiosissime
675 1950 699 1977 a
728 1938 855 1976 Bruto
889 1950 954 1977 me
986 1936 1149 1978 audisse
1181 1936 1404 1979 defensam.
1463 1940 1532 1980 VI.
1568 1940 1682 1986 Seio,
1714 1940 1857 1995 inquit,

102 1997 154 2040 ab
184 1998 263 2040 isto
294 1998 411 2040 initio
442 2004 616 2039 tractum
650 2012 740 2039 esse
771 2012 1006 2040 sermonem
1043 2005 1164 2056 teque
1194 2000 1311 2043 Bruti
1342 2001 1547 2043 dolentem
1577 2003 1709 2043 vicem
1741 2004 1860 2057 quasi

103 2059 321 2102 deflevisse
351 2061 600 2103 iudiciorum
630 2061 862 2103 vastitatem
894 2068 935 2102 et
963 2062 1056 2104 sori.
1115 2065 1232 2111 Feci,
1264 2066 1453 2119 inquam,
1484 2064 1589 2106 istuc
1621 2063 1786 2121 quidem
1819 2071 1860 2106 et

103 2137 225 2179 saepe
261 2123 382 2166 facio.
444 2126 512 2165 22.
561 2126 661 2165 Nam
704 2125 826 2172 mihi,
874 2127 1024 2174 Brute,
1072 2124 1114 2167 in
1144 2132 1184 2167 te
1214 2126 1392 2168 intuenti
1423 2129 1570 2168 erebro
1602 2127 1646 2168 in
1676 2133 1857 2168 mentem

102 2188 215 2228 venit
244 2186 402 2235 vereri,
437 2188 695 2242 ecquodnam
728 2187 978 2229 curriculum
1009 2188 1230 2244 aliquando
1263 2189 1316 2231 sit
1346 2189 1535 2231 habitura
1565 2195 1632 2231 tua
1654 2195 1694 2231 et
1714 2197 1859 2231 natura
1873 2200 1909 2227 ³0

103 2249 355 2289 admirabilis
395 2254 436 2290 et
475 2250 680 2303 exquisita
719 2251 906 2291 doctrina
946 2255 986 2292 et
1024 2251 1242 2306 singularis
1271 2251 1485 2294 industria.
1544 2254 1645 2295 Cum
1676 2253 1785 2294 enim
1817 2255 1859 2294 in

103 2311 293 2352 maximis
324 2311 455 2352 causis
485 2316 671 2352 versatus
704 2325 815 2353 esses
847 2319 888 2353 et
916 2325 1009 2354 cum
1039 2314 1115 2355 tibi
1144 2320 1254 2356 aetas
1295 2320 1435 2356 nostra
1474 2316 1555 2357 iam
1595 2316 1763 2356 cederet
1799 2314 1858 2356 sa-

103 2386 275 2429 scesque
297 2373 589 2422 summitteret,
621 2374 756 2415 subito
780 2374 820 2415 in
847 2375 1010 2417 civitate
1043 2391 1136 2418 eum
1167 2377 1244 2419 alia
1270 2379 1529 2426 ceciderunt,
1561 2382 1646 2419 tum
1667 2378 1786 2419 etiam
1810 2392 1859 2418 ea

101 2436 211 2489 ipsa,
259 2437 310 2476 de
340 2449 419 2491 qua
451 2435 659 2491 disputare
696 2436 906 2486 ordimur,
955 2440 1194 2495 eloquentia
1233 2442 1452 2482 obmutuit.
1511 2443 1578 2482 23.
1627 2444 1728 2482 Tum
1760 2440 1853 2488 ille,

103 2500 342 2541 Ceterarum
375 2513 513 2540 rerum
540 2512 683 2546 causa,
715 2499 867 2555 inquit,
898 2500 1002 2542 istuc
1023 2508 1064 2543 et
1085 2501 1207 2543 doleo
1230 2507 1270 2543 et
1291 2502 1515 2544 dolendum
1536 2508 1661 2556 put03
1695 2504 1906 2544 dicendi³⁵

102 2566 237 2602 autem
270 2574 335 2602 me
366 2574 447 2602 non
480 2568 559 2602 tam
598 2560 755 2603 fructus
795 2569 834 2603 et
873 2562 1004 2617 gloria
1053 2578 1176 2619 quam
1216 2566 1396 2606 studium
1433 2567 1568 2620 ipsum
1600 2566 1857 2606 exercitatio-

103 2636 184 2678 que
215 2623 411 2665 delectat:
462 2625 573 2679 quod
604 2624 706 2665 mihi
737 2624 847 2666 nulla
878 2639 945 2666 res
976 2626 1142 2682 eripiet,
1193 2633 1231 2670 te
1272 2629 1514 2681 praesertim
1547 2633 1625 2668 tam
1656 2627 1854 2668 studioso.

102 2686 263 2728 Etenim
294 2685 434 2728 dicere
466 2688 571 2728 bene
602 2700 726 2728 nemo
757 2692 915 2743 potest,
962 2689 1039 2730 nisi
1079 2690 1149 2744 qui
1187 2690 1415 2744 prudenter
1456 2691 1660 2744 intelligit.
1718 2692 1855 2740 Quare

197 2839 228 2870 1.
255 2839 471 2872 incommodo
497 2840 572 2873 libri
600 2841 695 2878 noti,
736 2841 765 2872 R
791 2845 824 2873 et
852 2840 941 2872 Edd.
970 2845 1049 2874 ante
1075 2841 1126 2874 L:
1169 2851 1203 2874 se
1235 2844 1450 2875 incommodo
1484 2851 1560 2874 cum
1594 2842 1714 2874 Lainb.
1744 2842 1785 2874 E.
1814 2860 1852 2866 —

103 2885 138 2917 ᾰ.
166 2885 279 2917 ausim
304 2885 332 2916 D
350 2908 359 2923 ,
395 2886 482 2919 Ven.
511 2889 543 2918 1.
572 2887 639 2918 Gu.
669 2889 728 2919 1.:
769 2896 875 2919 ausus
902 2889 966 2918 sim
994 2896 1071 2920 cum
1098 2890 1240 2929 reliquis
1267 2890 1305 2921 E.
1337 2907 1373 2912 —
1400 2890 1436 2921 7.
1464 2891 1607 2921 iamiam
1633 2890 1682 2926 R,
1719 2889 1853 2930 Meyer,

105 2932 263 2969 Ellendt,
291 2934 411 2972 exigua
437 2942 519 2966 sane
545 2936 764 2966 auctoritate.
796 2951 830 2957 -
875 2935 930 2965 13.
958 2938 1109 2967 veterum
1134 2945 1250 2968 rerum
1278 2936 1437 2968 Ellendt:
1472 2941 1625 2966 veterum
1650 2944 1767 2966 rerum
1792 2945 1854 2967 na-

105 2979 271 3011 turalium
295 2978 346 3014 l),
376 2979 434 3018 Lg.
464 2989 605 3019 omnes,
636 2980 704 3012 Gu.
733 2982 764 3011 1.
792 2980 824 3011 2.
854 2981 977 3012 Dresd.
1006 2982 1054 3017 R.
1083 2990 1200 3014 rerum
1225 2987 1428 3014 nostrarum
1455 2991 1471 3014 e
1498 2981 1630 3017 Codd..
1660 2986 1698 3013 ut
1723 2985 1783 3021 alt,
1815 2983 1852 3020 L,

103 3031 255 3057 veterum
289 3026 472 3056 annalium
507 3027 646 3059 Victore
685 3027 811 3059 Pisano
852 3032 994 3058 auctore
1031 3029 1070 3060 E.
1107 3045 1147 3051 -
1189 3030 1244 3061 16.
1280 3038 1389 3067 «nuper
1418 3029 1501 3059 mihi
1526 3028 1574 3066 l),
1614 3028 1674 3068 Lg.
1708 3029 1764 3060 26.
1797 3029 1854 3060 51.

105 3072 173 3105 Gu.
209 3074 240 3103 1.
276 3071 325 3110 R,
362 3071 478 3104 Peter.
516 3089 557 3095 —
600 3073 658 3105 17.
694 3074 900 3106 inchoavisti
938 3074 1048 3106 Codd.
1086 3083 1230 3107 omnes:
1275 3076 1444 3106 inchoasti
1483 3075 1522 3105 E.
1558 3089 1601 3096 —
1645 3074 1700 3106 22.
1734 3079 1857 3115 potero

104 3119 248 3151 Ascens.
268 3117 307 3148 L.
340 3133 376 3140 -
414 3118 470 3150 30.
506 3123 536 3151 et
570 3120 744 3160 quodnam
783 3121 858 3152 libri
893 3121 1049 3160 plerique
1089 3121 1146 3162 (1).
1177 3123 1235 3162 Lg.
1265 3120 1421 3160 omnes),
1457 3120 1632 3160 quodnam
1659 3120 1724 3152 Gu.
1756 3123 1789 3153 1.
1821 3122 1855 3153 2.

104 3165 230 3198 Dresd.
258 3165 372 3196 Peter.
423 3164 531 3197 Recta
558 3169 727 3204 scriptura
755 3174 807 3200 est
831 3170 864 3199 in
892 3166 1011 3198 Ottob.
1040 3184 1082 3189 -
1107 3168 1164 3200 35.
1198 3166 1316 3207 causa]
1346 3168 1453 3198 «liele
1480 3176 1585 3198 causa
1611 3176 1689 3199 eum
1715 3169 1857 3200 Ritters-

105 3212 205 3243 husto
243 3211 336 3250 apud
376 3211 582 3251 Scioppium
609 3212 771 3245 Verisim.
807 3214 847 3251 1,
882 3214 937 3244 19.
976 3218 1008 3246 et
1041 3214 1102 3246 cl'r.
1140 3215 1195 3245 Fr.
1224 3215 1407 3245 {lotomani
1436 3213 1536 3245 Obss.
1563 3213 1598 3252 4,
1624 3215 1682 3245 2.»
1725 3216 1854 3246 Buten.

104 3259 144 3290 In
170 3258 291 3291 eadem
319 3259 483 3297 opinione
511 3257 580 3288 suit
607 3257 772 3291 Graevius
798 3261 840 3292 ad
868 3260 1032 3292 Catonem
1059 3258 1096 3300 §.
1123 3261 1158 3292 4.
1194 3261 1339 3293 Servant
1365 3260 1441 3291 libri
1469 3270 1612 3298 omnes,
1656 3265 1690 3293 et
1726 3262 1784 3293 ct'r.
1814 3261 1855 3292 ad

104 3306 200 3337 Fam.
230 3305 264 3337 6.
291 3304 348 3336 17.
377 3305 433 3336 15.
463 3303 518 3336 ilo.
546 3320 588 3326 —
623 3304 680 3336 38.
711 3310 741 3336 et
767 3308 856 3337 enim
883 3306 994 3339 dicere
1019 3307 1096 3339 libri
1124 3311 1158 3340 et
1182 3308 1224 3339 R.
1254 3307 1484 3340 Emendatum
1510 3309 1545 3341 ln
1572 3306 1652 3340 Asc.
1681 3325 1721 3331 —
1759 3307 1857 3338 intel-

105 3352 186 3393 leqit
211 3352 272 3394 Lg.
300 3350 334 3384 8.
361 3353 418 3384 51.
447 3350 574 3384 Venet.
604 3353 640 3382 et
663 3354 711 3384 sic
737 3352 866 3394 ubique
893 3353 933 3385 T.
