2117 3762
253 196 335 238 &82
781 186 1083 231 ORATORIAE
1115 188 1463 231 PARTITIONES

250 297 470 344 virtutibus
500 298 630 345 vitiis,
676 294 829 337 artibus
860 292 1041 342 inertiis,
1088 298 1158 334 aut
1188 293 1536 349 quemadmodum
1573 295 1792 342 commoti,
1839 293 2000 350 cupidi-

251 370 335 406 tate
366 368 498 412 metu,
530 361 739 412 voluptate
769 356 970 398 molestia.
1032 356 1166 410 Atque
1195 357 1299 398 haec
1322 358 1489 413 quidem
1510 357 1550 398 in
1572 361 1717 397 natura
1738 361 1995 411 spectantur;

249 427 293 469 in
322 427 486 467 fortuna
522 435 669 477 genus,
710 419 938 468 amicitiae,
986 417 1129 465 liberi,
1160 419 1409 475 propinqui,
1442 418 1610 469 affines,
1647 432 1770 474 opes,
1800 420 1997 469 honores,

249 494 494 545 potestates,
527 483 709 529 divitiae,
744 483 914 522 libertas
935 484 975 521 et
996 494 1068 530 ea,
1101 493 1207 535 quae
1239 488 1333 524 sunt
1362 483 1424 524 his
1457 482 1675 524 contraria.
1734 483 1799 523 36.
1831 482 1878 521 In
1899 480 2001 522 locis

221 557 386 593 ⁵autem
417 555 458 590 et
486 546 556 588 illa
586 543 813 593 naturalia,
846 542 1043 584 maritimi
1074 555 1125 583 an
1155 543 1305 585 remoti
1335 559 1358 586 a
1387 547 1518 595 mari,
1551 544 1662 599 plani
1692 558 1743 586 an
1774 544 1999 593 montuosi,

249 613 361 655 leves
391 625 441 653 an
471 608 630 662 asperi,
675 607 864 647 salubres
905 619 956 646 an
997 604 1262 659 pestilentes,
1313 607 1432 660 opaci
1461 622 1514 649 an
1543 607 1697 661 aprici3
1752 612 1793 648 et
1820 606 1889 648 illa
1917 605 2003 648 for-

249 676 372 722 tuita,
406 672 503 713 culti
535 684 588 710 an
619 668 784 718 inculti,
817 668 1003 709 celebres
1033 681 1084 708 an
1116 668 1292 718 deserti,
1327 668 1582 711 coaedificati
1601 684 1653 711 an
1674 671 1802 719 vasti,
1836 669 2002 711 obscuri

248 751 299 778 an
328 749 464 777 rerum
498 737 707 787 gestarum
738 731 921 784 vestigiis
963 729 1192 780 nobilitati,
1240 731 1471 773 consecrati
1501 746 1553 774 an
1583 731 1760 788 profani.
1821 734 1895 774 XI.
1929 734 1997 774 37.

248 801 292 839 In
332 796 585 852 temporibus
623 799 758 836 autem
798 792 1033 849 praesentia
1073 798 1113 834 et
1150 795 1375 847 praeterita
1411 799 1454 835 et
1483 793 1620 837 futura
1657 800 1908 845 cernuntur3
1958 793 2002 834 in

197 859 308 901 aohis
337 860 436 914 ipsis
474 862 657 906 vetusta,
699 858 900 904 recentia,
948 857 1162 905 instantia,
1202 856 1340 911 paullo
1370 862 1464 912 post
1492 862 1564 898 aut
1593 857 1815 912 aliquando
1845 856 1999 899 futura.

246 925 386 964 Insunt
426 922 548 963 etiam
589 919 632 961 in
663 920 920 974 temporibus
952 918 1047 968 illa,
1098 932 1204 973 quae
1235 919 1433 975 temporis
1465 921 1583 974 quasi
1613 926 1801 962 naturam
1831 923 1999 968 notant,

245 992 289 1026 ut
308 986 467 1034 hiems,
499 996 594 1032 ver,
626 987 779 1031 aestas,
814 986 1080 1031 auctumnus3
1114 986 1184 1022 aut
1203 981 1299 1023 anni
1322 988 1528 1037 tempora,
1560 988 1606 1024 ut
1626 985 1798 1033 mensis,
1829 989 1874 1026 ut
1895 983 2000 1033 dies,

243 1052 289 1088 ut
317 1062 422 1097 nox,
454 1048 582 1095 hora,
615 1050 859 1099 tempestas,
892 1057 996 1099 quac
1018 1049 1112 1085 sunt
1133 1045 1362 1096 naturalia;
1394 1045 1566 1088 fortuita
1587 1051 1750 1096 autem,
1784 1045 2000 1096 sacrificia,

242 1109 336 1152 festi
367 1109 478 1158 dies,
518 1109 703 1162 nuptiae.
765 1109 833 1149 38.
881 1109 968 1148 Iam
998 1106 1106 1149 facta
1136 1113 1176 1149 et
1206 1114 1377 1150 eventus
1408 1115 1477 1150 aut
1507 1108 1668 1151 consilii
1699 1113 1795 1150 sunt
1827 1113 1896 1150 aut
1923 1108 2000 1150 im-

194 1185 228 1211 1⁵
243 1173 507 1228 prudentiae,
558 1185 665 1227 quae
709 1175 770 1212 est
810 1175 880 1211 aut
918 1169 962 1211 in
1001 1183 1098 1211 casu
1135 1176 1206 1212 aut
1244 1173 1287 1213 in
1324 1171 1502 1226 quadam
1542 1171 1669 1213 animi
1715 1172 2000 1227 permotione:

244 1248 362 1284 casu,
400 1249 493 1277 cum
523 1236 645 1275 aliter
675 1235 847 1283 cecidit,
891 1247 937 1274 ac
967 1239 1154 1288 putatum
1185 1234 1257 1286 sit;
1304 1235 1589 1289 permotione,
1623 1248 1715 1276 cum
1745 1239 1817 1276 aut
1846 1235 2003 1275 oblivio

243 1303 313 1340 aut
343 1311 461 1339 error
490 1302 561 1338 aut
588 1302 721 1338 metus
751 1301 822 1338 aut
851 1295 988 1351 aliqua
1018 1296 1258 1352 cupiditatis
1289 1312 1411 1339 causa
1441 1298 1663 1353 permovit.
1722 1299 1797 1339 Est
1818 1297 2004 1345 etiamxin

242 1361 519 1415 imprudentia
554 1359 775 1401 necessitas
816 1357 1024 1413 ponenda.
1091 1361 1246 1402 Rerum
1290 1368 1426 1403 autem
1467 1363 1671 1402 bonarum
1719 1365 1760 1401 et
1799 1361 2003 1401 malarum

242 1423 321 1466 tria
349 1429 444 1465 sunt
481 1436 654 1478 genera;
701 1436 796 1463 nam
838 1426 907 1463 aut
941 1422 984 1462 in
1024 1423 1171 1464 animis
1210 1428 1281 1465 aut
1315 1425 1359 1465 in
1389 1425 1637 1479 corporibus
1667 1428 1737 1465 aut
1766 1428 1882 1465 extra
1911 1435 2003 1464 esse

193 1499 230 1526 20
245 1491 432 1541 possunt.
493 1487 626 1527 Huius
656 1484 783 1539 igitur
811 1485 1015 1526 materiae
1047 1487 1099 1527 ad
1128 1492 1420 1541 argumentum
1449 1486 1661 1528 subiectae
1688 1484 2002 1540 perlustrandae

250 1549 388 1591 animo
418 1554 555 1605 partes
587 1553 707 1590 erunt
737 1561 881 1589 omnes
912 1553 953 1589 et
982 1550 1033 1589 ad
1063 1550 1125 1598 id,
1156 1551 1268 1604 quod
1300 1555 1467 1605 agetur,
1502 1564 1556 1592 ex
1576 1550 1747 1604 singulis
1767 1549 2003 1591 coniectura

245 1611 456 1667 capienda.
516 1613 583 1654 39.
620 1613 693 1652 Est
723 1610 847 1652 etiam
877 1624 1006 1665 genus
1037 1617 1374 1667 argumentorum
1406 1611 1540 1663 aliud,
1582 1611 1694 1668 quod
1725 1626 1777 1654 ex
1806 1613 1902 1654 facti
1932 1625 2005 1654 ve-

243 1673 373 1729 stigiis
407 1673 603 1724 sumitur,
645 1679 691 1715 ut
719 1673 867 1721 telum,
909 1687 1056 1724 cruor,
1098 1676 1278 1725 clamor,
1329 1675 1528 1725 eiulatus,
1576 1676 1788 1724 titubatio,
1836 1688 2005 1731 permu-

242 1737 341 1778 tatio
372 1737 546 1787 coloris,
598 1736 731 1779 oratio
762 1738 1024 1787 inconstans,
1070 1741 1229 1779 tremor
1261 1743 1302 1780 et
1331 1752 1476 1780 eorum
1506 1738 1688 1794 aliquid,
1737 1739 1849 1793 quod
1879 1750 2004 1779 sensu

192 1811 229 1838 2⁵
243 1798 401 1854 percipi
438 1801 587 1856 possit;
637 1799 784 1848 etiam,
832 1798 868 1841 si
910 1806 1204 1855 praeparatum
1241 1800 1418 1856 aliquid,
1465 1800 1500 1842 si
1530 1802 1879 1843 communicatum
1909 1814 2002 1842 cum

243 1863 409 1918 aliqu0,
456 1863 489 1904 si
519 1867 665 1918 postea
692 1862 846 1910 visum,
892 1861 1096 1912 auditum,
1141 1865 1383 1905 indicatum.
1443 1865 1514 1905 40.
1557 1865 1654 1907 Veri
1685 1862 1835 1905 similia
1864 1868 2004 1905 autem

242 1925 394 1979 partim
425 1925 587 1980 singula
615 1930 785 1968 movent
814 1939 889 1967 suo
919 1928 1135 1981 pondere,
1167 1929 1342 1982 partim,
1377 1926 1537 1969 etiamsi
1568 1926 1763 1968 videntur
1795 1940 1885 1967 esse
1917 1927 2005 1967 exi-

243 2001 322 2043 gua
351 2002 428 2042 per
459 2002 522 2036 se,
554 1989 729 2030 multum
759 1993 923 2038 tamen,
956 2001 1050 2030 cum
1081 1994 1173 2030 sunt
1204 1994 1466 2038 coacervata,
1499 1987 1737 2043 proficiunt.
1797 1991 1930 2044 Atque
1960 1990 2004 2030 in

242 2050 305 2092 his
344 2051 433 2094 veri
473 2051 674 2093 similibus
715 2052 855 2093 insunt
892 2065 1191 2106 nonnunquam
1229 2053 1352 2093 etiam
1393 2056 1529 2093 certae
1562 2066 1706 2094 rerum
1737 2056 1778 2093 et
1806 2052 2002 2107 propriae

195 2131 230 2157 ³0
249 2118 386 2156 notae.
456 2114 678 2157 Maximam
719 2119 856 2155 autem
897 2112 995 2154 facit
1038 2114 1163 2155 fidem
1208 2116 1259 2155 ad
1303 2115 1614 2156 similitudinem
1659 2115 1766 2163 veri,
1821 2115 2003 2168 primum

246 2176 501 2231 exemplum,
533 2177 682 2218 deinde
711 2176 946 2219 introducta
975 2177 1036 2218 rei
1067 2178 1315 2228 similitudo;
1345 2177 1486 2220 fabula
1516 2178 1641 2220 etiam
1670 2191 2000 2233 nonnunquam,

245 2237 322 2280 etsi
350 2244 411 2279 est
440 2239 720 2289 incredibilis,
753 2244 893 2280 tamen
923 2237 1111 2280 homines
1143 2246 1393 2282 commovet.

354 2303 444 2342 XII.
477 2302 544 2343 41.
579 2303 623 2344 C.
647 2303 693 2342 F.
727 2300 861 2351 Quid,
895 2300 1147 2342 definitionis
1179 2316 1284 2356 quae
1313 2305 1418 2344 ratio
1450 2308 1512 2346 est
1542 2308 1582 2345 et
1612 2316 1720 2358 quae
1749 2302 1846 2346 via?
1884 2303 1930 2345 C.
1953 2304 1998 2345 P.

244 2365 335 2404 Non
365 2362 534 2405 dubium
565 2370 627 2406 est
655 2365 698 2405 id
729 2366 922 2420 quidem,
954 2365 1052 2420 quin
1083 2363 1267 2407 definitio
1298 2379 1448 2420 genere
1480 2366 1712 2408 declaretur
1741 2370 1782 2408 et
1811 2366 2002 2422 proprie-

198 2444 232 2471 :³⁵
247 2430 327 2466 tate
368 2426 542 2481 quadam
582 2432 652 2469 aut
692 2427 818 2469 etiam
853 2428 1132 2470 communium
1172 2428 1431 2484 frequentia,
1480 2443 1533 2471 ex
1564 2430 1737 2485 quibus,
1785 2427 2004 2484 proprium

248 2487 346 2543 quid
386 2490 458 2539 sit,
504 2490 677 2532 eluceat.
739 2492 821 2532 Sed
863 2490 1058 2546 quoniam
1098 2492 1148 2532 de
1187 2491 1368 2546 propriis
1406 2493 1539 2534 oritur
1577 2494 1823 2548 plerumque
1855 2505 2004 2546 magna

249 2551 471 2601 dissensio,
505 2552 785 2595 definiendum
816 2559 884 2597 est,
907 2568 1031 2608 saepe
1062 2569 1116 2596 ex
1146 2555 1384 2604 contrariis,
1429 2568 1553 2610 saepe
1585 2558 1708 2597 etiam
1739 2569 1792 2596 ex
1824 2555 2004 2596 dissimi-

248 2612 375 2662 libus,
406 2628 530 2669 saepe
561 2630 614 2657 ex
644 2617 827 2671 paribus.
888 2616 1172 2668 Quamobrem
1200 2619 1501 2671 descriptiones
1532 2631 1698 2674 quoque
1729 2622 1822 2660 sunt
1852 2618 1894 2658 iu
1923 2616 2003 2659 hoc

251 2689 400 2728 genere
431 2691 554 2732 saepe
584 2685 701 2733 aptae
726 2685 767 2721 et
788 2681 1045 2722 enumeratio
1066 2680 1428 2736 consequentium,
1459 2682 1743 2737 imprimisque
1766 2683 2004 2723 commovet

201 2753 237 2781 100
252 2738 466 2793 explicatio
497 2742 690 2783 vocabuli
720 2755 767 2782 ac
796 2743 990 2784 nominis.

360 2804 428 2844 42.
477 2805 520 2846 C.
556 2805 599 2845 F.
644 2805 747 2845 Sunt
784 2806 971 2860 exposita
1008 2804 1092 2849 iam
1129 2805 1219 2849 fere
1249 2820 1320 2855 ea,
1366 2819 1471 2862 quae
1501 2804 1552 2848 de
1582 2804 1691 2848 facto
1725 2819 1916 2862 quaeque
1950 2805 2002 2847 de

344 2953 378 2985 1.
403 2950 552 2994 inertiis]
579 2955 711 2987 meritis
736 2955 819 2995 BV,
845 2957 1013 2990 mercibus
1038 2959 1081 2991 R.
1119 2977 1154 2983 —
1195 2961 1229 2993 2.
1256 2964 1461 3000 spectantur
1487 2967 1556 2992 om.
1582 2958 1647 2993 Ed.
1676 2959 1764 2992 Ven.
1794 2958 1894 2999 prob.
1916 2958 1999 2992 Ern.

255 3014 300 3019 -—-
323 2999 356 3030 4.
384 3005 415 3032 et
439 3001 506 3032 ista
531 3001 573 3034 R.
599 3016 643 3023 ·-
669 3002 721 3033 his
745 3003 824 3035 RV:
853 3005 895 3035 iis
921 3005 959 3036 E.
985 3022 1028 3027 —
1054 3006 1088 3038 9.
1115 3011 1146 3040 et
1172 3011 1250 3040 ante
1272 3008 1468 3047 praeterita
1494 3015 1561 3038 om.
1582 3006 1622 3039 V.
1653 3022 1692 3030 —
1719 3010 1751 3039 et
1775 3011 1854 3040 ante
1878 3008 2002 3049 sutura

257 3054 325 3076 om.
353 3046 402 3084 R,
429 3047 521 3080 unde
540 3049 714 3088 prodiret:
739 3052 961 3092 praesentia,
985 3056 1200 3094 praeterita,
1227 3053 1362 3093 futura.
1393 3070 1430 3076 —
1458 3054 1514 3085 10.
1542 3051 1608 3093 his]
1631 3054 1675 3085 iis
1693 3053 1736 3085 R.
1765 3070 1809 3075 —
1835 3055 1891 3087 11.
1911 3061 2002 3095 quae

256 3095 444 3130 temporum
469 3094 511 3124 R.
539 3111 580 3116 --
623 3095 680 3127 16.
708 3098 836 3129 accidit
862 3098 932 3130 Yv.
971 3117 1012 3122 —
1054 3098 1109 3140 ac]
1138 3110 1242 3141 quam
1268 3100 1308 3131 Y.
1336 3117 1378 3123 —-
1418 3101 1474 3133 19.
1502 3108 1630 3141 yenera
1652 3105 1733 3133 sunt
1756 3100 1832 3133 RV.
1861 3116 1901 3124 —
1942 3100 1998 3132 23.

257 3138 411 3179 clamor,
454 3140 596 3173 eiulatus
622 3150 710 3174 corr.
739 3143 791 3175 V:
835 3144 965 3176 clamor
991 3148 1134 3179 auditus
1160 3147 1226 3179 Gu.
1254 3147 1307 3185 R,
1350 3147 1482 3179 clamor
1507 3148 1617 3178 editus
1642 3147 1669 3179 E
1696 3151 1751 3186 et,
1789 3151 1826 3180 ut
1849 3147 1999 3185 videtur,

258 3193 311 3225 pr.
339 3185 381 3216 V.
410 3201 449 3208 —
475 3187 530 3218 25.
557 3189 679 3227 etiam,
705 3190 736 3220 si
761 3190 950 3231 victorius,
978 3193 1085 3226 Aldus
1111 3194 1252 3233 Nepos:
1281 3195 1417 3226 etiamsi
1442 3195 1482 3227 E.
1508 3210 1549 3216 —
1576 3194 1633 3225 28.
1660 3195 1698 3225 in
1722 3195 1766 3226 iis
1790 3194 1833 3226 R·
1860 3210 1904 3216 -
1940 3193 1999 3225 29·

258 3229 376 3271 etiam]
405 3237 436 3263 0²
460 3232 501 3263 R·
541 3250 583 3256 —
629 3235 683 3267 32·
712 3233 772 3277 est]
799 3238 844 3270 sit
867 3238 928 3271 RV
954 3244 988 3271 et
1012 3241 1101 3273 Edd.
1129 3246 1209 3274 ante
1234 3241 1340 3281 Ern.‚
1381 3244 1442 3281 qui
1468 3242 1615 3276 mutavit
1638 3249 1678 3274 ex
1703 3242 1745 3274 B.
1792 3257 1831 3265 —
1873 3240 1930 3274 39.
1963 3242 2001 3273 in

251 3279 380 3320 primis
405 3287 490 3320 quae
516 3279 557 3312 Y.
