2117 3762
254 246 336 288 266
954 248 1025 289 DE
1066 248 1311 290 ORATORE

254 367 368 394 num
399 354 688 407 recepisse.
745 353 813 393 An
842 353 920 393 rei
951 351 1201 395 militari?
1237 354 1335 404 Qui
1364 368 1625 409 nunquam
1655 359 1829 398 castra
1859 359 2007 399 vide-

254 417 356 458 risl
406 418 477 457 An
507 414 878 469 eloquentiae?
927 415 1069 464 Quae
1099 416 1238 458 nulla
1269 418 1427 458 estin
1457 423 1526 466 te;
1558 422 1607 458 et
1637 417 1896 473 quidquid
1927 426 2005 461 est

254 479 399 521 vocis
443 492 500 520 ac
542 478 774 531 linguae,
826 489 979 518 omne
1018 477 1068 518 in
1104 477 1260 519 istum
1298 479 1668 535 turpissimum
1709 482 2007 525 calumniae

254 547 528 596 quaestum
558 538 875 580 contulisti!
920 542 991 581 Tu
1021 538 1190 581 lucem
1220 541 1466 596 aspicere
1498 542 1685 584 audes?
1725 548 1779 584 tu
1808 544 1898 585 hos
1927 544 2008 586 in-

222 603 424 646 stueri‘?
468 607 519 644 tu
547 602 598 642 in
627 599 770 648 foro,
802 607 854 642 tu
881 600 935 642 in
964 600 1116 651 urbe,
1149 607 1204 643 tu
1231 602 1283 642 in
1313 606 1504 646 civium
1535 619 1659 646 esse
1690 611 2007 659 conspectu?

251 671 305 708 tu
348 665 494 707 illam
535 669 810 713 mortuam,
863 669 918 706 tu
961 664 1231 719 imagines
1269 665 1414 720 ipsas
1452 682 1555 710 non
1596 670 2008 724 perhorrescis?

250 729 432 783 quihus
462 739 559 767 non
592 728 741 768 modo
771 726 1044 768 imitandis
1075 729 1166 769 sed
1195 739 1255 768 ne
1285 729 1620 773 collocandis
1660 732 1866 787 quidem
1906 730 2009 774 tibi

249 792 420 832 locum
448 788 609 831 ullum
638 789 932 844 reliquis-ti.
993 792 1096 833 LVI.
1131 792 1224 833 227.
1261 793 1343 833 Sed
1373 792 1475 835 haec
1503 794 1658 848 tragica
1688 800 1811 850 atque
1844 794 2002 840 divina:

248 854 379 894 faceta
408 857 544 893 autem
576 857 617 894 et
645 851 806 894 urbana
834 852 1157 895 innumerabilia
1186 869 1239 898 ex
1267 870 1350 898 una
1380 859 1574 898 contione
1610 857 1868 899 meministis.
1928 861 2011 900 Nec

199 931 236 957 ιο
251 917 358 957 enim
403 915 613 957 contentio
658 916 792 957 maior
835 930 1018 971 unquam
1057 916 1136 959 fuit
1170 934 1246 961 nec
1285 920 1395 973 apud
1437 919 1634 974 populum
1675 919 1843 975 gravior
1873 920 2006 962 oratio

249 991 371 1033 quam
401 979 522 1019 huius
554 984 699 1019 contra
729 977 929 1033 collegam
962 980 1003 1020 in
1035 993 1209 1023 censura
1238 995 1373 1037 nuper
1399 994 1532 1035 neque
1563 983 1708 1037 lepore
1730 988 1770 1023 et
1788 981 2010 1024 festivitate

248 1039 469 1081 conditior.
532 1041 669 1090 Quare
699 1041 799 1091 tibi,
843 1042 1015 1090 Antoni,
1064 1049 1288 1099 utrumque
1328 1044 1533 1085 assentior
1564 1049 1604 1084 et
1633 1044 1808 1086 multum
1838 1044 2010 1086 facetias

247 1102 291 1144 in
332 1104 506 1144 dicendo
548 1103 750 1158 prodesse
793 1118 918 1158 saepe
958 1110 999 1146 et
1040 1120 1108 1147 eas
1139 1112 1227 1148 arte
1257 1108 1373 1148 nullo
1409 1108 1535 1147 modo
1566 1120 1688 1162 posse
1718 1109 1840 1149 tradi.
1902 1107 2009 1150 Illud

249 1163 416 1220 quidem
458 1165 664 1215 admiror,
711 1172 751 1208 te
791 1165 911 1207 nobis
943 1168 986 1209 in
1017 1181 1067 1209 eo
1099 1182 1253 1221 genere
1284 1168 1481 1210 tribuisse
1513 1173 1671 1210 tantum
1703 1175 1744 1211 et
1771 1185 1854 1212 non
1886 1172 2010 1212 huius

197 1241 233 1268 1⁵
247 1228 310 1269 rei
339 1241 507 1283 quoque
534 1228 710 1284 palmam
741 1233 788 1270 ut
817 1234 1049 1271 ceterarum
1082 1232 1228 1272 Crasso
1261 1231 1470 1273 detulisse.
1533 1232 1629 1274 228.
1660 1234 1765 1273 Tum
1785 1233 2005 1282 Antonius,

246 1293 335 1344 Ego
366 1303 466 1332 vero
498 1291 553 1332 ita
581 1290 794 1340 fecissem,
828 1293 985 1348 inquit,
1024 1295 1104 1334 nisi
1133 1293 1343 1335 interdum
1371 1294 1413 1335 in
1443 1295 1525 1335 hoc
1557 1295 1703 1336 Crasso
1733 1294 1916 1349 paullum
1946 1296 2012 1336 in-

246 1354 447 1395 viderem.
506 1355 610 1394 Nam
642 1368 732 1396 esse
763 1356 951 1409 quamvis
981 1355 1161 1398 facetum
1192 1363 1314 1412 atque
1346 1356 1498 1398 salsum
1530 1370 1615 1398 non
1647 1356 1768 1398 nimis
1791 1362 1852 1398 est
1870 1371 1945 1413 per
1966 1374 2010 1400 se

246 1417 383 1470 ipsum
411 1416 705 1467 invidendum3
739 1420 835 1467 sed,
869 1431 961 1459 cum
994 1422 1177 1462 omnium
1209 1421 1262 1461 sit
1291 1419 1607 1461 venustissimus
1638 1425 1678 1461 et
1697 1417 2010 1469 urbanissimus,

248 1479 433 1521 omnium
464 1480 752 1535 gravissimum
783 1487 824 1523 et
852 1482 1160 1524 'severissimum
1191 1489 1231 1524 et
1261 1496 1351 1524 esse
1383 1488 1423 1524 et
1454 1481 1608 1529 videri,
1656 1484 1768 1539 quod
1804 1484 1872 1525 isti
1913 1497 2012 1526 con-

197 1556 234 1583 20
249 1543 340 1597 tigit
367 1542 463 1592 uni,
495 1543 537 1585 id
568 1544 669 1586 mihi
697 1545 768 1587 vix
797 1544 1016 1587 serendum
1047 1546 1284 1588 videbatur.
1345 1547 1439 1589 229.
1470 1545 1548 1586 Hic
1579 1559 1673 1587 cum
1700 1545 1906 1588 arrisisset
1923 1547 2013 1601 ipse

250 1607 440 1654 Crassus,
489 1608 704 1656 Attamen,
751 1608 886 1663 inquit
913 1608 1144 1658 Antonius,
1190 1622 1283 1650 cum
1313 1614 1443 1649 artem
1475 1621 1564 1649 esse
1595 1607 1859 1656 facetiarum,
1904 1608 2009 1658 Iuli,

247 1668 375 1710 ullam
405 1683 599 1724 negares,
643 1672 841 1726 aperuisti
872 1672 1088 1726 quiddam,
1136 1671 1248 1726 quod
1277 1664 1616 1727 praecipiendum
1645 1671 1872 1714 videretur.
1930 1674 2014 1713 Ha-

247 1731 339 1773 beri
369 1732 479 1774 enim
510 1733 649 1775 dixisti
678 1735 882 1775 rationem
913 1740 1109 1787 oportere
1139 1733 1379 1781 hominum,
1427 1734 1512 1782 rei,
1560 1733 1787 1787 temporis,
1833 1747 1885 1775 ne
1915 1734 2015 1790 quid

247 1795 362 1836 iocus
394 1797 444 1837 de
475 1799 674 1850 gravitate
706 1799 971 1850 decerperet3
1005 1799 1118 1852 quod
1149 1798 1316 1853 quidem
1347 1796 1550 1852 imprimis
1575 1811 1599 1837 a
1622 1797 1767 1838 Crasso
1797 1795 2013 1839 observari

197 1870 233 1896 25
248 1859 368 1899 solet.
430 1859 512 1901 Sed
542 1859 621 1901 boc
650 1865 918 1915 praeceptum
948 1860 1408 1915 praetermittendarum
1445 1865 1507 1901 est
1536 1859 1803 1908 facetiarum,
1836 1873 1928 1900 cum
1962 1859 2014 1901 iis

247 1920 351 1962 nihil
382 1935 485 1977 opus
516 1922 579 1963 sit.
638 1925 722 1963 Nos
753 1927 892 1963 autem
923 1924 1135 1977 quomodo
1166 1929 1351 1972 utamur,
1386 1938 1480 1964 cum
1512 1936 1617 1976 opus
1648 1923 1718 1970 sit,
1752 1922 2010 1977 quaerimus,

247 1989 294 2025 ut
322 1985 365 2024 in
395 1983 678 2027 adversarium
709 1990 750 2026 et
778 1985 976 2033 maxime,
1011 1985 1045 2026 si
1076 1987 1164 2026 eius
1196 1986 1365 2027 stultitia
1389 1987 1543 2041 poterit
1573 1985 1746 2039 agitari,
1792 1986 1835 2025 in
1866 1990 2014 2026 testem

248 2045 442 2095 stultum,
475 2047 694 2102 cupidum,
726 2049 889 2096 levem,
935 2049 969 2087 si
999 2046 1121 2088 facile
1151 2049 1341 2089 homines
1373 2049 1553 2089 audituri
1583 2049 1850 2089 videbuntur.
1912 2050 2009 2089 230.

249 2108 428 2149 Omnino
459 2109 742 2164 probabiliora
773 2115 888 2158 sunt,
937 2124 1042 2163 quae
1073 2109 1251 2151 lacessiti
1287 2112 1487 2158 dicimus,
1537 2123 1660 2165 quam
1693 2123 1799 2163 quae
1830 2110 2009 2165 priores.

198 2184 234 2210 :30
249 2173 350 2212 Nam
382 2177 423 2212 et
451 2172 607 2227 ingenii
638 2173 827 2214 celeritas
868 2172 1004 2213 maior
1047 2178 1130 2222 est,
1180 2186 1285 2228 quae
1325 2179 1495 2228 apparet
1532 2172 1575 2213 in
1614 2171 1928 2227 respondendo,
1974 2177 2015 2213 et

247 2233 513 2276 humanitatis
545 2242 607 2276 est
635 2236 869 2289 responsio.
930 2236 1130 2276 Videmus
1160 2237 1270 2276 enim
1302 2235 1483 2290 quieturi
1512 2234 1665 2285 fuisse,
1714 2235 1793 2276 nisi
1825 2247 2010 2276 essemus

246 2295 450 2346 lacessiti,
502 2304 545 2339 ut
584 2300 627 2339 in
662 2301 740 2340 ista
776 2300 865 2353 ipsa
907 2300 1100 2340 contione
1131 2299 1233 2340 nihil
1263 2298 1351 2339 fere
1382 2298 1536 2339 dictum
1569 2303 1630 2339 est
1660 2296 1711 2339 ab
1742 2300 1846 2346 hoc,
1896 2296 2011 2352 quod

249 2358 418 2414 quidem
461 2359 636 2403 facetius
678 2361 832 2402 dictum
877 2361 1111 2410 videretur,
1159 2364 1270 2416 quod
1310 2374 1394 2402 non
1434 2366 1684 2414 provocatus
1726 2359 2010 2414 responderit.

247 2423 349 2463 Erat
378 2426 516 2464 autem
546 2429 657 2465 tanta
686 2425 729 2465 in
758 2424 940 2465 Domitio
974 2425 1174 2478 gravitas,
1217 2430 1329 2465 tanta
1359 2425 1608 2472 auctoritas,
1648 2428 1716 2472 ut,
1762 2422 1874 2478 quod
1905 2428 2013 2464 esset

198 2496 234 2525 3⁵
250 2483 301 2527 ab
333 2498 384 2527 eo
415 2487 649 2544 obiectum,
683 2486 825 2542 lepore
854 2486 984 2541 magis
1014 2488 1260 2529 elevandum
1292 2501 1416 2543 quam
1446 2489 1711 2529 contentione
1738 2484 2013 2540 frangendum

343 2691 377 2721 1.
404 2689 581 2730 reliquisse
607 2690 711 2721 ABR.
740 2706 778 2712 -
805 2690 972 2721 militaris
997 2689 1056 2721 AB
1074 2713 1082 2728 ,
1110 2689 1300 2730 familiaris
1324 2689 1365 2720 R.
1394 2704 1435 2710 —
1468 2689 1502 2720 3.
1531 2686 1586 2729 ασ]
1615 2692 1646 2720 et
1669 2688 1711 2720 R.
1741 2701 1784 2710 -
1811 2696 1944 2719 omnem
1969 2687 2010 2719 B.

256 2754 293 2760 -
322 2737 356 2768 5.
383 2741 422 2768 tu
447 2737 484 2768 in
508 2737 586 2778 soro
604 2760 612 2774 ‚
642 2741 679 2767 tu
703 2737 741 2767 in
765 2737 849 2768 urbe
874 2746 943 2767 om.
971 2736 1030 2768 AB
1048 2761 1055 2774 ‚
1084 2741 1123 2768 tu
1147 2753 1161 2758 -
1183 2752 1197 2757 -
1222 2737 1428 2775 conspectu?
1470 2739 1508 2767 tu
1532 2737 1569 2767 in
1592 2734 1695 2775 foro:
1736 2740 1774 2767 tu
1797 2735 1836 2766 in
1860 2735 1943 2766 urbe
1967 2735 2010 2766 R.

255 2801 290 2806 —
323 2783 358 2816 7.
387 2792 429 2815 ne
453 2785 492 2814 in
516 2783 726 2815 collocandis
751 2783 804 2820 R,
844 2792 886 2814 ne
912 2785 1161 2825 contum-qenais
1186 2783 1258 2815 AB.
1294 2800 1336 2804 —
1378 2782 1515 2823 quidem
1540 2791 1610 2814 om.
1637 2782 1710 2813 AB.
1754 2798 1792 2804 —
1832 2781 1866 2813 8.
1901 2781 2013 2812 locum

251 2831 362 2861 ullum
387 2831 446 2862 AB
474 2830 626 2870 aliique:
652 2830 761 2860 ullum
788 2830 900 2860 locum
926 2831 1000 2861 RE.
1030 2847 1069 2853 —
1109 2829 1143 2862 9.
1171 2833 1233 2861 aut
1257 2839 1298 2861 ea:
1321 2839 1394 2860 una
1420 2830 1448 2859 Α
1465 2852 1473 2865 ,
1505 2838 1578 2860 una
1604 2838 1672 2860 om.
1700 2829 1742 2859 R.
1771 2845 1813 2851 —
1853 2829 2012 2859 contione

255 2878 364 2909 Codd.
393 2877 437 2909 al.
456 2900 465 2914 ‚
492 2877 547 2908 R:
576 2878 795 2908 contentione
820 2875 891 2915 (AB
905 2876 934 2914 ⁶3)
961 2878 999 2908 E.
1023 2895 1059 2901 —
1089 2878 1145 2909 10.
1175 2878 1346 2908 contentio
1372 2876 1510 2912 maior,
1540 2880 1579 2907 ut
1598 2878 1795 2908 coniecerat
1812 2875 2008 2912 Schutzlus,

253 2924 335 2965 Lag.
365 2924 397 2955 6.
427 2925 482 2955 15.
511 2924 597 2956 81.:
625 2925 740 2955 contio
764 2924 880 2954 maior
905 2924 946 2963 (B
963 2922 993 2963 ⁶2)
1019 2924 1070 2960 Ε,
1108 2924 1224 2956 maior
1249 2924 1363 2955 contio
1389 2922 1463 2953 AR.
1492 2939 1533 2944 —-
1572 2922 1627 2954 13.
1654 2922 1753 2953 nulla
1775 2931 1873 2961 posse
1898 2923 1941 2954 R.
1969 2935 2009 2944 -

253 2972 297 3002 Ec
322 2971 408 3002 illud
434 2971 478 3001 R.
497 2986 541 2992 -
566 2971 622 3002 15.
649 2975 688 3002 ut
713 2973 905 3001 ceterarum
931 2979 998 3001 om.
1027 2971 1110 3009 AB,
1138 2971 1278 3002 seclusit
1304 2969 1455 3000 Ellendt.
1487 2987 1522 2992 —
1553 2970 1608 3002 17.
1635 2969 1787 3009 quemvis
1812 2969 1854 3001 R.
1885 2986 1923 2992 —
1953 2967 2008 2999 18.

255 3015 344 3056 cum]
374 3017 466 3056 quod
491 3018 550 3048 ΑΒ
568 3041 577 3055 ,
602 3026 669 3058 quo
694 3026 770 3048 eum
796 3018 853 3056 qui
878 3019 1031 3053 omnium
1055 3018 1098 3049 R.
1127 3034 1167 3040 --
1209 3018 1254 3048 sit
1277 3016 1393 3047 ABR:
1430 3016 1477 3048 sis
1504 3016 1542 3047 E.
1574 3033 1611 3039 —
1640 3017 1696 3048 20.
1725 3015 1763 3046 id
1787 3024 1856 3047 om.
1883 3016 1926 3047 Α.
1967 3031 2008 3037 -

255 3063 459 3094 credendum
483 3064 524 3095 R.
562 3081 602 3086 —
643 3065 714 3104 ipse
739 3073 806 3095 om.
836 3063 946 3095 Havn.
975 3067 1008 3095 1.
1037 3065 1071 3096 2.
1100 3068 1134 3096 et
1159 3063 1240 3099 alii,
1281 3062 1414 3099 Aldus,
1456 3062 1660 3097 Schutzius,
1700 3062 1934 3095 Henrlchsen.
1962 3078 2006 3083 —

255 3110 312 3140 21.
341 3111 387 3141 Ac
410 3115 525 3142 tamen
549 3111 591 3142 A.
633 3127 674 3133 —
716 3109 949 3149 facetiarum,
978 3111 1070 3147 Iuli,
1121 3111 1230 3142 ullam
1269 3108 1379 3141 Codd.
1408 3109 1478 3140 aL:
1521 3109 1728 3149 facetiarum
1764 3109 1872 3139 ullam
1906 3108 2007 3140 Voss.

255 3155 355 3188 Leid.
382 3155 442 3188 AR
459 3180 467 3194 ,
497 3167 564 3197 mg.
595 3156 686 3189 Crat·
715 3157 814 3197 prob.
842 3157 971 3195 Baldo,
999 3158 1111 3188 ullam
1136 3156 1340 3196 facetiarum
1367 3156 1413 3195 B,
1453 3157 1682 3198 facetiarum,
1709 3155 1782 3186 Iuli
1805 3155 1844 3187 E.
1871 3171 1914 3176 —
1949 3156 2007 3187 22.

254 3203 393 3234 videtur
418 3211 435 3233 e
463 3202 573 3236 Codd.
612 3205 694 3244 aliq.
723 3204 765 3235 T.
810 3203 866 3244 (Ut
892 3213 978 3242 nos,
1018 3202 1145 3242 ABR.)
1173 3219 1212 3226 —
1255 3203 1391 3234 Habere
1416 3203 1458 3234 R.
1488 3221 1527 3226 —
1570 3203 1627 3234 24.
1656 3203 1749 3234 locus
1773 3200 1843 3233 AB.
1872 3219 1909 3225 —
1950 3202 2007 3234 25.

253 3250 644 3290 praetermittendarum
671 3252 817 3283 Helnzio
844 3255 985 3283 auctore
1011 3251 1063 3282 T:
1098 3250 1447 3291 praetermittendum
1469 3250 1605 3281 ABRE.
1633 3265 1675 3271 —
1716 3244 1806 3286 cum]
1834 3257 1902 3288 quo
1930 3258 2007 3280 cum

255 3298 298 3328 R.
322 3312 359 3319 —
386 3295 430 3326 iis
457 3295 565 3327 Codd.
586 3298 651 3328 ah:
680 3299 732 3329 his
756 3298 888 3329 ABRE.
913 3314 948 3319 —
981 3297 1038 3329 34.
1065 3294 1193 3337 autem]
1220 3297 1310 3328 enim
1339 3297 1381 3328 R.
1408 3311 1443 3317 -
1471 3298 1509 3328 in
1526 3296 1679 3328 Domitio
1704 3293 1865 3334 yravitas
1882 3296 1911 3327 A
1937 3295 2010 3329 alli·

257 3351 345 3384 que:
373 3342 534 3385 gravitas
569 3343 606 3374 in
641 3344 794 3376 Domitio
823 3341 880 3386 (B)
905 3344 982 3377 RE.
1020 3360 1066 3367 —-
1105 3343 1162 3376 35.
1198 3342 1384 3375 levandum
1407 3344 1480 3375 ΑΒ.
1522 3360 1558 3367 -
1601 3342 1758 3375 contione
1781 3340 1824 3372 R.
