2117 3762
265 229 344 270 178
958 226 1028 266 DE
1060 225 1307 267 ORATORE

262 339 386 376 tatem
417 332 568 381 fuisse,
598 337 663 380 ut,
697 345 790 372 cum
821 330 920 370 lauti
951 332 1260 380 accubuissent,
1294 331 1511 373 tolleretur
1542 330 1674 371 omnis
1697 329 1764 371 illa
1785 331 2012 386 superioris

261 396 423 438 tristitia
461 395 662 437 sermonis
703 405 831 448 eaque
862 398 971 432 essct
1000 391 1040 432 in
1072 392 1238 434 homine
1269 393 1499 434 iucunditas
1532 399 1571 434 et
1602 399 1736 433 tantus
1766 392 1806 433 in
1837 393 2010 435 iocando

260 457 401 513 lepos,
453 463 497 499 ut
534 457 620 498 dies
659 456 763 496 inter
800 467 872 495 eos
910 454 1048 494 curiae
1078 453 1206 494 fuisse
1233 455 1463 502 videretur,
1515 454 1749 498 convivium
1781 454 2012 500 Tusculani.

259 522 327 561 ⁶28.
361 522 528 561 Postero
559 524 695 559 autem
727 518 813 563 die,
865 530 957 556 cum
988 514 1047 555 illi
1077 516 1254 557 maiores
1285 526 1378 559 natu
1423 519 1519 560 satis
1565 517 1798 572 quiessent,
1845 518 1886 558 in
1927 531 2014 558 am-

231 581 507 623 sbulationem
538 587 702 622 ventum
733 591 822 619 esse
853 577 1039 619 dicebat:
1074 583 1160 617 tum
1184 578 1448 629 Scaevolam,
1483 581 1642 622 duobus
1666 580 1806 634 spatiis
1827 579 2012 621 tribusve

259 645 396 692 factis,
439 644 612 685 dixisse:
667 642 748 682 Cur
778 656 860 682 non
892 641 1123 687 imitamur,
1157 640 1328 689 Crasse,
1364 644 1572 685 Socratem
1606 643 1743 690 illum,
1778 643 1846 697 qui
1879 649 1939 684 est
1970 641 2013 683 in

258 709 446 748 Phaedro
479 704 684 746 Platonis?
735 705 834 744 Nam
867 717 932 744 me
965 705 1068 743 haec
1101 709 1169 743 tua
1198 703 1387 757 platanus
1420 708 1655 753 admonuit,
1687 719 1792 760 quae
1825 718 1907 746 non
1939 703 2014 745 mi-

258 785 333 811 nus
363 772 412 810 ad
444 768 696 823 opacandum
730 768 837 806 hunc
869 765 1004 806 locum
1035 764 1182 820 patulis
1214 770 1274 806 est
1305 765 1450 807 diffusa
1483 770 1607 809 ramis
1629 782 1750 823 quam
1775 766 1861 815 illa,
1895 766 2012 808 cuius

257 831 442 873 umbram
476 836 638 870 secutus
670 834 731 869 est
762 830 976 875 Socrates,
1029 841 1134 882 quae
1166 827 1266 868 mihi
1297 828 1460 869 videtur
1490 844 1571 872 non
1605 838 1683 871 tam
1718 829 1804 884 ipsa
1836 829 2009 884 aquula,

209 907 244 932 ἰο
258 909 360 948 quae
383 892 655 939 describitur,
681 904 801 945 quam
829 889 1008 930 Platonis
1030 891 1216 930 oratione
1249 889 1452 939 crevisse,
1486 898 1525 932 et
1555 892 1664 947 quod
1694 892 1760 932 ille
1783 891 2012 932 durissimis

256 956 428 1011 pedibus
467 954 584 999 fecit,
632 959 678 994 ut
709 967 751 994 se
782 951 980 993 aliiiceret
1010 953 1051 992 in
1083 951 1211 993 herba
1243 958 1365 1006 atque
1402 953 1457 994 ita
1495 953 1585 1003 illa,
1635 968 1739 1010 quae
1776 953 2012 1010 philosophi

255 1018 449 1059 divinitus
480 1018 617 1058 ferunt
648 1030 737 1057 esse
769 1016 899 1061 dicta,
951 1016 1213 1070 loqueretur,
1266 1015 1303 1055 id
1348 1018 1447 1056 meis
1489 1015 1661 1071 pedibus
1698 1024 1809 1058 certe
1841 1015 2013 1058 concedi

255 1086 315 1122 est
345 1081 531 1134 aequius.
594 1081 661 1119 29.
695 1081 798 1119 Tum
831 1080 1044 1119 Crassum:
1095 1081 1224 1119 lmmo
1262 1092 1360 1119 vero
1392 1078 1648 1120 commodius
1680 1080 1828 1130 etiam3
1881 1079 2014 1135 pulvi-

253 1156 411 1197 nosque
453 1143 692 1197 poposcisse
737 1146 776 1181 et
815 1154 958 1182 omnes
999 1141 1040 1180 in
1083 1140 1132 1182 iis
1170 1141 1360 1190 sedibus,
1415 1155 1521 1197 quae
1560 1147 1677 1182 erant
1715 1142 1791 1184 sub
1820 1142 2009 1198 platano,

204 1217 238 1242 ¹⁵
254 1205 488 1247 consedisse
520 1205 697 1246 dicebat.

364 1270 473 1310 VIII.
536 1267 617 1314 lbi,
664 1272 706 1307 ut
750 1279 801 1307 ex
845 1265 1019 1319 pristino
1065 1280 1256 1308 sermone
1302 1266 1587 1308 relaxarentur
1634 1266 1758 1308 animi
1804 1267 2010 1315 omnium,

253 1330 412 1373 solebat
450 1332 566 1371 Cotta
611 1342 780 1369 narrare
823 1331 1011 1370 Crassum
1057 1343 1291 1371 sermonem
1333 1330 1535 1384 quendam
1583 1329 1633 1371 de
1673 1329 1808 1370 studio
1850 1330 2011 1372 dicendi

252 1394 453 1435 intulisse.
515 1395 582 1433 30.
627 1391 707 1440 Qui
739 1405 830 1432 cum
862 1392 917 1431 ita
951 1398 1057 1432 essct
1088 1406 1285 1433 exorsus:
1339 1395 1429 1433 Non
1471 1392 1549 1433 sibi
1588 1392 1884 1434 cohortandum
1923 1393 2014 1435 Sul-

254 1457 407 1509 picium
440 1461 477 1497 et
511 1458 667 1497 Cottam
699 1456 770 1494 sed
803 1454 930 1508 magis
962 1460 1184 1508 utrumque
1221 1455 1537 1496 collaudandum
1577 1455 1736 1504 videri,
1785 1458 1896 1510 quod
1927 1463 2013 1498 tan-

202 1530 237 1555 20
255 1525 332 1558 tam
367 1518 444 1559 iam
478 1524 614 1558 essent
644 1518 877 1558 facultatem
910 1517 1070 1572 adepti,
1123 1526 1166 1558 ut
1205 1532 1287 1558 non
1326 1518 1567 1573 aequalibus
1610 1518 1693 1559 suis
1734 1518 1867 1560 solum
1900 1526 2014 1559 ante-

253 1588 530 1634 ponerentur,
579 1582 651 1621 sed
683 1593 775 1620 eum
809 1579 1034 1620 maioribus
1067 1588 1163 1621 natu
1196 1589 1561 1633 compararentur;
1612 1594 1747 1635 neque
1779 1594 1878 1621 vero
1910 1579 2012 1621 mihi

253 1643 495 1698 quidquam,
539 1642 691 1698 inquit,
737 1642 1023 1695 praestabilius
1058 1643 1219 1684 videtur
1251 1658 1372 1697 quam
1405 1657 1527 1698 posse
1559 1642 1734 1684 dicendo
1765 1649 1906 1684 tenere
1940 1642 2014 1684 bo-

252 1706 406 1746 minum
444 1713 607 1753 coetus,
654 1713 810 1746 mentes
851 1705 1034 1752 allicere,
1082 1706 1311 1747 voluntates
1343 1707 1579 1761 impellere,
1626 1720 1708 1761 quo
1739 1704 1857 1754 velit,
1904 1705 2012 1747 unde

253 1773 387 1808 autem
429 1768 546 1816 velit,
600 1767 819 1808 deducere.
882 1770 995 1808 Haec
1038 1783 1114 1809 una
1151 1782 1217 1810 res
1248 1770 1289 1809 in
1322 1769 1431 1809 omni
1464 1769 1596 1810 libero
1629 1769 1784 1824 populo
1814 1768 2014 1810 maxime-

203 1842 239 1868 2⁵
255 1845 333 1884 que
376 1830 414 1870 in
456 1830 609 1884 pacatis
649 1830 961 1886 tranquillisque
1004 1831 1238 1872 civitatibus
1278 1833 1500 1886 praecipue
1541 1846 1705 1886 semper
1737 1831 1878 1872 floruit
1907 1845 2015 1872 sem-

252 1906 409 1948 perque
441 1892 650 1933 dominata
681 1900 754 1934 est.
815 1897 879 1934 31.
930 1894 1038 1943 Quid
1080 1894 1187 1935 enin]
1228 1902 1288 1935 est
1323 1902 1391 1935 aut
1422 1900 1502 1934 tam
1534 1894 1777 1935 admirabile
1807 1908 1928 1950 quam
1960 1908 2014 1935 ex

251 1954 407 1996 infinita
449 1954 712 1996 multitudine
755 1955 968 1996 hominum
1007 1956 1207 1997 exsistere
1248 1971 1396 2003 unum,
1450 1956 1518 2010 qui
1559 1956 1622 2004 id,
1671 1956 1782 2010 quod
1821 1956 2012 1997 omnibus

252 2026 394 2058 natura
426 2020 478 2058 sit
508 2018 672 2067 datum,
722 2019 784 2059 vel
815 2019 926 2059 solus
959 2018 1022 2059 vel
1053 2032 1145 2060 cum
1178 2019 1318 2074 paucis
1355 2018 1493 2059 facere
1530 2020 1687 2074 possit?
1738 2025 1807 2060 aut
1837 2025 1917 2059 tam
1950 2019 2013 2059 iu-

250 2083 427 2122 cundum
472 2084 637 2134 cognitu
677 2087 797 2136 atque
839 2081 980 2122 auditu
1021 2096 1143 2135 quam
1183 2081 1433 2136 sapientibus
1475 2081 1688 2122 sententiis
1720 2081 2005 2136 gravibusque

203 2154 237 2180 ³0
253 2143 389 2184 verbis
420 2149 563 2184 ornata
593 2145 724 2185 oratio
759 2150 798 2185 et
827 2144 984 2197 polita?
1017 2151 1086 2184 aut
1111 2152 1191 2185 tam
1223 2150 1370 2199 potens
1403 2151 1565 2199 tamque
1599 2144 1857 2198 magnificum
1889 2157 2012 2198 quam

251 2205 393 2261 populi
435 2213 594 2252 motus,
644 2208 826 2247 iudicum
871 2206 1118 2260 religiones,
1169 2213 1333 2247 senatus
1379 2208 1621 2261 gravitatem
1663 2207 1784 2248 unius
1825 2207 2012 2248 oratione

252 2268 464 2309 converti?
515 2271 579 2309 32.
623 2269 731 2318 Quid
772 2275 854 2309 tam
897 2282 1023 2323 porro
1061 2268 1245 2323 regium,
1296 2277 1375 2310 tam
1415 2269 1610 2319 liberale,
1663 2276 1743 2311 tam
1776 2269 2012 2311 munificum

252 2345 372 2385 quam
406 2344 526 2385 opem
559 2331 667 2372 serre
699 2331 972 2386 supplicibuS‚
1022 2334 1203 2372 excitare
1236 2331 1427 2379 asssictos,
1472 2335 1569 2373 dare
1601 2332 1794 2380 salutem,
1833 2327 2030 2374 liberare'

251 2393 472 2447 periculis,
520 2394 700 2434 retinere
743 2394 930 2435 homines
967 2395 1007 2435 in
1048 2395 1238 2436 civitate?
1291 2395 1400 2445 Quid
1437 2402 1574 2437 autem
1617 2402 1698 2436 tam
1731 2397 2011 2437 necessarium

203 2471 237 2498 35
253 2468 374 2510 quam
407 2461 547 2496 tenere
578 2470 743 2509 semper
774 2471 908 2504 arma,
961 2457 1109 2511 quibus
1149 2458 1214 2500 vel
1256 2464 1385 2499 tectus
1415 2458 1504 2513 ipse
1536 2473 1624 2500 esse
1655 2461 1787 2514 possis
1820 2457 1883 2499 vel
1915 2470 2013 2510 pro-

253 2532 401 2559 vocare
433 2519 645 2571 improbos
676 2519 741 2560 vel
772 2526 810 2560 te
841 2519 983 2560 ulcisci
1013 2520 1253 2563 lacessitus?
1298 2524 1383 2576 Age
1415 2536 1537 2569 vero,
1570 2536 1620 2563 ne
1651 2534 1815 2576 semper
1844 2520 2009 2569 sorum,

257 2579 476 2629 subsellia,
526 2584 672 2622 Rostra
704 2582 944 2636 curiamque
976 2582 1198 2632 meditere,
1248 2584 1346 2638 quid
1378 2599 1467 2626 esse
1498 2590 1633 2640 potest
1662 2585 1704 2624 in
1734 2584 1819 2625 otio
1851 2589 1920 2624 aut
1949 2582 2012 2624 iu-

252 2643 424 2684 cundius
454 2649 521 2683 aut
551 2647 678 2697 magis
710 2647 925 2699 proprium
958 2645 1222 2687 humanitatis
1253 2662 1374 2702 quam
1406 2662 1541 2689 sermo
1569 2647 1723 2689 facetus
1754 2660 1800 2687 ac
1829 2645 1938 2687 nulla
1967 2646 2011 2687 in

251 2719 297 2746 re
328 2706 465 2747 rudis?
497 2708 586 2746 Hoc
618 2707 727 2747 enim
759 2722 841 2749 uno
875 2715 1129 2762 praestamus
1155 2710 1218 2750 vel
1241 2710 1419 2751 maxime
1441 2710 1560 2758 seris,
1594 2711 1706 2765 quod
1729 2710 2007 2763 colloquimur

203 2783 237 2809 40
252 2769 358 2810 inter
387 2782 462 2810 nos
494 2776 534 2811 et
564 2772 676 2825 quod
709 2772 944 2825 exprimere
976 2772 1150 2813 dicendo
1181 2786 1299 2814 sensa
1330 2787 1562 2829 possumus.
1625 2775 1692 2814 33.
1728 2771 2010 2823 Quamobrem

346 2940 379 2970 2.
407 2941 576 2981 loquendo
602 2941 675 2973 BR.
709 2956 752 2964 -
792 2942 826 2974 lt.
862 2943 899 2974 in
924 2943 1196 2975 ambulationem
1220 2949 1355 2976 ventum
1383 2952 1451 2975 esse
1478 2943 1614 2975 dicebat
1641 2943 1750 2975 Codd.
1779 2943 1860 2984 aliq.
1895 2948 1929 2975 et
1954 2942 2010 2974 ΑΙ-

256 2985 339 3016 dus:
368 2990 398 3018 et
425 2990 462 3018 in
488 2988 576 3019 amb.
605 2992 747 3020 ventum
775 2995 882 3027 esset,
923 2991 1053 3021 dicebat
1082 2991 1180 3021 BRE.
1217 3007 1257 3013 —
1295 2991 1329 3022 8.
1357 2989 1485 3031 diffusa
1510 2997 1559 3023 est
1586 2991 1628 3022 R.
1659 3007 1697 3013 -
1738 2991 1772 3022 9.
1801 2990 1903 3021 acula
1929 2998 2008 3021 cum

255 3031 365 3063 Codd.
394 3035 474 3073 aliq.
504 3035 544 3065 T.
579 3050 611 3055 —
658 3036 713 3066 11.
743 3037 846 3067 herba
874 3037 931 3068 BR
954 3047 960 3068 :
986 3038 1126 3069 herbum-
1152 3038 1189 3069 E.
1225 3055 1266 3060 ——
1307 3038 1369 3068 illa
1396 3048 1464 3068 om.
1493 3038 1534 3069 R.
1568 3054 1609 3060 —
1651 3037 1706 3070 14.
1734 3039 1774 3069 in
1797 3039 1867 3068 suis
1892 3037 1944 3073 B,
1971 3037 2010 3067 in

254 3079 304 3108 his
330 3079 371 3109 R.
414 3095 450 3100 —
494 3082 547 3111 15.
577 3082 710 3114 dicebat
739 3084 866 3115 delevit
891 3085 1093 3115 Lambinus.
1141 3100 1177 3105 -
1221 3085 1277 3115 5⁸0.
1317 3085 1430 3115 solum
1456 3094 1524 3115 om.
1556 3086 1639 3117 (lod.
1669 3086 1846 3116 Arntzenii
1881 3083 2008 3120 (nullus

255 3126 346 3162 apud
369 3123 423 3164 T).
445 3142 486 3147 —
514 3128 569 3159 21.
591 3130 673 3160 milii
698 3138 778 3160 vero
799 3131 840 3161 R.
862 3145 902 3153 -
930 3131 986 3162 23.
1009 3137 1123 3162 coetus
1142 3139 1209 3162 om.
1232 3132 1270 3161 B.
1294 3148 1331 3154 —
1361 3131 1502 3170 implere
1527 3133 1569 3163 R.
1594 3149 1631 3156 —·
1661 3132 1717 3163 22.
1737 3132 1888 3163 maxime
1903 3129 1944 3160 B.
1967 3146 2004 3153 —

254 3171 310 3202 30.
339 3177 511 3203 exornata
541 3175 579 3203 B.
609 3191 647 3196 —
688 3178 865 3216 perpolita
890 3178 933 3208 R.
964 3195 1001 3200 —
1045 3179 1193 3218 tamque}
1222 3183 1324 3218 atque
1350 3178 1392 3209 R.
1422 3195 1460 3200 —
1506 3179 1563 3210 31.
1590 3180 1756 3210 iudicium
1790 3177 1817 3208 B
1849 3192 1914 3213 ,—
1948 3176 2006 3207 33(-

254 3220 441 3249 exercitare
467 3219 507 3249 B.
541 3235 573 3240 —-
604 3221 658 3252 36.
686 3223 874 3264 improbos]
902 3227 1054 3265 inteyros
1081 3234 1155 3256 cum
1183 3225 1256 3256 aliis
1285 3224 1393 3256 Codd.
1423 3225 1515 3264 Eri„
1545 3230 1632 3258 teste
1660 3226 1754 3257 Harl.
1785 3223 1887 3259 (Mihi
1915 3231 1954 3255 ex
1982 3223 2007 3254 Β

253 3271 409 3297 notatum
438 3274 504 3295 non
531 3266 632 3305 esu),
659 3269 791 3310 inteyer
816 3272 992 3310 improbos
1016 3273 1200 3306 Mulierus.
1230 3287 1266 3293 -
1310 3281 1430 3305 eorum
1454 3272 1495 3304 B.
1525 3291 1561 3297 —
1601 3273 1659 3305 40.
1687 3277 1719 3305 et
1745 3272 1940 3311 exprimere
1965 3270 2008 3301 R·

256 3327 296 3334 —
322 3313 359 3343 in
385 3311 530 3343 dicendo
555 3312 597 3344 B.
628 3330 666 3337 —
691 3319 863 3355 possimus
887 3319 932 3351 R.
