2117 3762
804 266 901 307 LIB.
935 264 987 305 ΙΙ.
1049 266 1088 306 C.
1121 263 1157 305 ⁷⁴.
1189 264 1226 303 5.
1800 265 1877 305 225

138 376 209 415 sed
241 380 397 421 tamen,
439 386 535 414 vere
563 373 717 418 dicam,
758 372 925 426 quaevis
955 370 1115 412 mallem
1147 371 1289 412 suisset
1324 382 1446 423 quam
1478 369 1571 416 ista,
1605 382 1725 423 quam
1759 370 1874 414 (licis.

136 439 223 491 Ego
273 436 380 477 enim
434 435 507 489 (ut,
558 434 904 490 quemadmodum
948 435 1104 481 sentio,
1155 432 1313 488 loquar)
1358 446 1565 486 nunquam
1606 432 1704 473 milii
1744 435 1878 475 minus

134 512 254 553 quam
285 499 478 540 hesterno
513 497 577 539 die
607 497 760 551 placui:
805 497 933 549 magis
964 495 1067 537 adeo
1100 497 1139 537 id
1175 496 1366 537 facilitate
1402 508 1523 549 quam
1550 495 1627 536 alia
1648 495 1728 536 ulla
1761 496 1879 551 culpa

134 575 224 603 mea
251 561 421 615 contigit
450 593 459 608 ,
489 559 571 616 qui,
599 561 696 600 dum
730 561 936 613 obsequor
965 558 1316 605 adolescentibus,
1349 572 1414 599 me
1443 573 1583 599 senem
1616 572 1704 599 esse
1726 559 1878 599 oblitus

133 638 223 665 sum
255 623 415 679 fecique
446 625 510 671 id,
550 623 659 676 quod
694 634 744 661 ne
776 620 1013 662 adolescens
1045 623 1211 675 quidem
1242 620 1443 667 feceram,
1486 626 1530 662 ut
1562 620 1612 661 iis
1648 620 1697 662 de
1732 623 1909 668 rebus,s

133 701 237 742 quae
269 686 453 727 doctrina
479 684 614 738 aliqua
646 685 975 732 continerentur,
1017 683 1281 737 disputarem.
1344 685 1420 723 Sed
1455 685 1534 725 hoc
1563 689 1698 724 tamen
1733 685 1880 724 cecidit

134 750 232 789 mihi
261 754 592 804 peropportune,
640 746 776 801 quod,
827 748 1038 788 transactis
1079 748 1156 786 iam
1188 747 1290 786 meis
1324 745 1531 798 partibus,
1571 745 1621 787 ad
1656 747 1879 787 Antonium

132 809 381 851 audiendum
418 809 600 851 venistis.
665 812 730 849 16.
783 812 883 851 Tum
922 812 1093 859 Caesar,
1137 807 1359 863 Equidem,
1404 808 1557 862 inquit,
1605 810 1775 857 Crasse,
1824 810 1880 850 ita

132 886 220 913 sum
252 873 424 928 cupidus
454 875 494 913 in
525 870 591 912 illa
629 870 814 925 longiore
846 878 884 913 te
922 887 969 913 ac
1005 877 1203 927 perpetua
1241 869 1516 925 disputatione
1548 870 1765 918 audiendi,
1810 877 1877 919 ut,

132 937 165 976 si
186 935 227 976 id
254 934 355 976 mihi
385 935 519 975 minus
547 936 779 985 contingat,
813 934 877 976 vel
906 938 982 976 hoc
1014 936 1090 976 sim
1118 932 1359 989 quotidiano
1394 939 1463 974 tuo
1485 947 1674 974 sermone
1711 938 1930 976 conten-10

133 1004 211 1038 tus.
272 998 414 1052 Itaque
437 996 628 1052 experiar
649 999 841 1053 equidem
863 996 982 1045 illud,
1014 1002 1059 1038 ut
1079 1010 1130 1037 ne
1153 995 1377 1050 Sulpicius,
1410 995 1620 1037 familiaris
1647 1010 1781 1044 meus,
1812 1001 1882 1038 aut.

133 1062 246 1102 Cotta
276 1059 367 1114 plus
399 1073 520 1115 quam
554 1074 630 1114 ego
669 1062 776 1115 apud
809 1066 848 1101 te
879 1059 1017 1101 valere
1046 1060 1286 1105 videantur,
1318 1064 1358 1099 et
1385 1063 1422 1099 te
1453 1061 1636 1101 exorabo
1669 1059 1877 1113 profecto,

128 1127 174 1163 ut
204 1122 303 1162 mihi
332 1136 499 1177 quoque
536 1128 575 1163 et
610 1122 752 1164 Catulo
787 1128 879 1163 tuae
911 1120 1123 1163 suavitatis
1157 1120 1311 1175 aliquid
1344 1120 1572 1175 impertias.
1634 1122 1704 1162 Sin
1737 1122 1807 1163 tibi
1838 1122 1880 1163 id

128 1185 263 1225 miuus
294 1183 462 1233 libebit,
507 1199 591 1225 non
623 1190 660 1225 te
693 1186 853 1239 urgebo
882 1197 1016 1238 neque
1045 1185 1323 1231 committam,
1356 1189 1423 1231 ut,
1466 1185 1563 1226 dum
1599 1198 1793 1232 vereare,
1836 1190 1881 1226 tu

128 1259 180 1287 ne
213 1245 268 1288 sis
299 1247 486 1300 ineptus,
518 1260 583 1287 me
606 1261 696 1288 esse
724 1246 896 1288 iudices.
959 1249 1022 1288 17.
1054 1249 1157 1287 Tum
1187 1245 1277 1294 ille,
1310 1248 1396 1300 Ego
1430 1249 1691 1295 mehercule,
1724 1248 1928 1302 inquit‚2⁵

130 1311 300 1358 Caesar,
332 1323 385 1350 ex
415 1311 608 1351 omnibus
633 1311 784 1351 Latinis
807 1309 942 1351 verbis
962 1309 1083 1350 huius
1108 1309 1225 1350 verbi
1256 1309 1338 1349 vim
1369 1310 1434 1350 vel
1465 1309 1684 1350 maximam
1716 1323 1880 1363 semper

127 1372 284 1428 putavi.
347 1373 481 1422 Quem
520 1374 628 1413 enim
665 1386 740 1415 nos
777 1371 1010 1426 ineptum
1049 1384 1266 1418 vocamus,
1312 1372 1345 1411 is
1380 1371 1480 1412 mihi
1518 1371 1682 1413 videtur
1711 1374 1761 1413 ab
1799 1374 1879 1413 hoe

127 1448 279 1477 nomen
305 1437 458 1476 habere
491 1435 676 1482 ductum,
709 1437 820 1489 quod
852 1448 965 1476 non
995 1435 1047 1476 sit
1076 1439 1242 1486 aptus,
1281 1434 1405 1487 idque
1436 1433 1479 1475 in
1511 1436 1712 1475 sermonis
1748 1435 1878 1477 nostri

129 1499 427 1540 consuetudine
454 1499 612 1551 perlate
648 1503 773 1553 patet.
835 1499 936 1538 Nam
972 1496 1043 1552 qui
1078 1501 1169 1543 aut,
1210 1501 1374 1551 tempus
1409 1495 1509 1551 quid
1543 1496 1748 1552 postulet,
1795 1512 1879 1538 non

126 1562 240 1602 videt
275 1566 345 1602 aut
378 1560 496 1613 plura
529 1560 713 1614 loquitur
743 1565 813 1600 aut
844 1573 887 1600 se
919 1564 1095 1601 ostentat
1124 1563 1195 1599 aut
1227 1572 1393 1607 eorum,
1428 1557 1672 1614 quibuscum
1700 1566 1781 1607 est,
1813 1562 1878 1601 vel
1894 1575 1929 1600 20

127 1622 334 1677 dignitatis
366 1622 429 1664 vel
457 1622 664 1664 commodi
691 1623 892 1663 rationem
922 1635 1006 1663 non
1036 1623 1160 1662 habet
1185 1626 1255 1661 aut
1283 1622 1459 1676 denique
1486 1620 1526 1661 in
1558 1620 1698 1675 aliquo
1728 1637 1879 1676 genere

128 1692 198 1727 aut
218 1687 488 1727 inconcinnus
517 1690 585 1726 aut
613 1685 763 1726 multus
796 1690 876 1732 est,
908 1684 942 1725 is
971 1684 1133 1738 ineptus
1162 1683 1324 1724 dieitur.
1389 1684 1454 1724 18.
1489 1684 1579 1723 Hoc
1611 1684 1708 1724 vitio
1738 1698 1879 1726 cumu-

128 1751 205 1790 lata
234 1754 296 1790 est
323 1747 601 1789 eruditissima
631 1747 701 1788 illa
730 1750 983 1789 Graecorum
1011 1745 1135 1787 natio.
1194 1747 1337 1800 Itaque
1369 1746 1480 1800 quod
1510 1745 1592 1786 vim
1625 1746 1747 1787 huius
1780 1747 1878 1789 mali

128 1811 275 1853 Graeci
311 1824 393 1852 non
429 1809 590 1857 vident,
638 1823 689 1851 ne
730 1824 882 1851 nomen
914 1808 1080 1864 quidem
1115 1809 1152 1849 ei
1184 1809 1284 1849 vitio
1320 1808 1617 1863 imposuerunt.
1680 1810 1728 1850 Ut
1767 1810 1876 1851 enim

126 1887 304 1928 quaeras
348 1873 507 1919 omnia,
549 1874 758 1927 quomodo
802 1873 944 1914 Graeci
989 1873 1228 1926 ineptum
1273 1870 1496 1925 appellent,
1551 1884 1634 1912 non
1673 1874 1872 1927 reperies.
1891 1887 1925 1912 25

126 1935 320 1978 Omnium
337 1940 472 1976 autem
492 1936 739 1990 ineptiarum
755 1966 767 1984 ,
800 1948 904 1989 quae
925 1940 1019 1975 sunt
1043 1932 1385 1982 innumerabiles,
1420 1933 1527 1974 baud
1554 1935 1662 1981 scio,
1693 1948 1744 1976 an
1766 1936 1876 1978 nulla

125 1999 176 2041 sit
204 1997 355 2046 maior,
401 2010 549 2052 quam,
595 2002 640 2039 ut
667 1996 725 2038 illi
760 1996 913 2045 solent,
952 2010 1201 2051 quocunque
1230 1996 1272 2037 in
1307 1996 1425 2044 loco,
1473 2009 1741 2051 quoscunque
1770 2000 1876 2040 inter

124 2061 316 2104 homines
347 2061 480 2102 visum
507 2064 591 2108 est,
639 2057 690 2100 de
719 2061 845 2100 rebus
876 2064 946 2101 aut
976 2057 1224 2100 difficillimis
1258 2063 1328 2099 aut
1358 2072 1442 2099 non
1476 2059 1719 2101 necessariis
1750 2075 1873 2114 argu-

124 2125 281 2167 tissime
311 2123 541 2179 disputare‚
584 2123 666 2163 hoe
698 2136 773 2164 nos
809 2124 860 2163 ab
890 2120 978 2162 istis
1011 2120 1343 2163 adolescentibus
1372 2120 1511 2162 facere
1540 2122 1655 2163 inviti
1687 2128 1727 2164 et
1757 2137 1875 2165 recu-

125 2192 261 2228 santes
289 2184 383 2228 heri
419 2183 548 2226 coacti
586 2198 741 2229 sumus,
801 2187 849 2227 V.
886 2186 953 2225 19.
1001 2186 1104 2224 Tum
1146 2185 1332 2233 Catulus,
1384 2187 1444 2225 Ne
1486 2184 1632 2226 Graeci
1677 2184 1920 2239 quidem‚30

124 2249 277 2305 inquit,
318 2249 487 2297 Crasse,
528 2247 598 2303 qui
628 2246 668 2287 in
699 2246 932 2289 civitatibus
963 2246 1046 2288 suis
1078 2246 1179 2287 clari
1209 2252 1249 2288 et
1277 2247 1414 2302 magni
1444 2246 1632 2294 fuerunt,
1678 2248 1798 2290 sicuti
1829 2255 1872 2291 tu

126 2326 170 2354 es
199 2325 358 2368 nosque
389 2324 532 2352 omnes
561 2309 605 2350 in
633 2314 776 2351 nostra
803 2322 849 2350 re
878 2310 1044 2364 publica
1073 2310 1263 2351 volumus
1285 2323 1397 2359 esse,
1431 2312 1580 2352 horum
1603 2312 1869 2359 Graecorum,

125 2373 196 2431 qui
225 2389 268 2416 se
298 2373 501 2415 inculcant
529 2370 697 2414 auribus
728 2371 902 2419 nostris,
949 2370 1104 2412 similes
1143 2370 1309 2413 fuerunt
1349 2385 1425 2413 nee
1460 2373 1503 2412 in
1543 2373 1628 2414 otio
1659 2386 1869 2414 sermones

123 2436 360 2479 huiusmodi
390 2434 768 2489 disputationesque
799 2433 1024 2488 fugiebant.
1083 2436 1150 2475 20.
1183 2438 1240 2475 Ae
1271 2435 1304 2476 si
1331 2434 1406 2476 tibi
1427 2435 1643 2483 videntur,
1677 2435 1747 2490 qui
1770 2441 1870 2476 tem-

124 2500 261 2556 poris,
295 2500 366 2555 qui
395 2498 501 2547 loci,
535 2498 603 2552 qui
626 2496 841 2539 hominum
861 2497 1063 2537 rationem
1085 2510 1168 2538 non
1188 2494 1359 2544 habent,
1391 2496 1546 2550 inepti,
1579 2496 1683 2538 sicut
1719 2499 1916 2545 debent35

123 2561 272 2613 videri;
303 2576 402 2604 num
431 2562 596 2603 tandem
627 2565 696 2601 aut
723 2559 838 2601 locus
867 2560 935 2600 hic
966 2572 1050 2599 non
1081 2560 1253 2600 idoneus
1284 2557 1468 2606 videtur,
1499 2558 1543 2600 in
1573 2572 1654 2614 quo
1686 2559 1866 2614 porticus

124 2625 225 2666 haee
262 2625 372 2680 ipsa,
421 2622 494 2666 ubi
537 2636 647 2665 nunc
689 2623 971 2670 ambulamus,
1022 2626 1062 2662 et
1099 2620 1305 2676 palaestra
1345 2625 1385 2662 et
1422 2625 1483 2662 tot
1520 2620 1621 2662 locis
1661 2621 1865 2662 sessiones

125 2688 431 2742 gymnasiorum
489 2691 530 2728 et
585 2687 836 2728 Graecarum
885 2684 1206 2739 disputationum
1261 2683 1505 2725 memoriam
1559 2685 1864 2737 quodammodo

216 2800 250 2832 1.
276 2809 347 2842 qua
371 2801 440 2832 eius
465 2809 575 2833 causa
596 2800 733 2832 mallem
756 2800 864 2841 fuisse
889 2801 966 2836 (sic)
994 2800 1034 2830 R.
1069 2814 1111 2820 —-
1154 2798 1188 2829 2.
1215 2798 1362 2830 sentiam
1387 2798 1446 2839 Lg.
1476 2806 1593 2830 omnes
1618 2799 1767 2836 (praeter
1792 2796 1863 2839 81.)

125 2845 199 2878 BR.
225 2863 269 2869 —
294 2847 328 2878 3.
354 2848 430 2879 ulla
454 2857 522 2880 om.
549 2847 576 2879 B
594 2870 603 2887 ,
630 2848 751 2888 aliqua
777 2846 878 2887 culpa
901 2856 977 2878 mea
1002 2845 1100 2878 Leid.
1128 2860 1170 2867 -
1206 2853 1282 2876 ntea
1307 2845 1410 2885 culpa
1436 2845 1475 2875 B.
1503 2859 1546 2867 —
1581 2843 1615 2874 [ι.
1644 2845 1788 2884 contiqic
1814 2854 1865 2876 se-

126 2894 260 2926 clusum
287 2894 358 2926 volt.
380 2894 521 2927 Bakius.
540 2910 583 2917 —
608 2894 736 2927 oblitus
761 2902 837 2924 sum
861 2893 971 2925 Codd.
999 2893 1066 2929 al.,
1093 2892 1143 2923 Rz
1170 2900 1243 2922 sum
1271 2892 1395 2923 oblitus
1422 2891 1489 2922 BE.
1519 2906 1557 2913 —
1584 2889 1616 2920 9.
1644 2891 1680 2920 in
1704 2891 1765 2922 illa
1791 2890 1865 2921 lon-

124 2942 220 2983 giore
246 2945 276 2973 te
301 2940 329 2972 B
355 2940 504 2982 aliique,
532 2941 582 2972 R:
611 2946 642 2974 te
667 2942 705 2972 in
730 2941 791 2972 illa
817 2940 974 2980 longiore
1000 2939 1038 2970 E.
1068 2953 1107 2959 -
1148 2938 1204 2970 10.
1233 2942 1290 2970 tuo
1318 2947 1386 2970 om.
1414 2937 1485 2968 ΒΗ.
1523 2952 1562 2958 -
1605 2937 1656 2966 11.
1683 2938 1865 2976 experiare

125 2987 260 3030 quidem
284 2988 356 3020 BR.
396 3003 433 3010 —
474 2987 563 3019 illud
600 2996 668 3019 om.
697 2996 746 3027 pr.
774 2986 874 3019 Leid.
903 2986 1001 3027 prob.
1029 2984 1150 3017 Bakio.
1180 2999 1217 3006 -
1261 2985 1316 3016 12.
1353 2985 1538 3015 videantur
1563 2982 1588 3013 B
1615 2983 1768 3022 aliique,
1807 2984 1862 3016 Rz

124 3035 283 3068 videatur
308 3034 348 3069 E.
379 3049 418 3056 —
446 3034 502 3066 15.
527 3035 641 3074 inquit
667 3033 809 3066 Crassus
835 3034 894 3074 Lg.
924 3035 1090 3074 quinque.
1141 3031 1216 3068 (Est
1241 3040 1258 3063 a
1284 3035 1497 3066 correctore,
1527 3031 1585 3069 qui
1615 3030 1742 3061 Caesar
1765 3039 1866 3063 voca-

125 3085 186 3114 tiv.
213 3090 287 3114 esse
312 3088 381 3113 non
408 3080 665 3120 perspiciebat.)
692 3097 732 3103 —
771 3081 827 3112 19.
854 3081 945 3122 quod
973 3080 1012 3112 Β.
1053 3095 1088 3101 -
1133 3078 1189 3109 22.
1217 3079 1349 3118 ineptus
1372 3086 1440 3109 esse
1466 3076 1595 3106 dicitur
1619 3076 1691 3107 BR.
1730 3092 1763 3098 —
1804 3078 1862 3110 25.

126 3137 213 3170 quae
235 3128 338 3159 modo
363 3127 402 3158 Β.
433 3143 470 3150 -
507 3126 564 3159 26.
591 3127 666 3159 ulla
692 3127 802 3160 Codd.
840 3127 882 3158 at.
901 3150 910 3165 ,
951 3127 992 3158 R.
1029 3123 1086 3166 (Ut
1110 3132 1172 3157 nos
1189 3147 1197 3162 ,
1234 3123 1290 3165 B.)
1329 3141 1369 3146 —
1407 3123 1462 3153 27.
1491 3131 1594 3163 quam
1618 3126 1656 3153 uc
1679 3122 1732 3154 illi
1755 3124 1866 3156 solent

125 3175 152 3207 B
178 3175 334 3216 aliique:
361 3182 465 3215 quam
488 3174 653 3213 illorum,
680 3176 740 3215 qui
764 3173 874 3205 solent
897 3174 971 3205 RE.
1002 3189 1039 3195 -
1067 3171 1124 3203 31.
1150 3172 1272 3211 νηαῃηί
1297 3174 1328 3201 et
1353 3169 1442 3200 clari
1467 3169 1509 3200 R.
1536 3185 1580 3190 —
1605 3168 1659 3200 33.
1688 3177 1748 3200 nec
1771 3171 1810 3201 in
1834 3171 1865 3202 Α

127 3221 258 3262 (Codex
282 3221 502 3254 Abrincensis
528 3220 642 3253 Secutt
669 3220 736 3259 X.,
774 3222 835 3261 qui
868 3225 907 3252 ut
932 3221 1037 3252 ceteri
1065 3218 1175 3249 mutili
1202 3217 1282 3248 hine
1308 3216 1458 3255 incipit.)
1484 3217 1565 3246 item
1590 3215 1617 3246 B
1643 3219 1678 3248 et
1701 3216 1862 3250 meliores

127 3269 318 3301 Ellendtii:
344 3276 405 3299 nec
429 3270 543 3298 tamen
565 3267 604 3297 in
619 3266 694 3298 RE.
713 3282 757 3290 --
782 3267 837 3299 37.
864 3267 922 3298 ubi
944 3275 1034 3299 nunc
1057 3264 1275 3296 ambulamus
1291 3262 1320 3293 Α
1348 3266 1381 3293 et
1409 3261 1567 3294 meliores
1594 3262 1779 3295 Ellendtii:
1806 3264 1864 3295 ubi

125 3315 380 3348 inambulamus
396 3314 426 3346 R
441 3338 450 3352 ,
476 3313 536 3345 ubi
560 3312 773 3344 ambulamus
797 3311 878 3354 (Βῖ)
906 3313 946 3345 E.
968 3330 1008 3336 -
1036 3311 1091 3343 38.
1121 3308 1331 3341 Graecorum
1355 3308 1626 3348 disputationum
1651 3310 1690 3349 B,
1719 3307 1864 3342 Graeco-

126 3372 204 3396 rum
226 3367 259 3394 et
285 3362 558 3401 disputationum
582 3360 667 3393 Cod-
695 3360 808 3393 Oxon.
833 3359 854 3393 ὁ
879 3364 913 3393 et
937 3359 1058 3392 Lamb.
1085 3356 1207 3398 probb.
1234 3355 1376 3389 Pearcio
1401 3360 1435 3387 et
1460 3355 1580 3389 Bakio.

204 3433 295 3461 Cicero
314 3432 342 3460 Τ.
361 3432 384 3465 1,
1374 3426 1423 3470 15
