2117 3762
268 205 347 247 1464
1050 196 1242 239 TOPICA

265 309 442 353 bationis
473 314 513 351 et
543 303 839 352 conscientiae,
890 306 1108 357 praeterea
1148 301 1366 344 restinctus
1406 301 1537 357 ignis,
1589 301 1750 356 gladius
1790 306 2009 353 cruentus,

267 379 429 422 cetera,
463 385 567 428 quae
598 367 870 424 suspicionem
900 364 996 406 facti
1027 369 1201 417 possunt
1230 379 1414 407 movere.

377 437 444 476 53.
479 435 678 484 Deinceps
708 435 768 471 est
797 428 911 470 locus
943 427 1251 468 dialecticorum
1284 429 1478 483 proprius
1509 442 1561 469 ex
1593 426 1942 484 consequentibus
1973 432 2014 469 et

267 494 598 541 antecedentibus
629 498 668 534 et
697 490 1039 545 repugnantibus.
1100 491 1202 529 Nam
1233 489 1472 538 coniuncta,
1505 492 1556 531 de
1587 491 1738 546 quibus
1757 489 1897 546 paullo
1918 497 2010 532 ante

237 563 416 604 sdictum
447 563 529 606 cst,
562 569 644 597 non
675 568 838 608 semper
858 554 1072 602 eveniunt3
1106 553 1400 605 consequentia
1422 558 1558 594 autem
1582 566 1762 606 semper.
1823 555 1880 594 Ea
1902 552 2013 594 enim

267 623 358 665 dico
389 617 700 674 consequentia,
733 630 838 672 quae
868 629 957 657 rem
989 614 1224 655 necessario
1255 621 1584 669 consequuntur3
1617 617 1799 670 itemque
1831 621 1871 657 et
1901 621 2016 657 ante-

267 686 450 728 cedentia
493 688 533 723 et
571 679 854 736 repugnantia.
916 677 1127 733 Quidquid
1169 675 1279 717 enim
1321 678 1509 733 sequitur
1552 693 1763 734 quamque
1806 692 1920 728 rem,
1972 677 2015 720 id

266 750 456 790 cohaeret
486 759 577 786 cum
608 756 653 784 re
684 742 935 791 necessari03
982 745 1024 781 et
1053 738 1253 795 quidquid
1284 746 1510 794 repugnat,
1544 742 1586 783 id
1617 741 1821 783 eiusmodi
1852 747 1938 790 est,
1969 745 2017 782 ut

265 810 480 851 cohaerere
512 819 719 862 nunquam
749 803 895 858 possit.
955 802 1070 842 XIII.
1105 803 1206 843 Cum
1228 802 1433 856 tripertito
1463 802 1588 857 igitur
1609 805 1878 846 distribuatur
1897 805 2016 845 loeus

216 873 349 922 whic,
389 872 431 912 in
461 870 821 915 consecutionem,
863 865 1214 913 antecessionem,
1249 865 1590 918 repugnantiam,
1624 865 1862 923 reperiendi
1893 879 2017 920 argu-

263 933 388 976 menti
418 934 593 987 simplex
621 932 735 974 locus
767 934 850 977 est,
882 926 1086 968 tractandi
1117 927 1285 982 triplex.
1347 928 1450 967 Nam
1473 930 1571 981 quid
1593 929 1786 979 interest,
1822 943 1914 971 cum
1937 928 2016 970 hoc

263 996 508 1052 sumpseris,
540 995 756 1049 pecuniam
780 995 1037 1033 numeratam
1062 990 1227 1030 mulieri
1259 990 1428 1038 deberi,
1463 990 1530 1032 cui
1560 990 1613 1031 sit
1642 998 1860 1046 argentum
1892 1005 2015 1032 omne

262 1060 465 1114 legatum,
514 1064 649 1099 utrum
690 1058 769 1097 hoc
809 1052 932 1095 modo
966 1051 1188 1093 concludas
1219 1057 1527 1105 argumentum:
1581 1053 1623 1095 Si
1654 1056 1828 1107 pecunia
1859 1056 2018 1109 signata

262 1128 478 1177 argentum
508 1126 589 1169 est,
621 1119 754 1174 legata
785 1122 847 1159 est
875 1115 1052 1157 mulieri.
1113 1116 1186 1155 Est
1215 1121 1352 1156 autem
1382 1116 1559 1170 pecunia
1589 1117 1753 1170 signata
1782 1123 2013 1172 argentum.

214 1196 248 1222 1⁵
263 1188 413 1240 Legata
443 1183 566 1239 igitur
595 1187 682 1232 est;
729 1194 779 1221 an
808 1179 880 1220 illo
912 1179 1060 1220 modo:
1113 1177 1155 1218 Si
1184 1184 1401 1219 numerata
1437 1180 1612 1234 pecunia
1654 1193 1737 1222 non
1770 1185 1832 1222 est
1860 1180 2015 1235 legata,

263 1262 344 1291 non
370 1252 432 1289 est
452 1250 663 1288 numerata
685 1244 860 1298 pecunia
889 1247 1123 1296 argentum.
1184 1242 1255 1281 Est
1276 1245 1414 1282 autem
1434 1247 1653 1284 numerata
1675 1242 1851 1298 pecunia
1872 1256 2020 1298 argen-

263 1318 367 1361 tum;
396 1310 531 1364 legata
559 1309 685 1363 igitur
715 1312 796 1356 est;
842 1319 893 1346 an
922 1304 992 1346 illo
1024 1306 1167 1347 modo:
1207 1307 1297 1346 Non
1329 1309 1369 1345 et
1399 1303 1581 1359 legatum
1606 1310 1830 1365 argentum
1862 1310 1943 1353 est,
1976 1309 2017 1346 et

262 1388 345 1416 non
374 1378 434 1415 est
460 1373 593 1426 legata
619 1375 832 1412 numerata
862 1367 1054 1422 pecunia.
1115 1369 1315 1421 Legatum
1346 1372 1485 1408 autem
1516 1373 1732 1422 argentum
1765 1374 1850 1419 est;
1883 1367 2018 1422 legata

261 1438 386 1491 igitur
415 1439 629 1477 numerata
659 1433 832 1489 pecunia
863 1435 923 1472 est
942 1433 1024 1471 -ἳ
1057 1432 1125 1472 54.
1157 1429 1375 1486 Appellant
1395 1435 1533 1472 autem
1565 1430 1768 1473 dialectici
1799 1444 1889 1473 eam
1921 1444 2019 1472 con-

212 1508 248 1534 20
263 1499 489 1541 elusionem
519 1496 771 1552 argumenti,
804 1495 845 1535 in
878 1507 976 1549 qua,
1008 1506 1100 1535 cum
1130 1494 1313 1547 primum
1344 1495 1638 1550 assumpseris,
1672 1495 1940 1549 consequitur
1961 1493 2018 1542 id,

263 1563 374 1618 quod
403 1574 607 1602 annexum
640 1564 723 1608 est,
757 1559 938 1612 primum
969 1555 1246 1598 conclusionis
1279 1555 1471 1607 modum3
1520 1571 1613 1599 cum
1644 1556 1711 1607 id,
1745 1559 1858 1613 quod
1889 1570 2017 1599 anne-

261 1639 360 1667 xum
392 1629 476 1674 est,
523 1622 712 1676 negaris,
757 1627 802 1662 ut
831 1621 874 1661 id
905 1633 1094 1676 quoque,
1145 1618 1211 1660 cui
1241 1618 1369 1660 fuerit
1400 1632 1633 1669 annexum,
1678 1619 1915 1674 negandum
1945 1620 2017 1666 sit,

268 1686 470 1729 secundus
500 1687 534 1727 is
565 1685 793 1740 appellatur
822 1681 1095 1724 concludendi
1124 1684 1294 1732 modus;
1341 1696 1434 1723 cum
1464 1687 1601 1724 autem
1632 1681 1769 1736 aliqua
1799 1683 2020 1723 coniuncta

261 1749 426 1804 negaris
457 1753 498 1790 et
527 1762 579 1790 ex
609 1747 658 1788 iis
688 1760 814 1787 unum
845 1751 916 1786 aut
944 1746 1062 1799 plura
1094 1746 1342 1799 sumpseris,
1376 1752 1446 1794 ut,
1494 1747 1607 1799 quod
1637 1745 1909 1799 relinquitur,
1941 1743 2021 1785 tol-

212 1821 247 1848 2⁵
262 1814 429 1854 lendum
460 1813 532 1860 sit,
578 1811 612 1852 is
644 1810 791 1851 tertius
821 1807 1050 1862 appellatur
1081 1807 1358 1850 conclusionis
1390 1807 1553 1849 modus.
1616 1811 1683 1850 55.
1730 1810 1794 1849 Ex
1834 1807 1913 1849 hoc
1950 1806 2020 1848 illa

262 1879 475 1919 rhetorum
507 1888 559 1915 ex
589 1871 808 1914 contrariis
841 1870 1059 1920 conclusa,
1093 1885 1198 1927 quae
1229 1870 1308 1926 ipsi
1339 1870 1620 1926 ἐνθυμήματα
1651 1870 1882 1926 appellant3
1932 1883 2018 1910 non

262 1939 361 1994 quin
391 1937 523 1980 omnis
553 1937 755 1978 sententia
785 1935 959 1990 proprio
990 1933 1158 1975 nomine
1188 1933 1412 1988 ἐνθύμημα
1445 1933 1625 1982 dicatur,
1657 1932 1755 1982 sed,
1788 1937 1834 1973 ut
1865 1933 2019 1973 Home-

261 2015 331 2043 rus
360 2006 533 2057 propter
563 1998 851 2040 excellentiam
883 2010 1103 2038 commune
1132 2002 1352 2050 poetarum
1381 2010 1534 2038 nomen
1561 1995 1687 2038 efficit
1705 1996 1815 2050 apud
1838 1995 2019 2035 Graecos

263 2077 401 2112 suum,
448 2062 524 2110 sic,
571 2076 665 2103 cum
706 2060 840 2102 omnis
881 2059 1084 2101 sententia
1123 2059 1350 2114 ἐνθύμημα
1389 2061 1572 2109 dicatur,
1624 2059 1720 2116 quia
1750 2056 1915 2101 videtur
1945 2070 2016 2106 ea,

213 2135 250 2162 ³⁰
265 2141 369 2183 quae
400 2139 450 2168 ex
480 2124 697 2168 contrariis
727 2122 968 2172 conficitur,
1002 2122 1259 2172 acutissima,
1293 2124 1381 2164 sola
1409 2122 1582 2179 proprie
1612 2135 1765 2164 nomen
1796 2133 2015 2164 commune

264 2188 460 2243 possedit.
517 2189 615 2230 Eius
645 2187 807 2243 generis
837 2189 939 2228 haec
970 2191 1086 2227 sunt:

372 2284 458 2325 Hoc
486 2289 670 2332 metuere,
701 2282 870 2323 alterum
897 2281 941 2321 iu
969 2286 1073 2321 metu
1100 2292 1179 2321 nou
1199 2279 1369 2332 ponere!

373 2347 500 2395 Eam,
530 2359 648 2400 quam
675 2345 778 2386 nihil
806 2357 990 2393 accusas,
1019 2344 1204 2391 damnas;
1234 2343 1322 2383 bene
1352 2354 1471 2396 quam
1498 2342 1684 2383 meritam
1712 2355 1792 2383 esse
1820 2347 2016 2391 autumas,

353 2537 388 2570 2.
415 2542 527 2570 cetera
552 2545 624 2576 ac,
653 2547 674 2583 ρ
701 2539 736 2569 et
753 2545 804 2577 pr.
825 2535 868 2567 b:
896 2539 1074 2575 ceteraque
1098 2533 1171 2572 sE,
1200 2535 1232 2565 et
1256 2537 1368 2565 cetera
1394 2532 1446 2564 de
1474 2537 1508 2566 et
1528 2540 1615 2565 corr.
1637 2531 1670 2566 b.
1691 2548 1732 2555 —
1757 2530 1792 2563 4.
1819 2540 2018 2572 repugnan-

265 2581 355 2615 tibus
380 2585 527 2624 abcdt',
554 2585 616 2630 Βρ
633 2607 642 2622 ,
669 2584 764 2616 Valla
781 2607 789 2622 ,
817 2582 897 2614 BV:
925 2581 1197 2623 repuqnantibus
1213 2605 1221 2620 ,
1255 2581 1313 2621 qui
1338 2582 1441 2611 etiam
1467 2581 1509 2612 ab
1537 2580 1711 2611 adiunctis
1736 2578 1837 2620 lonye
1863 2579 2019 2611 diversus

267 2634 312 2661 est
339 2640 381 2670 e,
409 2632 542 2664 Oxonn.
572 2631 661 2669 duo,
688 2631 726 2662 E.
759 2646 795 2652 -
839 2630 1024 2661 coniuncta
1051 2627 1215 2666 abdet,
1243 2627 1324 2673 Βρ,
1350 2627 1470 2659 Valla:
1508 2627 1674 2659 adiuncta
1700 2634 1743 2663 c,
1766 2626 1903 2658 Oxonn.
1931 2626 2016 2664 du0‚

265 2676 305 2707 E·
325 2693 369 2699 --
392 2679 425 2710 7.
446 2680 599 2719 sequitur
622 2687 640 2710 a
654 2676 804 2715 bcdel',
826 2676 883 2708 Gr.
899 2699 907 2713 ‚
935 2676 975 2713 B,
995 2675 1036 2713 U,
1050 2687 1092 2722 ρ,
1120 2675 1216 2707 Valla
1234 2684 1242 2705 z
1270 2674 1444 2706 antecedit
1459 2679 1495 2715 ψ
1512 2674 1584 2705 ΝΕ.
1603 2690 1646 2696 -
1665 2673 1699 2705 9.
1719 2674 1893 2712 tripertito
1910 2682 1928 2706 a
1944 2672 2014 2704 bc:

266 2724 444 2764 tripartito
470 2726 496 2757 E
523 2733 599 2756 cum
626 2730 706 2757 cett.
733 2740 776 2745 ——
817 2725 873 2755 11.
901 2723 1048 2763 simplex
1073 2723 1167 2753 locus
1194 2727 1241 2753 est
1268 2729 1285 2752 a
1302 2721 1378 2753 bc:
1406 2722 1500 2753 locus
1525 2720 1670 2761 simplex
1696 2724 1746 2750 est
1772 2729 1789 2752 e
1814 2720 1893 2757 NE,
1923 2718 2017 2752 loeus

268 2774 314 2800 est
350 2772 493 2810 simplem
529 2772 650 2809 Valla,
696 2771 768 2802 BV.
812 2787 852 2792 —
895 2770 951 2801 12.
990 2774 1175 2809 arqentum
1200 2776 1298 2800 omne
1323 2768 1459 2804 abed,
1487 2768 1571 2799 BV:
1617 2776 1714 2798 omne
1740 2771 1923 2808 argentum
1949 2766 2014 2807 ef,

269 2816 375 2856 Valla,
404 2819 442 2850 E.
465 2834 503 2840 —
535 2819 589 2850 15.
617 2819 726 2858 iqitur
752 2820 799 2848 est
825 2816 911 2848 bN:
936 2817 1042 2857 iqitur
1060 2816 1086 2847 E
1106 2824 1182 2847 cnm
1210 2820 1290 2846 cett.
1312 2833 1351 2838 —
1378 2815 1435 2846 23.
1461 2816 1491 2846 is
1517 2814 1717 2854 appellatur
1742 2815 1828 2845 acB
1854 2819 1887 2846 et
1907 2822 1956 2853 pr.
1978 2814 2014 2851 b,

269 2862 387 2895 Valla:
417 2865 615 2905 appellatur
632 2865 658 2895 E
678 2873 755 2895 cum
775 2872 862 2894 corr.
885 2863 904 2893 b
925 2869 958 2894 et
973 2867 1052 2894 cett.
1075 2880 1112 2885 —
1133 2863 1190 2894 24.
1209 2863 1349 2903 ueyaris
1367 2871 1384 2893 a
1401 2861 1420 2891 b
1437 2870 1453 2892 c
1468 2862 1487 2892 d
1504 2871 1541 2898 e,
1563 2862 1634 2904 Bp,
1654 2861 1774 2893 Valla:
1801 2862 1958 2902 ηερανίε,
1984 2864 2017 2892 et

270 2908 321 2939 his
348 2912 419 2942 alia
442 2912 579 2953 negatio
605 2920 725 2942 rursus
752 2911 959 2949 adiunyitur
984 2910 1042 2949 [ψ
1061 2909 1100 2941 Ε.
1129 2910 1201 2949 (Est
1225 2910 1325 2949 gloss.
1355 2908 1565 2940 inculcatum
1595 2917 1611 2939 e
1638 2908 1806 2946 Boethio,
1834 2907 1929 2948 quod
1958 2907 2016 2940 de-

271 2954 410 2989 rendere
436 2958 558 2989 trustra
585 2963 727 2989 conatus
755 2962 806 2989 est
831 2956 975 2987 Brandis
1001 2957 1121 2987 Rhein.
1144 2955 1240 2987 Mus.
1262 2956 1324 2986 Ill.
1352 2956 1452 2987 Fasc.
1473 2955 1533 2987 lV.
1553 2955 1655 2986 Bonn
1674 2954 1777 2986 1832,
1797 2963 1832 2994 p.
1852 2953 1949 2995 549.)
1971 2969 2011 2977 —

271 3005 303 3032 et
327 3010 367 3033 ex
392 3004 433 3034 iis
459 3014 566 3035 unum
592 3008 652 3036 aut
674 3005 781 3045 plura
805 3004 990 3043 sumpseris
1015 3012 1032 3035 a
1048 3003 1067 3033 b
1081 3011 1096 3033 c
1111 3003 1130 3034 d
1148 3012 1166 3035 e
1182 3026 1190 3040 ,
1218 3002 1245 3032 B
1260 3007 1345 3048 ρψ,
1374 3002 1468 3033 Valla
1488 3010 1496 3033 ε
1525 3006 1555 3033 et
1574 3010 1614 3032 ex
1630 3002 1684 3032 his
1697 3002 1849 3041 primum
1866 3009 2016 3041 sumpse-

270 3048 322 3078 ris
345 3048 436 3080 rUE.
467 3067 503 3074 —-
543 3051 600 3082 26.
629 3051 805 3082 rhetorum
830 3049 1015 3088 abcdes‚
1057 3048 1116 3080 Gr.
1133 3073 1141 3085 ,
1180 3049 1207 3080 B
1224 3057 1267 3093 ρε
1307 3049 1485 3080 rhetorum
1507 3052 1586 3080 sunt
1612 3056 1689 3080 cum
1715 3047 1850 3081 Oxonn.
1879 3048 2015 3080 duobus

273 3098 307 3125 et
332 3093 418 3127 Aldo
444 3096 481 3127 E.
519 3113 562 3119 —
601 3096 857 3138 εἰιὲυμήματα
893 3096 1021 3134 abcd,
1063 3096 1179 3127 Valla:
1224 3095 1476 3136 enthymemata
1502 3095 1527 3126 E
1554 3103 1632 3127 cum
1658 3099 1739 3127 cett.
1767 3095 1823 3127 Sic
1849 3097 1951 3127 etiam
1978 3097 2013 3126 in

272 3149 372 3181 seqq.
401 3159 438 3165 —
465 3150 535 3173 non
559 3145 641 3184 quin
665 3145 774 3174 omnis
800 3143 905 3175 abc:
934 3152 1003 3174 non
1028 3143 1119 3182 quod
1142 3151 1213 3174 non
1238 3144 1348 3173 onmis
1374 3143 1444 3182 de,
1472 3142 1588 3178 Valla,
1618 3142 1654 3174 E.
1687 3158 1722 3164 ——
1751 3141 1806 3174 30.
1834 3142 2014 3184 conficitur

272 3186 349 3219 bce
377 3193 410 3220 et
435 3197 521 3220 corr.
549 3199 587 3222 a:
626 3190 828 3231 conficiatur
852 3190 877 3221 E
905 3197 981 3221 cum
1010 3197 1060 3228 pr.
1089 3198 1106 3221 a
1134 3194 1166 3221 et
1193 3192 1272 3223 cett.
1302 3207 1340 3212 —
1370 3189 1426 3221 31.
1451 3191 1607 3228 possedit
1632 3189 1819 3228 abcdet',
1846 3189 1886 3227 B,
1913 3188 1953 3226 U,
1975 3198 2012 3234 ρ,

271 3233 389 3274 Valla,
428 3234 512 3266 BV:
552 3237 702 3275 possidet
726 3244 761 3278 ψ
786 3237 857 3268 ΝΕ.
896 3253 937 3259 —-
979 3236 1035 3268 32.
1073 3235 1150 3268 Hoc
1175 3236 1271 3269 aes:
1316 3236 1417 3268 Hunc
1442 3236 1470 3269 E
1496 3245 1572 3270 cum
1600 3236 1651 3268 cd
1678 3239 1713 3268 et
1743 3244 1830 3269 corr.
1857 3235 1891 3267 b.
1919 3233 2013 3276 (hinc

271 3288 324 3321 pr.
353 3281 405 3319 b.)
431 3280 500 3316 err.
526 3283 568 3313 ad
595 3283 663 3313 Att.
690 3283 759 3322 12,
786 3283 842 3315 51.
871 3286 905 3315 et
930 3283 995 3323 14,
1022 3282 1079 3314 21.
