2117 3762
703 290 799 332 LIB.
831 289 901 330 111.
961 289 1001 331 C.
1033 290 1098 330 60.
1131 289 1199 330 61.
1741 290 1820 330 339

76 395 140 438 chi
176 394 351 437 fistulam
389 395 521 445 resen
570 394 686 436 cuius
729 407 805 449 ego
847 393 1028 436 nondum
1066 395 1186 448 plane
1217 395 1419 436 rationem
1451 392 1649 449 intelligo.
1711 395 1818 435 LXI.

74 461 170 500 227.
220 460 263 500 ln
301 458 413 499 omni
451 471 573 504 voce,
622 456 754 512 inquit
791 459 978 506 Crassus,
1031 463 1092 499 est
1122 456 1318 512 quiddam
1349 457 1552 505 medium,
1599 458 1670 497 sed
1703 470 1822 497 suum

75 523 222 577 cuique
253 523 358 563 voci.
417 523 520 562 Hinc
550 521 747 574 gradatim
775 522 997 561 ascendere
1029 534 1172 561 vocem
1197 520 1295 561 utile
1320 525 1361 560 et
1381 533 1504 561 suave
1536 523 1609 560 est.
1669 519 1769 558 Nam
1801 531 1824 558 a

75 583 276 639 principio
315 585 490 624 clamare
529 588 686 635 agreste
726 584 919 637 quiddam
957 588 1018 624 est
1056 588 1095 623 et
1133 582 1243 623 idem
1274 582 1374 623 illud
1406 583 1456 623 ad
1488 579 1730 623 firmandam
1763 585 1825 621 cst

75 659 219 687 vocem
240 647 434 687 salutare.
494 643 650 686 Deinde
673 650 733 684 est
756 646 948 698 quiddam
970 644 1244 686 contentionis
1267 650 1521 693 extremum,
1555 644 1666 698 quod
1688 649 1824 684 tamen
1839 655 1854 680 ⁵

75 707 246 748 interius
277 713 338 748 est
367 721 490 762 quam
520 707 779 747 acutissimus
811 707 984 755 clamor,
1033 722 1114 762 quo
1150 714 1188 748 te.
1219 705 1351 748 fistula
1382 707 1577 762 progredi
1608 720 1689 748 non
1721 705 1826 747 sinet

76 776 115 810 et
144 770 173 821 ’Ξ-
205 776 338 810 tamen
369 768 420 810 ab
451 770 537 823 ipsa
568 769 830 809 contentione
861 768 1086 811 revocabit.
1148 771 1219 810 Est
1249 768 1346 810 item
1378 776 1520 810 contra
1557 768 1751 823 quiddam
1783 769 1825 808 in

75 831 319 873 remissione
349 831 637 885 gravissimum
669 846 834 885 quoque
867 839 1075 888 tamquam
1105 845 1302 873 sonorum
1333 831 1527 885 gradibus
1549 829 1825 872 descenditur.

77 896 189 936 Haec
231 893 405 935 varietas
444 899 483 933 et
522 892 586 933 hic
626 907 698 948 per
736 908 879 935 omnes
919 908 1045 936 sonos
1083 893 1200 935 vocis
1238 907 1381 935 cursus
1420 899 1460 934 et
1498 908 1540 935 se
1572 895 1757 935 tuebitur
1786 897 1830 934 et

76 957 225 998 actioni
263 955 407 997 asseret
445 957 700 997 suavitatem.
765 958 844 997 Sed
885 954 1151 997 fistulatorem
1191 955 1304 997 domi
1349 955 1612 1012 relinquetis,
1661 968 1826 998 sensum
1841 966 1876 992 10

76 1019 195 1061 buius
225 1017 531 1060 consuetudinis
560 1021 774 1060 vobiscum
805 1018 855 1059 ad
886 1017 1023 1060 sorum
1056 1017 1269 1060 deferetis.

185 1081 281 1121 228.
328 1079 474 1129 Edidi,
515 1095 617 1135 quac
649 1081 788 1136 potui,
830 1094 912 1122 non
943 1086 988 1122 ut
1016 1079 1151 1129 volui,
1194 1080 1268 1122 sed
1298 1086 1342 1122 ut
1370 1094 1437 1122 me
1467 1080 1670 1135 temporis
1701 1094 1828 1136 angu-

75 1141 177 1184 stiae
218 1147 460 1196 coegerunt.
523 1145 677 1184 Scitum
716 1149 778 1184 est
817 1142 926 1184 enim
975 1156 1140 1184 causam
1178 1142 1368 1185 conferre
1413 1144 1455 1186 in
1501 1149 1684 1200 tempus,
1735 1158 1829 1186 cum

75 1205 224 1246 aflerre
255 1205 395 1260 plura,
429 1206 462 1246 si
496 1207 663 1259 cupias,
697 1220 781 1246 nou
811 1218 952 1261 queas.
1014 1207 1077 1247 Tu
1106 1218 1227 1253 vero,
1259 1205 1391 1261 inquit
1412 1206 1598 1255 Catulus,
1631 1205 1831 1260 collegisti

76 1266 237 1316 omnia,
284 1274 480 1323 quantum
512 1281 588 1322 ego
620 1281 788 1323 possum
819 1267 1025 1317 iudicare,
1071 1269 1128 1309 ita
1159 1267 1376 1316 divinitus,
1419 1274 1465 1310 ut
1495 1283 1579 1310 non
1609 1282 1632 1309 a
1663 1269 1830 1310 Graecis
1844 1279 1879 1305 1⁵

75 1330 301 1384 sumpsisse
342 1331 416 1371 sed
456 1343 526 1370 eos
566 1333 677 1385 ipsos
716 1332 816 1371 haec
847 1332 998 1371 docere
1027 1344 1152 1384 posse
1183 1330 1365 1372 videare.
1423 1333 1488 1372 Me
1519 1329 1685 1385 quidem
1715 1330 1831 1372 istius

75 1394 281 1434 sermonis
311 1391 556 1448 participem
587 1393 738 1434 sactum
769 1406 859 1434 esse
891 1394 1075 1447 gaude03
1127 1406 1174 1434 ac
1203 1392 1373 1441 vellem,
1424 1391 1497 1447 [ut]
1531 1406 1649 1435 meus
1680 1407 1829 1448 gener,

76 1454 228 1497 sodalis
257 1462 370 1503 tuus,
402 1455 674 1504 Hortensius,
721 1455 925 1505 affuisset3
977 1469 1103 1512 quem
1134 1456 1302 1511 quidem
1337 1468 1416 1510 ego
1447 1454 1610 1497 confido
1641 1454 1830 1498 omnibus

76 1519 165 1560 istis
195 1517 410 1567 laudibus,
460 1532 560 1574 quas
590 1524 633 1559 tu
664 1518 855 1560 oratione
888 1517 1129 1574 complexus
1160 1532 1220 1565 es,
1269 1518 1543 1560 excellentem
1573 1519 1681 1560 sore.
1738 1521 1832 1560 229.

75 1582 128 1622 Et
159 1581 347 1629 Crassus,
374 1583 481 1623 Fore
512 1581 641 1622 dicis?
691 1580 843 1635 inquit:
895 1595 973 1635 ego
1005 1594 1107 1622 vero
1139 1594 1229 1623 esse
1260 1581 1342 1622 iam
1372 1579 1509 1622 iudico
1540 1586 1580 1622 et
1609 1587 1696 1624 tum
1726 1580 1832 1622 iudi·
1847 1591 1883 1620 20

78 1644 190 1691 cavi,
223 1656 315 1685 cum
345 1657 411 1685 me
441 1645 610 1685 consule
640 1645 681 1684 in
711 1649 855 1685 senatu
885 1657 1050 1686 causam
1077 1642 1262 1685 defendit
1280 1642 1445 1684 Africae
1464 1657 1680 1698 nuperque
1703 1644 1828 1685 etiam

78 1704 228 1760 magis,
261 1719 353 1747 cum
384 1719 461 1761 pro
491 1706 704 1760 Bithyniae
735 1719 834 1759 rege
866 1705 981 1747 dixit.
1044 1704 1328 1755 Quamobrem
1358 1711 1468 1747 recte
1499 1705 1640 1755 vides,
1674 1705 1829 1747 Catule.

77 1769 188 1808 Nihil
219 1769 327 1809 enim
357 1769 422 1810 isti
453 1767 704 1809 adolescenti
734 1782 867 1823 neque
898 1783 922 1810 a
952 1774 1096 1810 natura
1125 1781 1260 1823 neque
1290 1782 1314 1809 a
1343 1767 1531 1810 doctrina
1562 1769 1710 1810 deesse
1741 1781 1834 1809 sen-

77 1829 150 1871 tio.
211 1831 308 1870 230.
347 1831 439 1880 Quo
472 1829 602 1883 magis
633 1837 694 1871 est
725 1829 822 1879 tibi,
871 1831 1008 1877 Cotta,
1055 1835 1097 1872 et
1124 1830 1223 1879 tibi,
1271 1829 1454 1884 Sulpici,
1500 1830 1754 1884 vigilandum
1784 1843 1832 1871 ac

76 1890 364 1934 laborandum.
424 1895 514 1934 Non
552 1892 663 1934 enim
703 1893 771 1934 ille
811 1892 1034 1934 mediocris
1074 1898 1216 1933 orator
1253 1898 1415 1934 vestrae
1454 1895 1570 1949 quasi
1611 1891 1883 1934 succrescit2⁵

77 1956 217 2005 aetati;
268 1953 341 1996 sed
379 1961 420 1996 et
456 1954 623 2009 ingenio
663 1954 826 2010 peracri
866 1960 906 1996 et
936 1954 1072 1996 studio
1102 1953 1291 2008 flagranti
1320 1961 1360 1997 et
1391 1956 1579 1997 doctrina
1609 1954 1763 1997 eximia
1793 1960 1835 1996 et

78 2016 279 2059 memoria
309 2016 519 2072 singulari.
579 2017 653 2058 Cui
683 2031 932 2073 quamquam
961 2016 1108 2066 faveo,
1142 2023 1280 2058 tamen
1309 2017 1426 2059 illum
1453 2019 1576 2059 aetati
1597 2031 1694 2059 suae
1715 2030 1834 2073 prae-

77 2085 187 2121 stare
217 2080 365 2134 cupio;
406 2079 526 2122 vobis
556 2093 657 2121 vero
688 2079 803 2121 illum
834 2085 947 2121 tanto
976 2079 1182 2120 minorem
1211 2092 1482 2135 praecurrere
1512 2079 1583 2122 vix
1612 2082 1835 2122 honestum

79 2147 152 2184 est.
213 2143 294 2184 Sed
334 2142 417 2184 iam
455 2155 696 2198 surgamus,
742 2141 896 2197 inquit,
940 2155 1100 2198 nosque
1135 2156 1326 2184 curemus
1357 2148 1398 2184 et
1427 2142 1648 2199 aliquando
1678 2144 1729 2185 ab
1760 2141 1836 2184 hac

80 2204 344 2246 contentione
374 2204 660 2260 disputationis
690 2204 849 2247 animos
879 2210 1044 2247 nostros
1073 2217 1256 2260 curaque
1284 2204 1486 2247 laxemus.
1849 2215 1885 2242 ³0

173 2356 208 2388 2.
235 2355 401 2398 quiddam
425 2356 563 2394 AB,R:
591 2355 766 2398 quoddam
792 2356 833 2392 E.
866 2373 900 2379 —
930 2356 964 2389 3.
990 2365 1125 2399 quoque
1150 2354 1200 2397 (id
1228 2361 1305 2396 est,
1332 2356 1494 2398 quoique)
1519 2357 1561 2390 Β.
1590 2375 1627 2382 -
1655 2358 1737 2390 utile
1764 2367 1832 2390 om.

80 2403 121 2436 B.
150 2420 191 2427 —
217 2404 251 2435 4.
278 2403 447 2444 quiddam
471 2404 501 2434 si
527 2402 576 2445 (id
603 2407 676 2442 est,
704 2402 916 2444 quiddamst)
939 2404 979 2435 Β.
1009 2421 1046 2428 -—
1075 2404 1161 2435 illud
1187 2403 1437 2446 affirmandum
1461 2405 1504 2436 R.
1530 2421 1575 2427 —
1607 2405 1640 2437 5.
1668 2404 1835 2445 quiddam

79 2450 165 2483 AB:
204 2450 378 2492 quoddam
412 2450 482 2482 RE.
525 2466 563 2474 -
604 2449 639 2482 7.
666 2454 698 2482 et
722 2447 851 2490 tamen]
879 2454 910 2482 et
935 2451 1008 2481 iam
1035 2450 1291 2484 Henrichsenio
1317 2456 1460 2485 auctore
1486 2451 1528 2483 Τ.
1578 2452 1762 2484 Fortasse:
1802 2455 1833 2483 et

80 2497 233 2530 tandem.
262 2496 329 2529 On.
368 2495 414 2537 (et
440 2501 518 2529 ante
545 2502 663 2528 tamen
688 2505 756 2528 om.
784 2496 840 2533 B.)
877 2512 918 2518 —
960 2497 1132 2538 quiddam
1155 2498 1214 2529 AB
1241 2498 1394 2539 aliique:
1427 2498 1602 2540 quoddam
1628 2499 1701 2530 RE.
1731 2513 1770 2520 —
1796 2497 1829 2529 8.

79 2544 230 2586 quoque]
257 2545 351 2584 quod
375 2544 454 2583 AB,
482 2543 516 2575 id
542 2547 614 2582 est,
640 2551 730 2584 quo,
758 2548 797 2575 ut
823 2542 952 2575 babent
974 2543 1057 2584 Lag.
1085 2543 1141 2575 17.
1169 2544 1227 2576 35.
1267 2560 1310 2567 -
1347 2544 1382 2576 9.
1420 2545 1473 2577 hic
1498 2553 1566 2577 om.
1594 2544 1666 2576 AB.
1695 2560 1735 2567 —
1773 2545 1830 2576 10.

81 2589 226 2632 actioni]
255 2592 346 2623 actio
369 2590 451 2628 ΑΒ,
479 2591 632 2622 orationi
657 2590 699 2621 R.
727 2607 770 2613 —
793 2589 921 2630 deferet
944 2590 987 2622 R.
1015 2605 1058 2614 —
1082 2587 1162 2630 Sed]
1189 2589 1235 2621 Ec
1258 2590 1332 2625 ΑΒ.
1358 2607 1399 2613 -
1424 2600 1542 2623 sensus
1566 2587 1645 2631 (sic)
1670 2591 1763 2622 illius
1788 2591 1829 2622 R.

81 2653 125 2661 —
151 2637 208 2670 16.
234 2638 420 2678 sumpsisse
444 2637 521 2669 Vet.
550 2637 671 2676 steph.
701 2635 769 2668 Gu.
796 2636 830 2668 3.
857 2636 940 2668 AB:
977 2637 1136 2669 didicisse
1161 2637 1233 2668 RE.
1272 2654 1310 2660 —
1347 2646 1446 2678 posse
1469 2639 1591 2670 docere
1614 2639 1696 2669 haec
1721 2638 1760 2668 B.
1789 2654 1826 2659 —

82 2684 140 2716 17.
165 2687 205 2716 ut
229 2693 298 2716 orn.
318 2685 400 2726 Lag.
427 2683 482 2716 13.
504 2683 560 2716 36.
588 2683 724 2716 Delevit
747 2683 942 2716 Schntzius.
984 2683 1055 2717 Nos
1078 2683 1294 2717 seclusimus.
1317 2701 1355 2707 —
1383 2684 1440 2717 24.
1470 2683 1556 2726 Quo]
1582 2685 1699 2725 quue
1716 2683 1758 2714 R.
1787 2698 1827 2706 -

81 2731 315 2819 Ξῖέ)υὲειεζναηι
338 2748 352 2756 -
376 2748 390 2756 -
415 2734 563 2764 aetatem
586 2730 661 2764 AB.
689 2747 727 2754 —
772 2729 829 2762 30.
857 2739 1007 2773 curaque
1031 2730 1249 2764 Lambinus:
1276 2739 1462 2774 curamque
1486 2740 1565 2764 cum
1590 2731 1685 2763 libris
1711 2730 1829 2768 (etlam
