<?xml version="1.0" encoding="UTF-8"?>
<!DOCTYPE html PUBLIC "-//W3C//DTD XHTML 1.0 Transitional//EN"
    "http://www.w3.org/TR/xhtml1/DTD/xhtml1-transitional.dtd">
<html xmlns="http://www.w3.org/1999/xhtml" xml:lang="en" lang="en">
 <head>
  <title>
</title>
<meta http-equiv="Content-Type" content="text/html;charset=utf-8" />
  <meta name='ocr-system' content='tesseract 3.04.00' />
  <meta name='ocr-capabilities' content='ocr_page ocr_carea ocr_par ocr_line ocrx_word'/>
</head>
<body>
  <div class='ocr_page' id='page_1' title='image "./operaquaesupersu01ciceuoft/operaquaesupersu01ciceuoft_0100.png"; bbox 0 0 2117 3762; ppageno 0'>
   <div class='ocr_carea' id='block_1_1' title="bbox 333 710 1925 934">
    <p class='ocr_par' dir='ltr' id='par_1_1' title="bbox 333 710 1925 934">
     <span class='ocr_line' id='line_1_1' title="bbox 651 710 1617 766; baseline 0.004 -4"><span class='ocrx_word' id='word_1_1' title='bbox 651 710 745 762; x_wconf 83' lang='lat' dir='ltr'>M.</span> <span class='ocrx_word' id='word_1_2' title='bbox 784 710 1098 763; x_wconf 79' lang='lat' dir='ltr'>TULLII</span> <span class='ocrx_word' id='word_1_3' title='bbox 1145 711 1617 766; x_wconf 76' lang='lat' dir='ltr'>CICERONIS</span> 
     </span>
     <span class='ocr_line' id='line_1_2' title="bbox 333 856 1925 934; baseline -0.001 -2"><span class='ocrx_word' id='word_1_4' title='bbox 333 856 1925 934; x_wconf 65' lang='lat' dir='ltr'>RHETGRIGGRUM</span> 
     </span>
    </p>
   </div>
   <div class='ocr_carea' id='block_1_2' title="bbox 944 1033 1296 1073">
    <p class='ocr_par' dir='ltr' id='par_1_2' title="bbox 944 1033 1296 1073">
     <span class='ocr_line' id='line_1_3' title="bbox 944 1033 1296 1073; baseline -0.003 0"><span class='ocrx_word' id='word_1_5' title='bbox 944 1034 1126 1073; x_wconf 82' lang='lat' dir='ltr'>LIBRI</span> <span class='ocrx_word' id='word_1_6' title='bbox 1169 1033 1296 1073; x_wconf 82' lang='lat' dir='ltr'>DUO</span> 
     </span>
    </p>
   </div>
   <div class='ocr_carea' id='block_1_3' title="bbox 1019 1163 1238 1206">
    <p class='ocr_par' dir='ltr' id='par_1_3' title="bbox 1019 1163 1238 1206">
     <span class='ocr_line' id='line_1_4' title="bbox 1019 1163 1238 1206; baseline 0 -10"><span class='ocrx_word' id='word_1_7' title='bbox 1019 1164 1095 1206; x_wconf 83' lang='lat' dir='ltr'>QUI</span> <span class='ocrx_word' id='word_1_8' title='bbox 1123 1163 1238 1197; x_wconf 83' lang='lat' dir='ltr'><strong>SUNT</strong></span> 
     </span>
    </p>
   </div>
   <div class='ocr_carea' id='block_1_4' title="bbox 471 1286 1787 1340">
    <p class='ocr_par' dir='ltr' id='par_1_4' title="bbox 471 1286 1787 1340">
     <span class='ocr_line' id='line_1_5' title="bbox 471 1286 1787 1340; baseline -0.002 0"><span class='ocrx_word' id='word_1_9' title='bbox 471 1289 598 1340; x_wconf 83' lang='lat' dir='ltr'>DE</span> <span class='ocrx_word' id='word_1_10' title='bbox 638 1286 1182 1340; x_wconf 75' lang='lat' dir='ltr'>INVENTIONE</span> <span class='ocrx_word' id='word_1_11' title='bbox 1221 1286 1787 1338; x_wconf 78' lang='lat' dir='ltr'><strong>RHETORICA.</strong></span> 
     </span>
    </p>
   </div>
   <div class='ocr_carea' id='block_1_5' title="bbox 884 1632 1386 1672">
    <p class='ocr_par' dir='ltr' id='par_1_5' title="bbox 884 1632 1386 1672">
     <span class='ocr_line' id='line_1_6' title="bbox 884 1632 1386 1672; baseline 0 -1"><span class='ocrx_word' id='word_1_12' title='bbox 884 1632 1084 1672; x_wconf 82' lang='lat' dir='ltr'><strong>LIBER</strong></span> <span class='ocrx_word' id='word_1_13' title='bbox 1121 1632 1386 1672; x_wconf 82' lang='lat' dir='ltr'><strong>PRIMUS.</strong></span> 
     </span>
    </p>
   </div>
   <div class='ocr_carea' id='block_1_6' title="bbox 209 1765 2030 3086">
    <p class='ocr_par' dir='ltr' id='par_1_6' title="bbox 209 1765 2026 2837">
     <span class='ocr_line' id='line_1_7' title="bbox 252 1765 2014 1834; baseline -0.003 -12"><span class='ocrx_word' id='word_1_14' title='bbox 252 1784 285 1823; x_wconf 90' lang='grc' dir='ltr'>Ι.</span> <span class='ocrx_word' id='word_1_15' title='bbox 328 1783 365 1821; x_wconf 98' lang='grc'>1.</span> <span class='ocrx_word' id='word_1_16' title='bbox 411 1765 561 1834; x_wconf 76' lang='lat' dir='ltr'>Saepe</span> <span class='ocrx_word' id='word_1_17' title='bbox 582 1781 620 1819; x_wconf 89' lang='lat' dir='ltr'>et</span> <span class='ocrx_word' id='word_1_18' title='bbox 638 1775 815 1818; x_wconf 87' lang='lat' dir='ltr'>multum</span> <span class='ocrx_word' id='word_1_19' title='bbox 835 1776 917 1816; x_wconf 86' lang='lat' dir='ltr'>hoc</span> <span class='ocrx_word' id='word_1_20' title='bbox 937 1788 1099 1815; x_wconf 87' lang='lat' dir='ltr'>mecum</span> <span class='ocrx_word' id='word_1_21' title='bbox 1123 1773 1326 1828; x_wconf 85' lang='lat' dir='ltr'>cogitavi,</span> <span class='ocrx_word' id='word_1_22' title='bbox 1349 1773 1502 1815; x_wconf 90' lang='lat' dir='ltr'>bonine</span> <span class='ocrx_word' id='word_1_23' title='bbox 1526 1787 1577 1815; x_wconf 85' lang='lat' dir='ltr'>an</span> <span class='ocrx_word' id='word_1_24' title='bbox 1599 1773 1695 1815; x_wconf 86' lang='lat' dir='ltr'>mali</span> <span class='ocrx_word' id='word_1_25' title='bbox 1717 1774 1807 1830; x_wconf 89' lang='lat' dir='ltr'>plus</span> <span class='ocrx_word' id='word_1_26' title='bbox 1829 1775 2014 1817; x_wconf 87' lang='lat' dir='ltr'>attulerit</span> 
     </span>
     <span class='ocr_line' id='line_1_8' title="bbox 253 1836 2012 1893; baseline -0.003 -8"><span class='ocrx_word' id='word_1_27' title='bbox 253 1841 489 1885; x_wconf 87' lang='lat' dir='ltr'>hominibus</span> <span class='ocrx_word' id='word_1_28' title='bbox 521 1846 560 1882; x_wconf 91' lang='lat' dir='ltr'>et</span> <span class='ocrx_word' id='word_1_29' title='bbox 590 1839 824 1881; x_wconf 84' lang='lat' dir='ltr'>civitatibus</span> <span class='ocrx_word' id='word_1_30' title='bbox 856 1838 977 1892; x_wconf 89' lang='lat' dir='ltr'>copia</span> <span class='ocrx_word' id='word_1_31' title='bbox 1008 1837 1171 1878; x_wconf 87' lang='lat' dir='ltr'>dicendi</span> <span class='ocrx_word' id='word_1_32' title='bbox 1202 1851 1248 1877; x_wconf 86' lang='lat' dir='ltr'>ac</span> <span class='ocrx_word' id='word_1_33' title='bbox 1279 1851 1485 1878; x_wconf 80' lang='lat' dir='ltr'>summum</span> <span class='ocrx_word' id='word_1_34' title='bbox 1517 1836 1777 1893; x_wconf 79' lang='lat' dir='ltr'>eloquentiae</span> <span class='ocrx_word' id='word_1_35' title='bbox 1817 1840 2012 1880; x_wconf 87' lang='lat' dir='ltr'>studium.</span> 
     </span>
     <span class='ocr_line' id='line_1_9' title="bbox 252 1898 2017 1956; baseline -0.002 -9"><span class='ocrx_word' id='word_1_36' title='bbox 252 1910 353 1948; x_wconf 87' lang='lat' dir='ltr'>Nam</span> <span class='ocrx_word' id='word_1_37' title='bbox 385 1919 480 1946; x_wconf 86' lang='lat' dir='ltr'>cum</span> <span class='ocrx_word' id='word_1_38' title='bbox 511 1910 550 1945; x_wconf 88' lang='lat' dir='ltr'>et</span> <span class='ocrx_word' id='word_1_39' title='bbox 579 1908 743 1944; x_wconf 90' lang='lat' dir='ltr'>nostrae</span> <span class='ocrx_word' id='word_1_40' title='bbox 774 1903 835 1942; x_wconf 90' lang='lat' dir='ltr'>rei</span> <span class='ocrx_word' id='word_1_41' title='bbox 876 1901 1067 1956; x_wconf 86' lang='lat' dir='ltr'>publicae</span> <span class='ocrx_word' id='word_1_42' title='bbox 1112 1899 1358 1940; x_wconf 86' lang='lat' dir='ltr'>detrimenta</span> <span class='ocrx_word' id='word_1_43' title='bbox 1400 1898 1618 1940; x_wconf 85' lang='lat' dir='ltr'>considero</span> <span class='ocrx_word' id='word_1_44' title='bbox 1660 1904 1700 1940; x_wconf 85' lang='lat' dir='ltr'>et</span> <span class='ocrx_word' id='word_1_45' title='bbox 1741 1901 2017 1944; x_wconf 82' lang='lat' dir='ltr'>maximarum</span> 
     </span>
     <span class='ocr_line' id='line_1_10' title="bbox 256 1962 2018 2020; baseline -0.001 -12"><span class='ocrx_word' id='word_1_46' title='bbox 256 1969 463 2009; x_wconf 89' lang='lat' dir='ltr'>civitatum</span> <span class='ocrx_word' id='word_1_47' title='bbox 503 1972 664 2007; x_wconf 89' lang='lat' dir='ltr'>veteres</span> <span class='ocrx_word' id='word_1_48' title='bbox 709 1966 847 2006; x_wconf 89' lang='lat' dir='ltr'>animo</span> <span class='ocrx_word' id='word_1_49' title='bbox 888 1963 1138 2004; x_wconf 80' lang='lat' dir='ltr'>calamitates</span> <span class='ocrx_word' id='word_1_50' title='bbox 1179 1962 1351 2016; x_wconf 82' lang='lat' dir='ltr'>colligo,</span> <span class='ocrx_word' id='word_1_51' title='bbox 1398 1975 1479 2002; x_wconf 91' lang='lat' dir='ltr'>non</span> <span class='ocrx_word' id='word_1_52' title='bbox 1521 1962 1733 2003; x_wconf 83' lang='lat' dir='ltr'>minimam</span> <span class='ocrx_word' id='word_1_53' title='bbox 1773 1963 1899 2005; x_wconf 82' lang='lat' dir='ltr'>video</span> <span class='ocrx_word' id='word_1_54' title='bbox 1944 1978 2018 2020; x_wconf 91' lang='lat' dir='ltr'>per</span> 
     </span>
     <span class='ocr_line' id='line_1_11' title="bbox 256 2025 2017 2079; baseline -0.003 -7"><span class='ocrx_word' id='word_1_55' title='bbox 256 2030 550 2072; x_wconf 82' lang='lat' dir='ltr'>disertissimos</span> <span class='ocrx_word' id='word_1_56' title='bbox 580 2027 769 2069; x_wconf 90' lang='lat' dir='ltr'>homines</span> <span class='ocrx_word' id='word_1_57' title='bbox 800 2028 1003 2067; x_wconf 84' lang='lat' dir='ltr'>invectam</span> <span class='ocrx_word' id='word_1_58' title='bbox 1035 2030 1197 2079; x_wconf 88' lang='lat' dir='ltr'>partem</span> <span class='ocrx_word' id='word_1_59' title='bbox 1228 2025 1615 2073; x_wconf 84' lang='lat' dir='ltr'>incommodorum;</span> <span class='ocrx_word' id='word_1_60' title='bbox 1659 2039 1748 2065; x_wconf 88' lang='lat' dir='ltr'>cum</span> <span class='ocrx_word' id='word_1_61' title='bbox 1781 2032 1919 2068; x_wconf 89' lang='lat' dir='ltr'>autem</span> <span class='ocrx_word' id='word_1_62' title='bbox 1950 2040 2017 2068; x_wconf 87' lang='lat' dir='ltr'>res</span> 
     </span>
     <span class='ocr_line' id='line_1_12' title="bbox 227 2086 2020 2145; baseline 0 -15"><span class='ocrx_word' id='word_1_63' title='bbox 227 2095 308 2134; x_wconf 75' lang='lat' dir='ltr'>sab</span> <span class='ocrx_word' id='word_1_64' title='bbox 341 2097 481 2133; x_wconf 86' lang='lat' dir='ltr'>nostra</span> <span class='ocrx_word' id='word_1_65' title='bbox 511 2091 712 2132; x_wconf 87' lang='lat' dir='ltr'>memoria</span> <span class='ocrx_word' id='word_1_66' title='bbox 740 2094 911 2145; x_wconf 87' lang='lat' dir='ltr'>propter</span> <span class='ocrx_word' id='word_1_67' title='bbox 941 2094 1184 2129; x_wconf 84' lang='lat' dir='ltr'>vetustatem</span> <span class='ocrx_word' id='word_1_68' title='bbox 1221 2094 1401 2128; x_wconf 88' lang='lat' dir='ltr'>remotas</span> <span class='ocrx_word' id='word_1_69' title='bbox 1438 2100 1488 2127; x_wconf 84' lang='lat' dir='ltr'>ex</span> <span class='ocrx_word' id='word_1_70' title='bbox 1518 2086 1746 2128; x_wconf 88' lang='lat' dir='ltr'>litterarum</span> <span class='ocrx_word' id='word_1_71' title='bbox 1776 2102 2020 2130; x_wconf 91' lang='lat' dir='ltr'>monumen-</span> 
     </span>
     <span class='ocr_line' id='line_1_13' title="bbox 256 2150 2016 2208; baseline -0.002 -12"><span class='ocrx_word' id='word_1_72' title='bbox 256 2158 307 2196; x_wconf 91' lang='lat' dir='ltr'>tis</span> <span class='ocrx_word' id='word_1_73' title='bbox 339 2161 528 2208; x_wconf 87' lang='lat' dir='ltr'>repetere</span> <span class='ocrx_word' id='word_1_74' title='bbox 560 2155 752 2200; x_wconf 79' lang='lat' dir='ltr'>instituo,</span> <span class='ocrx_word' id='word_1_75' title='bbox 796 2154 944 2193; x_wconf 87' lang='lat' dir='ltr'>multas</span> <span class='ocrx_word' id='word_1_76' title='bbox 975 2154 1101 2192; x_wconf 91' lang='lat' dir='ltr'>urbes</span> <span class='ocrx_word' id='word_1_77' title='bbox 1133 2152 1401 2197; x_wconf 79' lang='lat' dir='ltr'>constitutas,</span> <span class='ocrx_word' id='word_1_78' title='bbox 1449 2151 1628 2203; x_wconf 90' lang='lat' dir='ltr'>plurima</span> <span class='ocrx_word' id='word_1_79' title='bbox 1667 2150 1774 2191; x_wconf 89' lang='lat' dir='ltr'>bella</span> <span class='ocrx_word' id='word_1_80' title='bbox 1804 2151 2016 2201; x_wconf 85' lang='lat' dir='ltr'>restincta,</span> 
     </span>
     <span class='ocr_line' id='line_1_14' title="bbox 257 2213 2016 2265; baseline -0.002 -6"><span class='ocrx_word' id='word_1_81' title='bbox 257 2218 512 2260; x_wconf 87' lang='lat' dir='ltr'>firmissimas</span> <span class='ocrx_word' id='word_1_82' title='bbox 535 2217 772 2263; x_wconf 72' lang='lat' dir='ltr'>societates,</span> <span class='ocrx_word' id='word_1_83' title='bbox 807 2215 1082 2256; x_wconf 87' lang='lat' dir='ltr'>sanctissimas</span> <span class='ocrx_word' id='word_1_84' title='bbox 1115 2214 1313 2254; x_wconf 83' lang='lat' dir='ltr'>amicitias</span> <span class='ocrx_word' id='word_1_85' title='bbox 1343 2213 1530 2265; x_wconf 83' lang='lat' dir='ltr'>intelligo</span> <span class='ocrx_word' id='word_1_86' title='bbox 1563 2227 1654 2253; x_wconf 88' lang='lat' dir='ltr'>cum</span> <span class='ocrx_word' id='word_1_87' title='bbox 1686 2215 1810 2253; x_wconf 91' lang='lat' dir='ltr'>animi</span> <span class='ocrx_word' id='word_1_88' title='bbox 1840 2215 2016 2263; x_wconf 87' lang='lat' dir='ltr'>ratione,</span> 
     </span>
     <span class='ocr_line' id='line_1_15' title="bbox 257 2275 2019 2332; baseline -0.002 -11"><span class='ocrx_word' id='word_1_89' title='bbox 257 2286 345 2322; x_wconf 86' lang='lat' dir='ltr'>tum</span> <span class='ocrx_word' id='word_1_90' title='bbox 376 2279 537 2320; x_wconf 80' lang='lat' dir='ltr'>facilius</span> <span class='ocrx_word' id='word_1_91' title='bbox 570 2279 808 2332; x_wconf 83' lang='lat' dir='ltr'>eloquentia</span> <span class='ocrx_word' id='word_1_92' title='bbox 839 2282 1111 2332; x_wconf 86' lang='lat' dir='ltr'>comparatas.</span> <span class='ocrx_word' id='word_1_93' title='bbox 1173 2279 1228 2317; x_wconf 91' lang='lat' dir='ltr'>Ac</span> <span class='ocrx_word' id='word_1_94' title='bbox 1260 2290 1325 2315; x_wconf 89' lang='lat' dir='ltr'>me</span> <span class='ocrx_word' id='word_1_95' title='bbox 1357 2277 1523 2329; x_wconf 88' lang='lat' dir='ltr'>quidem</span> <span class='ocrx_word' id='word_1_96' title='bbox 1555 2276 1625 2316; x_wconf 90' lang='lat' dir='ltr'>diu</span> <span class='ocrx_word' id='word_1_97' title='bbox 1647 2275 1891 2330; x_wconf 83' lang='lat' dir='ltr'>cogitantem</span> <span class='ocrx_word' id='word_1_98' title='bbox 1913 2278 2019 2319; x_wconf 88' lang='lat' dir='ltr'>ratio</span> 
     </span>
     <span class='ocr_line' id='line_1_16' title="bbox 258 2337 2020 2397; baseline -0.002 -13"><span class='ocrx_word' id='word_1_99' title='bbox 258 2345 347 2397; x_wconf 88' lang='lat' dir='ltr'>ipsa</span> <span class='ocrx_word' id='word_1_100' title='bbox 377 2344 419 2383; x_wconf 92' lang='lat' dir='ltr'>in</span> <span class='ocrx_word' id='word_1_101' title='bbox 449 2343 558 2382; x_wconf 85' lang='lat' dir='ltr'>hanc</span> <span class='ocrx_word' id='word_1_102' title='bbox 587 2341 845 2396; x_wconf 88' lang='lat' dir='ltr'>potissimum</span> <span class='ocrx_word' id='word_1_103' title='bbox 876 2338 1121 2380; x_wconf 86' lang='lat' dir='ltr'>sententiam</span> <span class='ocrx_word' id='word_1_104' title='bbox 1153 2337 1285 2386; x_wconf 86' lang='lat' dir='ltr'>ducit,</span> <span class='ocrx_word' id='word_1_105' title='bbox 1318 2343 1363 2378; x_wconf 87' lang='lat' dir='ltr'>ut</span> <span class='ocrx_word' id='word_1_106' title='bbox 1394 2339 1626 2379; x_wconf 81' lang='lat' dir='ltr'>existimem</span> <span class='ocrx_word' id='word_1_107' title='bbox 1658 2338 1901 2393; x_wconf 87' lang='lat' dir='ltr'>sapientiam</span> <span class='ocrx_word' id='word_1_108' title='bbox 1932 2341 2020 2380; x_wconf 89' lang='lat' dir='ltr'>sine</span> 
     </span>
     <span class='ocr_line' id='line_1_17' title="bbox 209 2400 2022 2462; baseline -0.003 -14"><span class='ocrx_word' id='word_1_109' title='bbox 209 2418 245 2444; x_wconf 81' lang='lat'>10</span> <span class='ocrx_word' id='word_1_110' title='bbox 260 2406 495 2462; x_wconf 86' lang='lat' dir='ltr'>eloquentia</span> <span class='ocrx_word' id='word_1_111' title='bbox 516 2418 662 2458; x_wconf 88' lang='lat' dir='ltr'>parum</span> <span class='ocrx_word' id='word_1_112' title='bbox 684 2402 883 2457; x_wconf 84' lang='lat' dir='ltr'>prodesse</span> <span class='ocrx_word' id='word_1_113' title='bbox 907 2400 1160 2450; x_wconf 86' lang='lat' dir='ltr'>civitatibus,</span> <span class='ocrx_word' id='word_1_114' title='bbox 1194 2401 1473 2454; x_wconf 86' lang='lat' dir='ltr'>eloquentiam</span> <span class='ocrx_word' id='word_1_115' title='bbox 1496 2414 1596 2441; x_wconf 81' lang='lat' dir='ltr'>vero</span> <span class='ocrx_word' id='word_1_116' title='bbox 1621 2401 1708 2441; x_wconf 90' lang='lat' dir='ltr'>sine</span> <span class='ocrx_word' id='word_1_117' title='bbox 1731 2400 1932 2453; x_wconf 84' lang='lat' dir='ltr'>sapientia</span> <span class='ocrx_word' id='word_1_118' title='bbox 1960 2403 2022 2442; x_wconf 91' lang='lat' dir='ltr'>ni-</span> 
     </span>
     <span class='ocr_line' id='line_1_18' title="bbox 259 2463 2022 2522; baseline -0.003 -12"><span class='ocrx_word' id='word_1_119' title='bbox 259 2471 387 2511; x_wconf 85' lang='lat' dir='ltr'>mium</span> <span class='ocrx_word' id='word_1_120' title='bbox 410 2467 556 2510; x_wconf 89' lang='lat' dir='ltr'>obesse</span> <span class='ocrx_word' id='word_1_121' title='bbox 574 2467 839 2522; x_wconf 86' lang='lat' dir='ltr'>plerumque,</span> <span class='ocrx_word' id='word_1_122' title='bbox 861 2467 1061 2520; x_wconf 86' lang='lat' dir='ltr'>prodesse</span> <span class='ocrx_word' id='word_1_123' title='bbox 1082 2477 1307 2517; x_wconf 86' lang='lat' dir='ltr'>nunquam.</span> <span class='ocrx_word' id='word_1_124' title='bbox 1342 2464 1480 2513; x_wconf 88' lang='lat' dir='ltr'>Quare</span> <span class='ocrx_word' id='word_1_125' title='bbox 1503 2464 1536 2503; x_wconf 90' lang='lat' dir='ltr'>si</span> <span class='ocrx_word' id='word_1_126' title='bbox 1556 2464 1661 2517; x_wconf 89' lang='lat' dir='ltr'>quis,</span> <span class='ocrx_word' id='word_1_127' title='bbox 1686 2464 1848 2504; x_wconf 90' lang='lat' dir='ltr'>omissis</span> <span class='ocrx_word' id='word_1_128' title='bbox 1878 2463 2022 2504; x_wconf 86' lang='lat' dir='ltr'>rectis-</span> 
     </span>
     <span class='ocr_line' id='line_1_19' title="bbox 260 2525 2022 2585; baseline -0.003 -12"><span class='ocrx_word' id='word_1_129' title='bbox 260 2533 374 2573; x_wconf 90' lang='lat' dir='ltr'>simis</span> <span class='ocrx_word' id='word_1_130' title='bbox 405 2537 525 2585; x_wconf 87' lang='lat' dir='ltr'>atque</span> <span class='ocrx_word' id='word_1_131' title='bbox 558 2528 856 2570; x_wconf 87' lang='lat' dir='ltr'>honestissimis</span> <span class='ocrx_word' id='word_1_132' title='bbox 900 2527 1044 2569; x_wconf 90' lang='lat' dir='ltr'>studiis</span> <span class='ocrx_word' id='word_1_133' title='bbox 1091 2526 1262 2568; x_wconf 86' lang='lat' dir='ltr'>rationis</span> <span class='ocrx_word' id='word_1_134' title='bbox 1312 2532 1351 2566; x_wconf 86' lang='lat' dir='ltr'>et</span> <span class='ocrx_word' id='word_1_135' title='bbox 1397 2525 1548 2574; x_wconf 84' lang='lat' dir='ltr'>officii,</span> <span class='ocrx_word' id='word_1_136' title='bbox 1601 2526 1804 2566; x_wconf 86' lang='lat' dir='ltr'>consumit</span> <span class='ocrx_word' id='word_1_137' title='bbox 1857 2539 2022 2567; x_wconf 90' lang='lat' dir='ltr'>omnem</span> 
     </span>
     <span class='ocr_line' id='line_1_20' title="bbox 262 2587 2023 2649; baseline -0.005 -13"><span class='ocrx_word' id='word_1_138' title='bbox 262 2608 429 2649; x_wconf 88' lang='lat' dir='ltr'>operam</span> <span class='ocrx_word' id='word_1_139' title='bbox 470 2594 512 2633; x_wconf 94' lang='lat' dir='ltr'>in</span> <span class='ocrx_word' id='word_1_140' title='bbox 554 2592 850 2633; x_wconf 80' lang='lat' dir='ltr'>exercitatione</span> <span class='ocrx_word' id='word_1_141' title='bbox 896 2590 1088 2638; x_wconf 91' lang='lat' dir='ltr'>dicendi,</span> <span class='ocrx_word' id='word_1_142' title='bbox 1141 2590 1174 2630; x_wconf 90' lang='lat' dir='ltr'>is</span> <span class='ocrx_word' id='word_1_143' title='bbox 1219 2589 1374 2630; x_wconf 88' lang='lat' dir='ltr'>inutilis</span> <span class='ocrx_word' id='word_1_144' title='bbox 1420 2588 1524 2637; x_wconf 89' lang='lat' dir='ltr'>sihi,</span> <span class='ocrx_word' id='word_1_145' title='bbox 1576 2587 1834 2641; x_wconf 88' lang='lat' dir='ltr'>perniciosus</span> <span class='ocrx_word' id='word_1_146' title='bbox 1864 2589 2023 2641; x_wconf 85' lang='lat' dir='ltr'>patriae</span> 
     </span>
     <span class='ocr_line' id='line_1_21' title="bbox 263 2652 2020 2709; baseline -0.003 -12"><span class='ocrx_word' id='word_1_147' title='bbox 263 2658 362 2698; x_wconf 86' lang='lat' dir='ltr'>civis</span> <span class='ocrx_word' id='word_1_148' title='bbox 394 2655 534 2703; x_wconf 89' lang='lat' dir='ltr'>alitur;</span> <span class='ocrx_word' id='word_1_149' title='bbox 567 2654 637 2709; x_wconf 84' lang='lat' dir='ltr'>qui</span> <span class='ocrx_word' id='word_1_150' title='bbox 667 2667 766 2694; x_wconf 88' lang='lat' dir='ltr'>vero</span> <span class='ocrx_word' id='word_1_151' title='bbox 797 2653 853 2694; x_wconf 90' lang='lat' dir='ltr'>ita</span> <span class='ocrx_word' id='word_1_152' title='bbox 884 2667 973 2694; x_wconf 89' lang='lat' dir='ltr'>sese</span> <span class='ocrx_word' id='word_1_153' title='bbox 1003 2657 1134 2693; x_wconf 88' lang='lat' dir='ltr'>armat</span> <span class='ocrx_word' id='word_1_154' title='bbox 1165 2652 1425 2706; x_wconf 90' lang='lat' dir='ltr'>eloquentia,</span> <span class='ocrx_word' id='word_1_155' title='bbox 1459 2656 1504 2690; x_wconf 89' lang='lat' dir='ltr'>ut</span> <span class='ocrx_word' id='word_1_156' title='bbox 1533 2664 1615 2691; x_wconf 91' lang='lat' dir='ltr'>non</span> <span class='ocrx_word' id='word_1_157' title='bbox 1647 2663 1886 2704; x_wconf 85' lang='lat' dir='ltr'>oppugnare</span> <span class='ocrx_word' id='word_1_158' title='bbox 1907 2663 2020 2692; x_wconf 87' lang='lat' dir='ltr'>com-</span> 
     </span>
     <span class='ocr_line' id='line_1_22' title="bbox 213 2711 2026 2774; baseline -0.004 -13"><span class='ocrx_word' id='word_1_159' title='bbox 213 2731 247 2755; x_wconf 82' lang='lat'>1⁵</span> <span class='ocrx_word' id='word_1_160' title='bbox 265 2719 385 2761; x_wconf 90' lang='lat' dir='ltr'>moda</span> <span class='ocrx_word' id='word_1_161' title='bbox 424 2718 602 2774; x_wconf 83' lang='lat' dir='ltr'>patriae,</span> <span class='ocrx_word' id='word_1_162' title='bbox 649 2718 720 2757; x_wconf 88' lang='lat' dir='ltr'>sed</span> <span class='ocrx_word' id='word_1_163' title='bbox 761 2729 834 2770; x_wconf 88' lang='lat' dir='ltr'>pro</span> <span class='ocrx_word' id='word_1_164' title='bbox 877 2715 939 2756; x_wconf 90' lang='lat' dir='ltr'>his</span> <span class='ocrx_word' id='word_1_165' title='bbox 984 2728 1245 2770; x_wconf 83' lang='lat' dir='ltr'>propugnare</span> <span class='ocrx_word' id='word_1_166' title='bbox 1285 2716 1439 2767; x_wconf 89' lang='lat' dir='ltr'>possit,</span> <span class='ocrx_word' id='word_1_167' title='bbox 1488 2715 1521 2753; x_wconf 90' lang='lat' dir='ltr'>is</span> <span class='ocrx_word' id='word_1_168' title='bbox 1564 2711 1664 2752; x_wconf 89' lang='lat' dir='ltr'>mihi</span> <span class='ocrx_word' id='word_1_169' title='bbox 1707 2711 1772 2752; x_wconf 87' lang='lat' dir='ltr'>vir</span> <span class='ocrx_word' id='word_1_170' title='bbox 1802 2717 1842 2751; x_wconf 86' lang='lat' dir='ltr'>et</span> <span class='ocrx_word' id='word_1_171' title='bbox 1871 2713 1953 2754; x_wconf 90' lang='lat' dir='ltr'>suis</span> <span class='ocrx_word' id='word_1_172' title='bbox 1984 2717 2026 2754; x_wconf 85' lang='lat' dir='ltr'>et</span> 
     </span>
     <span class='ocr_line' id='line_1_23' title="bbox 264 2773 1883 2837; baseline -0.005 -14"><span class='ocrx_word' id='word_1_173' title='bbox 264 2783 439 2837; x_wconf 87' lang='lat' dir='ltr'>puhlicis</span> <span class='ocrx_word' id='word_1_174' title='bbox 469 2781 696 2822; x_wconf 87' lang='lat' dir='ltr'>rationibus</span> <span class='ocrx_word' id='word_1_175' title='bbox 727 2778 970 2819; x_wconf 87' lang='lat' dir='ltr'>utilissimus</span> <span class='ocrx_word' id='word_1_176' title='bbox 1001 2784 1122 2832; x_wconf 87' lang='lat' dir='ltr'>atque</span> <span class='ocrx_word' id='word_1_177' title='bbox 1154 2776 1426 2818; x_wconf 87' lang='lat' dir='ltr'>amicissimus</span> <span class='ocrx_word' id='word_1_178' title='bbox 1458 2776 1558 2815; x_wconf 83' lang='lat' dir='ltr'>civis</span> <span class='ocrx_word' id='word_1_179' title='bbox 1587 2773 1676 2815; x_wconf 84' lang='lat' dir='ltr'>sore</span> <span class='ocrx_word' id='word_1_180' title='bbox 1708 2775 1883 2815; x_wconf 88' lang='lat' dir='ltr'>videtur.</span> 
     </span>
    </p>

    <p class='ocr_par' dir='ltr' id='par_1_7' title="bbox 268 2837 2030 3024">
     <span class='ocr_line' id='line_1_24' title="bbox 376 2837 2023 2896; baseline -0.004 -11"><span class='ocrx_word' id='word_1_181' title='bbox 376 2848 415 2886; x_wconf 74' lang='lat'>2.</span> <span class='ocrx_word' id='word_1_182' title='bbox 445 2847 502 2886; x_wconf 88' lang='lat' dir='ltr'>Ae</span> <span class='ocrx_word' id='word_1_183' title='bbox 533 2844 565 2884; x_wconf 91' lang='lat' dir='ltr'>si</span> <span class='ocrx_word' id='word_1_184' title='bbox 596 2842 785 2883; x_wconf 89' lang='lat' dir='ltr'>volumus</span> <span class='ocrx_word' id='word_1_185' title='bbox 816 2840 935 2881; x_wconf 89' lang='lat' dir='ltr'>huius</span> <span class='ocrx_word' id='word_1_186' title='bbox 967 2843 1049 2888; x_wconf 90' lang='lat' dir='ltr'>rei,</span> <span class='ocrx_word' id='word_1_187' title='bbox 1083 2854 1187 2896; x_wconf 87' lang='lat' dir='ltr'>quae</span> <span class='ocrx_word' id='word_1_188' title='bbox 1217 2845 1389 2880; x_wconf 71' lang='lat' dir='ltr'>vocatur</span> <span class='ocrx_word' id='word_1_189' title='bbox 1419 2837 1677 2891; x_wconf 84' lang='lat' dir='ltr'>eloquentia,</span> <span class='ocrx_word' id='word_1_190' title='bbox 1711 2839 1796 2877; x_wconf 91' lang='lat' dir='ltr'>sive</span> <span class='ocrx_word' id='word_1_191' title='bbox 1818 2837 1916 2878; x_wconf 85' lang='lat' dir='ltr'>artis</span> <span class='ocrx_word' id='word_1_192' title='bbox 1936 2839 2023 2879; x_wconf 85' lang='lat' dir='ltr'>sive</span> 
     </span>
     <span class='ocr_line' id='line_1_25' title="bbox 268 2898 2030 2952; baseline -0.004 -4"><span class='ocrx_word' id='word_1_193' title='bbox 268 2909 388 2948; x_wconf 86' lang='lat' dir='ltr'>studii</span> <span class='ocrx_word' id='word_1_194' title='bbox 419 2907 504 2948; x_wconf 82' lang='lat' dir='ltr'>sive</span> <span class='ocrx_word' id='word_1_195' title='bbox 537 2905 842 2947; x_wconf 62' lang='lat' dir='ltr'>exercitationis</span> <span class='ocrx_word' id='word_1_196' title='bbox 873 2902 1081 2944; x_wconf 85' lang='lat' dir='ltr'>cuiusdam</span> <span class='ocrx_word' id='word_1_197' title='bbox 1114 2906 1199 2944; x_wconf 88' lang='lat' dir='ltr'>sive</span> <span class='ocrx_word' id='word_1_198' title='bbox 1222 2901 1426 2942; x_wconf 86' lang='lat' dir='ltr'>facultatis</span> <span class='ocrx_word' id='word_1_199' title='bbox 1447 2901 1498 2940; x_wconf 89' lang='lat' dir='ltr'>ab</span> <span class='ocrx_word' id='word_1_200' title='bbox 1520 2905 1664 2939; x_wconf 89' lang='lat' dir='ltr'>natura</span> <span class='ocrx_word' id='word_1_201' title='bbox 1695 2898 1906 2952; x_wconf 82' lang='lat' dir='ltr'>profectae</span> <span class='ocrx_word' id='word_1_202' title='bbox 1928 2914 2030 2941; x_wconf 71' lang='lat' dir='ltr'>con-</span> 
     </span>
     <span class='ocr_line' id='line_1_26' title="bbox 269 2962 2023 3024; baseline -0.003 -13"><span class='ocrx_word' id='word_1_203' title='bbox 269 2970 448 3011; x_wconf 88' lang='lat' dir='ltr'>siderare</span> <span class='ocrx_word' id='word_1_204' title='bbox 478 2970 752 3024; x_wconf 86' lang='lat' dir='ltr'>principium,</span> <span class='ocrx_word' id='word_1_205' title='bbox 792 2967 1049 3020; x_wconf 86' lang='lat' dir='ltr'>reperiemus</span> <span class='ocrx_word' id='word_1_206' title='bbox 1079 2965 1121 3006; x_wconf 92' lang='lat' dir='ltr'>id</span> <span class='ocrx_word' id='word_1_207' title='bbox 1152 2980 1204 3006; x_wconf 83' lang='lat' dir='ltr'>ex</span> <span class='ocrx_word' id='word_1_208' title='bbox 1235 2962 1535 3005; x_wconf 88' lang='lat' dir='ltr'>honestissimis</span> <span class='ocrx_word' id='word_1_209' title='bbox 1568 2963 1700 3002; x_wconf 85' lang='lat' dir='ltr'>causis</span> <span class='ocrx_word' id='word_1_210' title='bbox 1731 2967 1870 3003; x_wconf 89' lang='lat' dir='ltr'>natum</span> <span class='ocrx_word' id='word_1_211' title='bbox 1901 2968 2023 3018; x_wconf 85' lang='lat' dir='ltr'>atque</span> 
     </span>
    </p>

    <p class='ocr_par' dir='ltr' id='par_1_8' title="bbox 219 3026 2022 3086">
     <span class='ocr_line' id='line_1_27' title="bbox 219 3026 2022 3086; baseline -0.003 -13"><span class='ocrx_word' id='word_1_212' title='bbox 219 3043 254 3068; x_wconf 86' lang='lat'>20</span> <span class='ocrx_word' id='word_1_213' title='bbox 270 3032 435 3085; x_wconf 89' lang='lat' dir='ltr'>optimis</span> <span class='ocrx_word' id='word_1_214' title='bbox 466 3032 693 3073; x_wconf 84' lang='lat' dir='ltr'>rationibus</span> <span class='ocrx_word' id='word_1_215' title='bbox 723 3030 970 3086; x_wconf 88' lang='lat' dir='ltr'>profectum.</span> <span class='ocrx_word' id='word_1_216' title='bbox 1033 3029 1085 3068; x_wconf 93' lang='lat' dir='ltr'>II.</span> <span class='ocrx_word' id='word_1_217' title='bbox 1120 3030 1223 3068; x_wconf 90' lang='lat' dir='ltr'>Nam</span> <span class='ocrx_word' id='word_1_218' title='bbox 1256 3028 1333 3067; x_wconf 87' lang='lat' dir='ltr'>fuit</span> <span class='ocrx_word' id='word_1_219' title='bbox 1363 3026 1570 3081; x_wconf 89' lang='lat' dir='ltr'>quoddam</span> <span class='ocrx_word' id='word_1_220' title='bbox 1613 3028 1800 3078; x_wconf 89' lang='lat' dir='ltr'>tempus,</span> <span class='ocrx_word' id='word_1_221' title='bbox 1849 3040 1941 3067; x_wconf 87' lang='lat' dir='ltr'>cum</span> <span class='ocrx_word' id='word_1_222' title='bbox 1981 3027 2022 3069; x_wconf 90' lang='lat' dir='ltr'>in</span> 
     </span>
    </p>
   </div>
   <div class='ocr_carea' id='block_1_7' title="bbox 1124 3112 1745 3136">
    <p class='ocr_par' dir='ltr' id='par_1_9' title="bbox 1124 3112 1745 3136">
     <span class='ocr_line' id='line_1_28' title="bbox 1124 3112 1745 3136; baseline 0 0"><span class='ocrx_word' id='word_1_223' title='bbox 1124 3112 1745 3136; x_wconf 95' lang='lat' dir='ltr'> </span> 
     </span>
    </p>
   </div>
   <div class='ocr_carea' id='block_1_8' title="bbox 273 3169 2023 3310">
    <p class='ocr_par' dir='ltr' id='par_1_10' title="bbox 273 3169 2023 3310">
     <span class='ocr_line' id='line_1_29' title="bbox 363 3169 2020 3216; baseline -0.003 -9"><span class='ocrx_word' id='word_1_224' title='bbox 363 3177 396 3208; x_wconf 86' lang='lat'>1.</span> <span class='ocrx_word' id='word_1_225' title='bbox 425 3173 467 3215; x_wconf 81' lang='lat' dir='ltr'>et]</span> <span class='ocrx_word' id='word_1_226' title='bbox 496 3185 535 3207; x_wconf 83' lang='lat' dir='ltr'>ac</span> <span class='ocrx_word' id='word_1_227' title='bbox 559 3177 601 3207; x_wconf 80' lang='lat' dir='ltr'>R.</span> <span class='ocrx_word' id='word_1_228' title='bbox 634 3191 670 3197; x_wconf 91' lang='lat'>—-</span> <span class='ocrx_word' id='word_1_229' title='bbox 714 3175 865 3216; x_wconf 64' lang='lat' dir='ltr'>cogitavi</span> <span class='ocrx_word' id='word_1_230' title='bbox 890 3182 1022 3205; x_wconf 82' lang='lat' dir='ltr'>mecum</span> <span class='ocrx_word' id='word_1_231' title='bbox 1057 3173 1130 3205; x_wconf 73' lang='lat' dir='ltr'>AT.</span> <span class='ocrx_word' id='word_1_232' title='bbox 1164 3188 1198 3193; x_wconf 98' lang='lat'><strong>—</strong></span> <span class='ocrx_word' id='word_1_233' title='bbox 1241 3171 1276 3203; x_wconf 68' lang='grc' dir='ltr'>[ι.</span> <span class='ocrx_word' id='word_1_234' title='bbox 1312 3171 1435 3211; x_wconf 62' lang='lat' dir='ltr'>colligo</span> <span class='ocrx_word' id='word_1_235' title='bbox 1468 3169 1685 3201; x_wconf 78' lang='lat' dir='ltr'>calamitates</span> <span class='ocrx_word' id='word_1_236' title='bbox 1709 3169 1920 3201; x_wconf 82' lang='lat' dir='ltr'>Victorinus.</span> <span class='ocrx_word' id='word_1_237' title='bbox 1964 3170 2020 3209; x_wconf 86' lang='lat' dir='ltr'>(V.</span> 
     </span>
     <span class='ocr_line' id='line_1_30' title="bbox 273 3216 2022 3263; baseline -0.003 -8"><span class='ocrx_word' id='word_1_238' title='bbox 273 3223 485 3263; x_wconf 81' lang='lat' dir='ltr'>postmodo.)</span> <span class='ocrx_word' id='word_1_239' title='bbox 512 3239 551 3243; x_wconf 96' lang='lat'><strong>—</strong></span> <span class='ocrx_word' id='word_1_240' title='bbox 581 3223 614 3254; x_wconf 89' lang='grc'>5.</span> <span class='ocrx_word' id='word_1_241' title='bbox 641 3224 809 3254; x_wconf 68' lang='lat' dir='ltr'>invectam</span> <span class='ocrx_word' id='word_1_242' title='bbox 834 3230 902 3254; x_wconf 81' lang='lat' dir='ltr'>esse</span> <span class='ocrx_word' id='word_1_243' title='bbox 927 3221 969 3256; x_wconf 73' lang='lat' dir='ltr'>V,</span> <span class='ocrx_word' id='word_1_244' title='bbox 990 3221 1029 3251; x_wconf 88' lang='lat' dir='ltr'>L.</span> <span class='ocrx_word' id='word_1_245' title='bbox 1060 3238 1094 3243; x_wconf 92' lang='lat'><strong>—</strong></span> <span class='ocrx_word' id='word_1_246' title='bbox 1126 3219 1159 3250; x_wconf 90' lang='grc'>8.</span> <span class='ocrx_word' id='word_1_247' title='bbox 1188 3218 1298 3251; x_wconf 76' lang='lat' dir='ltr'>animi</span> <span class='ocrx_word' id='word_1_248' title='bbox 1323 3222 1522 3256; x_wconf 81' lang='lat' dir='ltr'>suspectum</span> <span class='ocrx_word' id='word_1_249' title='bbox 1550 3217 1710 3248; x_wconf 84' lang='lat' dir='ltr'>Ernestio</span> <span class='ocrx_word' id='word_1_250' title='bbox 1738 3217 1849 3247; x_wconf 80' lang='lat' dir='ltr'>firmat</span> <span class='ocrx_word' id='word_1_251' title='bbox 1875 3216 1912 3248; x_wconf 83' lang='lat' dir='ltr'>V.</span> <span class='ocrx_word' id='word_1_252' title='bbox 1943 3226 2022 3250; x_wconf 84' lang='lat' dir='ltr'>cnm</span> 
     </span>
     <span class='ocr_line' id='line_1_31' title="bbox 275 3263 2023 3310; baseline -0.005 -7"><span class='ocrx_word' id='word_1_253' title='bbox 275 3271 370 3303; x_wconf 83' lang='lat' dir='ltr'>libris</span> <span class='ocrx_word' id='word_1_254' title='bbox 400 3271 537 3300; x_wconf 79' lang='lat' dir='ltr'>nostriS.</span> <span class='ocrx_word' id='word_1_255' title='bbox 565 3286 606 3291; x_wconf 86' lang='lat'>——</span> <span class='ocrx_word' id='word_1_256' title='bbox 633 3269 687 3300; x_wconf 61' lang='lat'>14.</span> <span class='ocrx_word' id='word_1_257' title='bbox 714 3278 873 3310; x_wconf 62' lang='lat' dir='ltr'>pugnare</span> <span class='ocrx_word' id='word_1_258' title='bbox 897 3268 1002 3299; x_wconf 71' lang='grc' dir='ltr'><strong>ΛΒΤ.</strong></span> <span class='ocrx_word' id='word_1_259' title='bbox 1052 3267 1096 3299; x_wconf 85' lang='lat' dir='ltr'>Ut</span> <span class='ocrx_word' id='word_1_260' title='bbox 1123 3276 1183 3299; x_wconf 89' lang='lat' dir='ltr'>nos</span> <span class='ocrx_word' id='word_1_261' title='bbox 1201 3290 1209 3303; x_wconf 92' lang='lat'>‚</span> <span class='ocrx_word' id='word_1_262' title='bbox 1238 3266 1274 3296; x_wconf 89' lang='lat' dir='ltr'>P.</span> <span class='ocrx_word' id='word_1_263' title='bbox 1305 3282 1343 3287; x_wconf 92' lang='lat'>—</span> <span class='ocrx_word' id='word_1_264' title='bbox 1384 3265 1438 3295; x_wconf 84' lang='grc'>17.</span> <span class='ocrx_word' id='word_1_265' title='bbox 1466 3265 1535 3295; x_wconf 72' lang='lat' dir='ltr'>sive</span> <span class='ocrx_word' id='word_1_266' title='bbox 1562 3265 1649 3294; x_wconf 81' lang='lat' dir='ltr'>artis</span> <span class='ocrx_word' id='word_1_267' title='bbox 1675 3264 1744 3294; x_wconf 80' lang='lat' dir='ltr'>sive</span> <span class='ocrx_word' id='word_1_268' title='bbox 1767 3263 1876 3294; x_wconf 77' lang='lat' dir='ltr'>studii</span> <span class='ocrx_word' id='word_1_269' title='bbox 1902 3263 2023 3296; x_wconf 74' lang='lat' dir='ltr'>PART</span> 
     </span>
    </p>
   </div>
   <div class='ocr_carea' id='block_1_9' title="bbox 275 3310 2020 3405">
    <p class='ocr_par' dir='ltr' id='par_1_11' title="bbox 275 3310 2020 3405">
     <span class='ocr_line' id='line_1_32' title="bbox 276 3310 2020 3355; baseline -0.005 -6"><span class='ocrx_word' id='word_1_270' title='bbox 276 3318 349 3354; x_wconf 87' lang='lat' dir='ltr'>(sed</span> <span class='ocrx_word' id='word_1_271' title='bbox 382 3316 467 3347; x_wconf 82' lang='grc' dir='ltr'>ΡΑΤ</span> <span class='ocrx_word' id='word_1_272' title='bbox 507 3325 545 3347; x_wconf 84' lang='lat' dir='ltr'>ex</span> <span class='ocrx_word' id='word_1_273' title='bbox 579 3315 681 3355; x_wconf 82' lang='lat' dir='ltr'>gloss.</span> <span class='ocrx_word' id='word_1_274' title='bbox 716 3318 785 3348; x_wconf 75' lang='lat' dir='ltr'>sive</span> <span class='ocrx_word' id='word_1_275' title='bbox 818 3316 907 3347; x_wconf 80' lang='lat' dir='ltr'>artis</span> <span class='ocrx_word' id='word_1_276' title='bbox 934 3316 1073 3347; x_wconf 76' lang='lat' dir='ltr'>initium</span> <span class='ocrx_word' id='word_1_277' title='bbox 1096 3316 1163 3345; x_wconf 83' lang='lat' dir='ltr'>sive</span> <span class='ocrx_word' id='word_1_278' title='bbox 1189 3311 1323 3352; x_wconf 81' lang='lat' dir='ltr'>studii).</span> <span class='ocrx_word' id='word_1_279' title='bbox 1374 3311 1498 3342; x_wconf 85' lang='lat' dir='ltr'>Nostro</span> <span class='ocrx_word' id='word_1_280' title='bbox 1527 3311 1638 3341; x_wconf 83' lang='lat' dir='ltr'>ordini</span> <span class='ocrx_word' id='word_1_281' title='bbox 1667 3310 1756 3341; x_wconf 74' lang='lat' dir='ltr'>favet</span> <span class='ocrx_word' id='word_1_282' title='bbox 1781 3312 1883 3342; x_wconf 80' lang='lat' dir='ltr'>etiam</span> <span class='ocrx_word' id='word_1_283' title='bbox 1912 3310 1952 3341; x_wconf 90' lang='lat' dir='ltr'>V.</span> <span class='ocrx_word' id='word_1_284' title='bbox 1983 3329 2020 3336; x_wconf 90' lang='lat'>—-</span> 
     </span>
     <span class='ocr_line' id='line_1_33' title="bbox 275 3356 1963 3405; baseline -0.005 -7"><span class='ocrx_word' id='word_1_285' title='bbox 275 3365 329 3398; x_wconf 91' lang='grc'>18.</span> <span class='ocrx_word' id='word_1_286' title='bbox 358 3364 400 3396; x_wconf 91' lang='lat' dir='ltr'>ab</span> <span class='ocrx_word' id='word_1_287' title='bbox 426 3362 569 3396; x_wconf 68' lang='lat' dir='ltr'>PART:</span> <span class='ocrx_word' id='word_1_288' title='bbox 598 3371 620 3394; x_wconf 87' lang='lat' dir='ltr'>a</span> <span class='ocrx_word' id='word_1_289' title='bbox 644 3362 684 3393; x_wconf 87' lang='lat' dir='ltr'>E.</span> <span class='ocrx_word' id='word_1_290' title='bbox 715 3381 748 3387; x_wconf 90' lang='lat'><strong>—</strong></span> <span class='ocrx_word' id='word_1_291' title='bbox 779 3363 834 3396; x_wconf 87' lang='grc'>19.</span> <span class='ocrx_word' id='word_1_292' title='bbox 864 3368 968 3405; x_wconf 78' lang='lat' dir='ltr'>acque</span> <span class='ocrx_word' id='word_1_293' title='bbox 987 3362 1124 3404; x_wconf 80' lang='lat' dir='ltr'>optimis</span> <span class='ocrx_word' id='word_1_294' title='bbox 1143 3359 1313 3394; x_wconf 78' lang='lat' dir='ltr'>VPART:</span> <span class='ocrx_word' id='word_1_295' title='bbox 1343 3364 1446 3403; x_wconf 78' lang='lat' dir='ltr'>atque</span> <span class='ocrx_word' id='word_1_296' title='bbox 1465 3358 1507 3389; x_wconf 89' lang='lat' dir='ltr'>ab</span> <span class='ocrx_word' id='word_1_297' title='bbox 1527 3358 1668 3399; x_wconf 77' lang='lat' dir='ltr'>optimis</span> <span class='ocrx_word' id='word_1_298' title='bbox 1687 3365 1765 3388; x_wconf 89' lang='lat' dir='ltr'>cum</span> <span class='ocrx_word' id='word_1_299' title='bbox 1780 3356 1903 3389; x_wconf 81' lang='lat' dir='ltr'>Lamb.</span> <span class='ocrx_word' id='word_1_300' title='bbox 1924 3357 1963 3390; x_wconf 87' lang='lat' dir='ltr'>E.</span> 
     </span>
    </p>
   </div>
  </div>
 </body>
</html>
