2117 3762
654 242 751 282 LIB.
782 239 852 281 111.
912 240 953 281 C.
986 241 1023 281 9.
1057 242 1119 281 10.
1153 243 1215 282 11.
1252 243 1314 286 12.
1801 245 1851 286 41

111 362 230 392 causa
260 347 494 390 confirmari
523 345 665 402 possit.
728 346 990 400 Quapropter
1032 347 1226 388 continuo
1268 346 1426 388 firmam
1472 347 1650 402 aliquam
1694 356 1856 403 oportet

110 411 264 452 inferre
293 409 701 465 argumentationem.
761 411 807 448 Et
837 409 1030 463 quoniam
1061 409 1296 463 nuperrime
1317 409 1468 450 dictum
1492 409 1609 450 facile
1633 411 1856 452 memoriae

109 474 346 521 mandatur,
378 473 476 515 utile
506 478 588 517 est,
620 484 712 511 cum
744 470 881 511 dicere
908 469 1161 517 desinamus,
1193 479 1398 513 recentem
1421 472 1597 527 aliquam
1621 472 1855 528 relinquere

109 537 151 578 in
181 538 327 578 animis
357 536 589 578 auditorum
622 537 726 575 bene
756 532 913 574 sirmam
946 534 1353 587 argumentationem.
1413 536 1523 575 Haec
1554 534 1766 588 dispositio
1797 535 1856 576 lo-

110 613 279 647 corum,
324 606 529 654 tamquam
560 596 774 638 instructio
806 595 999 644 militum,
1046 596 1237 638 facillime
1269 600 1308 638 in
1340 596 1537 647 dicendo,
1584 597 1689 638 sicut
1719 597 1784 638 illa
1815 598 1884 639 ins

107 661 348 718 pugnando,
380 673 525 716 parare
555 659 706 714 poterit
736 658 966 702 victoriam.

219 726 293 765 xl.
329 725 390 764 19.
423 721 800 763 pronuntiationem
831 721 947 762 multi
978 722 1154 763 maxime
1185 721 1324 762 utilem
1356 722 1511 765 oratori
1543 721 1736 764 dixerunt
1766 736 1855 764 esse

109 792 148 827 et
176 784 226 826 ad
256 783 586 840 persuadendum
617 783 839 839 plurimum
878 783 1026 825 valere.
1085 786 1168 824 Nos
1211 784 1375 839 quidem
1420 799 1539 826 unam
1583 784 1633 826 de
1673 785 1855 840 quinque

107 846 232 889 rebus
260 847 481 902 plurimum
513 859 634 900 posse
665 860 745 887 non
775 846 891 887 facile
923 846 1171 895 dixerimus;
1210 847 1377 901 egregie
1408 861 1595 899 magnam
1626 861 1715 888 esse
1745 848 1857 889 utili-

107 916 228 951 tatem
258 909 300 949 in
332 908 686 960 pronuntiatione,
719 908 913 950 audacter
940 908 1332 951 confirmaverimus
1390 911 1491 950 Nam
1523 913 1763 951 commodae
1795 909 1903 950 in-1o

105 971 318 1012 ventiones
348 977 387 1011 et
412 971 635 1012 concinnae
658 974 884 1013 verborum
908 971 1161 1012 elocutiones
1184 977 1222 1011 et
1243 974 1418 1025 partium
1442 985 1586 1012 causae
1609 970 1853 1013 artificiosae

105 1032 395 1088 dispositiones
426 1039 465 1074 et
497 1036 645 1074 horum
677 1034 862 1074 omnium
894 1033 1067 1086 diligens
1089 1033 1288 1074 memoria
1310 1033 1397 1074 sine
1418 1034 1750 1088 pronuntiatione
1772 1047 1854 1076 non

103 1095 195 1151 plus
224 1109 345 1151 quam
376 1095 464 1136 sine
495 1095 556 1137 his
587 1099 712 1137 rebus
742 1095 1025 1151 pronuntiatio
1056 1095 1141 1136 sola
1173 1095 1309 1136 valere
1340 1095 1502 1150 poterit.
1564 1099 1720 1146 Quare,
1760 1097 1854 1153 quia

103 1171 226 1199 nemo
266 1157 317 1199 de
358 1171 404 1198 ea
435 1172 481 1199 re
524 1158 742 1212 diligenter
779 1157 968 1213 scripsit,
1016 1161 1126 1208 (nam
1157 1171 1298 1198 omnes
1329 1158 1398 1199 vix
1429 1172 1549 1213 posse
1580 1165 1772 1214 putarunt
1802 1158 1852 1200 de

103 1233 204 1262 voce
235 1225 275 1261 et
304 1219 417 1262 vultu
449 1227 489 1261 et
519 1227 636 1274 gestu
666 1219 843 1261 dilucide
889 1219 1031 1266 scribi,
1086 1235 1178 1261 cum
1211 1233 1282 1261 eae
1313 1234 1379 1261 res
1419 1220 1469 1261 ad
1509 1234 1651 1262 sensus
1690 1227 1900 1263 nostrosis

103 1285 400 1339 pertinerent:)
437 1289 476 1324 et
497 1283 591 1338 quia
614 1296 762 1337 magno
793 1296 919 1338 opere
951 1296 998 1323 ea
1030 1296 1124 1337 pars
1156 1296 1178 1323 a
1210 1281 1328 1324 nobis
1359 1282 1408 1323 ad
1441 1282 1660 1324 dicendum
1690 1297 1855 1340 compa-

101 1348 228 1387 randa
260 1351 338 1390 est.
372 1358 452 1386 non
483 1345 742 1399 negligenter
771 1345 934 1386 videtur
965 1350 1047 1386 tota
1078 1359 1145 1386 res
1177 1345 1486 1387 consideranda.

75 1403 79 1405 i
213 1407 418 1449 Dividitur
457 1407 583 1461 igitur
625 1407 904 1462 pronuntiatio
950 1407 992 1448 in
1029 1408 1143 1449 vocis
1180 1407 1350 1464 figuram
1389 1415 1429 1449 et
1460 1408 1647 1463 corporis
1677 1416 1847 1450 motum.

102 1470 252 1523 Figura
296 1469 405 1510 vocis
448 1475 508 1510 est
547 1483 615 1516 ea,
661 1483 766 1524 quae
805 1483 924 1511 suum
963 1471 1166 1525 quendam
1198 1470 1380 1526 possidet
1410 1470 1592 1512 habitum
1622 1471 1781 1512 ratione
1813 1476 1852 1512 et

101 1532 301 1574 industria
333 1538 625 1588 comparatum.
684 1534 748 1575 20.
778 1533 836 1573 Ea
867 1531 1065 1573 dividitur
1094 1532 1135 1573 in
1175 1539 1256 1574 tres
1297 1540 1454 1589 partes,
1507 1532 1899 1588 magnitudinem,2o

101 1593 413 1640 firmitudinem,
457 1593 765 1635 mollitudinem.
827 1594 1146 1648 Magnitudinem
1188 1596 1301 1637 vocis
1332 1596 1512 1638 maxime
1544 1601 1752 1651 comparat
1781 1609 1851 1636 na-

101 1663 209 1703 tura,
245 1656 429 1697 nonnihil
459 1659 653 1711 adauget,
693 1660 762 1698 sed
794 1656 974 1698 maxime
1005 1664 1220 1698 conservat
1251 1672 1369 1707 cura;
1416 1658 1706 1699 firmitudinem
1737 1657 1850 1699 vocis

100 1718 278 1760 maxime
309 1725 518 1774 comparat
548 1725 708 1764 natura,
743 1719 929 1760 nonnihil
958 1718 1153 1772 adauget,
1185 1720 1255 1761 sed
1286 1721 1464 1762 maxime
1492 1726 1710 1762 conservat
1731 1733 1851 1762 exer-

100 1780 238 1822 citatio
269 1779 593 1827 declamationis;
645 1780 946 1822 mollitudinem
977 1781 1109 1829 vocis,
1153 1785 1230 1823 hoc
1262 1790 1344 1830 est,
1385 1790 1430 1824 ut
1460 1797 1549 1824 eam
1581 1789 1777 1838 torquere
1807 1782 1848 1823 in

99 1841 272 1885 dicendo
302 1855 379 1897 pro
408 1848 550 1883 nostro
582 1842 800 1884 commodo
833 1843 1056 1898 possimus,
1090 1845 1265 1886 maxime
1294 1846 1414 1887 saciet
1444 1845 1685 1887 exercitatio
1715 1844 1848 1886 decla·
1861 1863 1896 1889 25

98 1904 301 1946 mationis.
361 1905 628 1959 Quapropter
657 1908 707 1945 de
737 1904 1020 1958 magnitudine
1054 1906 1165 1947 vocis
1196 1913 1235 1948 et
1265 1907 1526 1949 firmitudinis
1562 1914 1697 1963 parte,
1744 1921 1847 1962 quo-

98 1968 207 2009 niam
238 1965 365 2007 altera
394 1975 559 2013 natura,
591 1966 718 2008 altera
751 1982 848 2008 eura
877 1975 1159 2023 comparatur,
1191 1969 1290 2011 nihil
1312 1984 1386 2011 nos
1408 1970 1549 2012 attinet
1570 1984 1846 2016 commonere,

98 2029 178 2071 nisi
215 2035 262 2070 ut
303 2031 352 2069 ab
392 2029 464 2076 iis,
515 2029 584 2085 qui
622 2043 703 2070 non
742 2029 860 2070 inscii
891 2038 984 2072 sunt
1014 2032 1102 2073 eius
1134 2031 1314 2079 artificii,
1364 2032 1469 2074 ratio
1502 2032 1704 2074 curandae
1734 2032 1848 2073 vocis

97 2097 273 2148 petatur.
330 2093 421 2135 XII.
450 2094 510 2132 De
541 2105 586 2132 ea
616 2098 732 2146 parte
763 2091 1047 2141 firmitudinis,
1093 2108 1197 2149 quae
1230 2101 1497 2136 conservatur
1526 2096 1684 2137 ratione
1716 2094 1848 2136 decla-

98 2154 309 2203 mationis,
354 2161 393 2196 et
422 2153 472 2195 de
502 2153 759 2195 mollitudine
790 2155 925 2201 vocis,
971 2169 1076 2210 quae
1107 2157 1286 2198 maxime
1318 2157 1547 2198 necessaria
1578 2164 1639 2199 est
1668 2160 1895 2204 oratori‚³o

98 2216 293 2272 quoniam
337 2229 384 2257 ea
421 2230 587 2272 quoque
624 2217 909 2258 moderatione
955 2217 1259 2261 declamationis
1301 2226 1577 2274 comparatur,
1630 2218 1847 2261 dicendum

97 2279 273 2320 videtur.
331 2282 397 2320 21.
427 2279 606 2320 Firmam
644 2279 824 2321 maxime
862 2281 1091 2336 poterimus
1127 2281 1168 2322 in
1199 2281 1372 2323 dicendo
1402 2295 1544 2323 vocem
1577 2295 1844 2330 conservare,

98 2341 133 2382 si
170 2354 291 2396 quam
331 2341 510 2382 maxime
549 2343 686 2382 sedata
725 2349 765 2383 et
796 2342 990 2398 depressa
1019 2357 1120 2384 voce
1150 2344 1350 2399 principia
1380 2344 1577 2386 dicemus.
1638 2347 1734 2386 Nam
1768 2344 1847 2385 lae-

99 2403 251 2445 duntur
281 2403 479 2450 arteriae,
525 2403 581 2450 si,
627 2410 842 2460 antequam
883 2405 965 2447 leni
995 2419 1098 2447 voce
1129 2407 1360 2461 permulsae
1391 2413 1505 2454 sunt,
1553 2406 1637 2448 acri
1667 2407 1844 2448 clamore

98 2466 393 2521 compleantur.
461 2468 510 2507 Et
553 2466 774 2508 intervallis
818 2467 1074 2522 longioribus
1105 2469 1161 2510 uti
1199 2470 1434 2519 conveniet;
1483 2475 1697 2511 recreatur
1738 2473 1891 2510 enimas

98 2528 245 2584 spiritu
290 2542 373 2570 vox
413 2535 453 2569 et
494 2529 670 2570 arteriae
707 2530 918 2571 reticendo
949 2530 1234 2584 aequiescunt;
1282 2539 1321 2572 et
1357 2532 1593 2573 continuum
1625 2531 1844 2572 clamorem

97 2594 286 2633 omittere
326 2597 366 2632 et
395 2590 443 2632 ad
474 2604 708 2632 sermonem
739 2593 915 2634 transire
945 2598 1128 2648 oportet;
1174 2594 1512 2635 commutationes
1542 2593 1649 2634 enim
1682 2593 1842 2639 faciunt.

97 2659 142 2695 ut
179 2653 292 2695 nullo
333 2666 486 2708 genere
528 2653 641 2695 vocis
685 2653 816 2696 effuso
854 2655 896 2696 in
936 2655 1048 2696 omni
1093 2668 1195 2696 voce
1235 2656 1387 2708 integri
1428 2656 1569 2697 simus.
1629 2658 1678 2695 Et
1707 2660 1843 2695 acutas

96 2716 209 2757 vocis
248 2715 568 2758 exclamationes
606 2717 736 2758 vitare
778 2716 999 2766 debemus3
1048 2717 1151 2759 ictus
1188 2718 1295 2759 enim
1333 2718 1377 2759 fit
1417 2724 1457 2760 et
1493 2718 1639 2759 vulnus
1669 2717 1842 2757 arteriae

188 2823 223 2855 9.
251 2825 387 2863 eqreyie
411 2824 458 2861 P,
486 2824 554 2856 Erl'.
576 2824 729 2856 Cauch.:
768 2834 829 2857 nec
855 2826 985 2867 eqreyie
1011 2826 1200 2857 ABFRTE.
1252 2827 1340 2862 (uvel
1367 2829 1439 2858 sine
1464 2835 1523 2856 nec
1550 2825 1665 2865 lege»,
1704 2833 1751 2856 rc.
1774 2824 1839 2864 R).

99 2886 139 2892 —-
169 2868 224 2902 15.
253 2879 310 2901 eae
331 2869 379 2901 P:
408 2871 470 2902 hae
489 2871 668 2907 ABFRE,
697 2880 738 2902 ea
755 2871 795 2902 T.
826 2889 866 2894 —
894 2872 948 2903 18.
978 2877 1009 2903 et
1034 2873 1070 2902 in
1096 2874 1251 2912 corporis
1279 2873 1434 2904 PBFRT.
1465 2887 1502 2894 —
1534 2872 1588 2904 19.
1616 2874 1665 2903 est
1690 2880 1729 2902 ca
1756 2881 1843 2912 quae

97 2916 204 2948 PAR:
233 2924 273 2947 ea
297 2921 343 2946 est
368 2926 455 2957 quae
480 2917 587 2956 FRT,
614 2921 685 2954 est,
713 2926 801 2957 quae
827 2919 866 2951 E.
897 2936 933 2942 —
964 2919 1020 2949 22.
1048 2927 1131 2949 cura
1157 2924 1338 2950 conservat
1363 2919 1489 2951 PAFT.
1510 2934 1553 2938 —
1580 2917 1635 2950 23.
1662 2923 1842 2958 comparat

95 2967 228 2994 natura
252 2962 361 2994 PRT:
396 2969 635 3003 comparatam
659 2969 791 2996 natura
817 2965 864 3003 F,
890 2969 1021 2995 natura
1045 2969 1228 3004 comparat
1251 2966 1351 2997 ABE·
1379 2966 1457 3000 (Pro
1483 2969 1615 2995 natura
1640 2964 1719 2996 Seli.
1747 2969 1838 2997 coni.

97 3011 212 3043 cura.)
252 3026 287 3032 —
333 3008 390 3040 27.
416 3018 479 3041 nos
506 3009 701 3043 PABFRT:
742 3012 790 3043 ad
812 3020 874 3042 nos
900 3012 938 3043 E.
966 3027 1001 3035 -
1039 3011 1094 3042 32.
1124 3012 1277 3042 Fir-mam
1301 3013 1325 3043 F
1354 3017 1387 3042 et
1413 3020 1499 3043 corr.
1522 3011 1570 3042 P:
1605 3010 1840 3044 Fir-momento

99 3064 151 3095 pr.
172 3055 217 3094 P,
244 3054 398 3086 Firmum
422 3056 533 3095 igitur
559 3058 584 3089 E
611 3063 663 3095 et,
691 3062 730 3089 ut
754 3059 903 3094 videtur.
930 3060 955 3088 A
972 3081 980 3093 ,
1009 3058 1163 3089 firmam
1187 3067 1267 3099 erqo
1292 3058 1395 3089 BRT.
1425 3075 1460 3080 —
1491 3056 1546 3089 33.
1575 3057 1727 3089 laeditur
1752 3063 1841 3090 arte-

98 3104 155 3134 ria
184 3102 274 3139 B,L‚
315 3118 355 3123 —
397 3100 454 3132 34.
481 3103 511 3133 si
535 3119 549 3125 -
574 3120 587 3126 -
617 3105 800 3144 permulsa
825 3110 873 3136 esc
900 3102 1086 3144 (PABRL)
1113 3119 1126 3125 -
1151 3121 1164 3126 -
1189 3104 1364 3144 conpletur
1390 3102 1481 3144 (PB,
1517 3105 1732 3144 compleatur
1757 3105 1838 3143 L.),

99 3157 188 3189 quae
223 3149 386 3180 lectiones
422 3152 595 3186 praestare
633 3151 814 3187 videntur,
862 3153 963 3184 etiam
991 3153 1134 3190 propter
1158 3160 1231 3190 seq.
1260 3151 1385 3181 vulnus
1410 3151 1561 3183 arteriae
1587 3155 1700 3183 nostra
1730 3153 1762 3182 in
1790 3160 1839 3183 re-

98 3197 274 3227 censione.
325 3195 400 3226 Non
437 3199 551 3227 tamen
584 3199 656 3228 ausi
691 3207 809 3229 snmus
837 3200 1014 3235 recipere,
1058 3198 1139 3234 quia
1178 3199 1210 3227 tn
1245 3197 1433 3228 laeduntur
1466 3198 1618 3229 arteriae
1643 3200 1839 3236 conspirant

97 3243 203 3274 nostrl
231 3246 364 3281 praeter
387 3241 425 3272 B.
462 3258 503 3264 -
543 3241 599 3273 35.
625 3243 672 3273 Et
696 3243 860 3275 PABFT:
889 3245 1007 3275 Etiam
1032 3243 1104 3274 RE.
1131 3259 1175 3264 —-
1210 3243 1266 3274 36.
1292 3245 1418 3281 spiritu
1441 3253 1511 3275 voa:
1536 3244 1730 3276 PABFRT:
1768 3252 1838 3275 vox

97 3289 226 3327 spiritu
251 3289 291 3320 E.
321 3304 360 3311 —
387 3287 443 3319 37.
469 3289 623 3320 omittere
646 3289 813 3321 PAFRT:
841 3292 1015 3321 remittere
1041 3289 1108 3320 BE.
1135 3304 1176 3310 —
1203 3289 1259 3321 39.
1285 3289 1408 3322 vulnus
1432 3291 1581 3324 arteriae
1598 3291 1682 3323 PFT
1707 3295 1837 3323 etcum

101 3335 176 3369 aliis
202 3335 302 3368 honis
327 3334 437 3368 Codd.
464 3333 566 3366 Sch.:
594 3336 827 3368 vulnerantur
851 3337 1004 3368 arteriae
1026 3334 1159 3367 ABRE.
