2117 3762
270 257 352 298 370
1047 253 1245 295 BRUTUS

267 360 386 415 spitis
430 359 611 416 speciem
635 388 647 408 ,
700 371 793 398 cum
840 358 1021 397 aetatem
1071 363 1213 411 ageret
1258 360 1428 400 Athenis
1478 359 1717 414 optimeque
1765 359 2024 413 loqueretur.

268 425 448 466 Omnino
486 423 569 472 sic,
616 425 663 462 ut
701 419 872 474 opinor,
918 420 962 459 in
999 421 1153 461 nostris
1184 426 1246 462 est
1275 423 1442 478 quidam
1472 423 1757 469 urbanorum,
1810 422 1915 462 sicut
1943 421 2029 463 illic

264 487 495 529 Atticorum
526 497 664 527 sonus,
722 483 805 523 Sed
835 480 1005 523 domum
1035 481 1279 532 redeamus,
1312 485 1354 525 id
1376 489 1459 532 est,
1492 482 1543 525 ad
1564 489 1728 525 nostros
1749 488 2025 525 revertamur.

377 550 540 592 XLVII.
574 548 667 588 173.
714 546 887 587 Duobus
917 546 1043 599 igitur
1072 546 1262 593 summis,
1305 548 1451 588 Crasso
1485 551 1525 587 et
1553 547 1761 595 Antonio,
1804 547 1850 587 L.
1871 546 2028 599 Philip-

235 622 343 668 ⁵pus
371 610 585 666 proximus
616 609 862 656 accedebat,
909 609 982 648 sed
1010 607 1135 661 longo
1166 608 1384 650 intervallo
1415 615 1553 650 tamen
1584 610 1819 665 proximus.
1881 610 2025 663 Itaque

265 691 384 724 eum,
438 674 512 715 etsi
550 685 672 714 nemo
711 668 1020 719 intercedebat,
1067 669 1140 724 qui
1169 683 1213 711 se
1242 669 1303 711 illi
1332 672 1579 721 anteferret,
1627 685 1763 727 neque
1795 673 2026 713 secundum

263 745 400 781 tamen
437 748 574 789 neque
614 734 787 775 tertium
828 733 1020 775 dixerim.
1081 735 1164 774 Nec
1202 734 1311 774 enim
1350 733 1393 773 in
1423 734 1635 788 quadrigis
1667 749 1763 776 eum
1795 736 2027 776 secundum

262 798 572 843 numeraverim
610 802 681 838 aut
721 797 912 846 tertium,
960 797 1031 850 qui
1069 797 1142 837 vix
1173 809 1195 836 e
1227 796 1464 837 carceribus
1495 797 1664 846 exierit,
1719 811 1813 838 cum
1845 799 2027 853 palmam

261 866 342 905 iam
375 861 535 916 primus
565 861 791 915 acceperit;
822 874 900 901 nec
928 858 973 900 in
1004 857 1265 905 oratoribus,
1297 858 1369 914 qui
1398 864 1556 901 tantum
1586 860 1694 901 absit
1718 874 1740 901 a
1763 861 1924 913 prim0‚
1955 861 2027 902 vix

212 934 248 960 1⁰
263 933 307 969 ut
335 927 379 967 in
409 923 558 967 eodem
587 923 793 965 curriculo
828 936 919 965 esse
949 922 1154 963 videatur.
1218 923 1299 963 Sed
1335 927 1474 962 tamen
1513 929 1628 964 erant
1665 937 1715 964 ea
1744 924 1786 963 in
1816 922 2026 978 Philippo,

262 1003 390 1046 quae,
443 987 516 1043 qui
552 986 640 1029 sine
680 984 991 1040 comparatione
1030 985 1202 1026 illorum
1240 990 1472 1038 spectaret,
1523 987 1619 1026 satis
1655 999 1807 1040 magna
1840 985 2022 1027 diceret:

261 1065 423 1093 summa
451 1052 623 1092 libertas
653 1049 697 1090 in
728 1049 940 1097 oratione,
974 1049 1129 1088 multae
1159 1043 1355 1097 facetiae;
1386 1047 1484 1088 satis
1516 1049 1732 1089 creberin
1754 1049 2027 1103 reperiendis,

263 1116 423 1157 solutus
443 1112 487 1155 in
508 1111 763 1168 explicandis
785 1109 1018 1161 sententiis;
1053 1114 1142 1151 erat
1172 1109 1295 1151 etiam
1316 1109 1520 1165 imprimis
1535 1141 1546 1158 ,
1580 1116 1627 1152 ut
1646 1113 1905 1164 temporibus
1926 1110 2024 1160 illis,

263 1178 433 1219 Graecis
472 1174 669 1218 doctrinis
708 1173 941 1223 institutus,
980 1174 1025 1215 in
1062 1174 1301 1214 altercando
1344 1186 1438 1214 cum
1478 1173 1617 1228 aliquo
1651 1175 1797 1215 aculeo
1831 1180 1873 1215 et
1903 1174 2031 1215 male-

210 1240 371 1283 1⁵dieto
401 1238 571 1281 facetus.
631 1237 723 1279 17ἶι.
754 1238 916 1278 Horum
939 1237 1064 1278 aetati
1086 1249 1217 1292 prope
1238 1237 1485 1277 coniunctus
1516 1238 1565 1277 L.
1591 1236 1749 1278 Gellius
1769 1237 1799 1289 †
1827 1251 1913 1279 non
1943 1242 2027 1278 tam

260 1301 480 1347 vendibilis
518 1306 681 1350 orator,
734 1313 858 1356 quam
886 1304 933 1340 ut
962 1300 1168 1348 nescires,
1219 1298 1318 1353 quid
1349 1300 1387 1340 ei
1425 1300 1604 1339 deesset.
1668 1301 1754 1340 Nec
1793 1301 1903 1341 enim
1944 1305 2032 1341 erat

261 1367 455 1410 indoctus
494 1379 573 1407 nec
613 1365 756 1406 tardus
788 1364 839 1404 ad
870 1361 1187 1416 excogitandum
1217 1376 1294 1403 nec
1324 1363 1608 1402 Romanarum
1637 1375 1778 1403 rerum
1809 1363 2033 1404 immemor

263 1436 305 1473 et
342 1431 482 1473 verbis
521 1430 681 1470 solutus
720 1427 840 1477 satis;
889 1424 962 1467 sed
999 1424 1044 1466 in
1085 1438 1257 1478 magnos
1297 1429 1487 1466 oratores
1523 1426 1727 1466 inciderat
1766 1427 1854 1468 eius
1894 1431 2031 1468 aetas:

262 1495 434 1535 multam
462 1497 600 1533 tamen
631 1503 802 1545 operam
834 1487 978 1529 amicis
1009 1492 1050 1528 et
1085 1487 1232 1529 utilem
1270 1485 1483 1542 praebuit;
1528 1492 1651 1541 atque
1693 1487 1750 1529 ita
1792 1490 1863 1530 diu
1899 1489 2029 1538 vixit,

213 1564 249 1590 20
263 1562 311 1599 ut
340 1556 565 1598 multarum
595 1558 776 1594 aetatum
807 1549 1046 1593 oratoribus
1076 1550 1385 1606 implicaretur,
1433 1549 1612 1591 multum
1650 1550 1775 1592 etiam
1813 1552 1857 1592 in
1899 1553 2033 1593 causis

263 1624 515 1662 versaretur.
577 1618 670 1657 175.
704 1614 857 1656 Iisdem
886 1612 975 1655 fere
1007 1611 1268 1668 temporibus
1298 1614 1345 1656 D.
1367 1615 1538 1660 Brutus,
1571 1615 1623 1661 is,
1660 1613 1732 1668 qui
1764 1615 1910 1656 consul
1940 1627 2035 1655 cum

262 1685 475 1725 Mamerco
505 1679 605 1729 fuit,
638 1680 766 1720 homo
799 1683 840 1719 et
871 1677 1039 1719 Graecis
1071 1678 1216 1718 doctus
1246 1675 1395 1716 litteris
1418 1680 1460 1716 et
1481 1675 1648 1716 Latinis.
1711 1677 1887 1718 Dicebat
1907 1678 2032 1718 etiam

263 1749 310 1788 L.
346 1744 484 1800 Scipio
515 1757 600 1785 non
630 1740 846 1797 imperite,
881 1741 1128 1795 Gnaeusque
1158 1740 1403 1792 Pompeius,
1447 1740 1544 1779 Sex.
1571 1740 1640 1786 F.,
1672 1738 1855 1795 aliquem
1888 1753 2035 1781 nume-

263 1823 355 1851 rum
387 1805 616 1850 obtinebat.
677 1807 781 1845 Nam
813 1805 908 1845 Sex.
939 1802 1071 1844 frater
1101 1803 1188 1843 eius
1218 1801 1616 1857 praestantissimum
1647 1801 1860 1856 ingenium
1891 1808 2036 1845 contu-

213 1871 370 1914 25lerat
414 1870 465 1912 ad
509 1881 714 1911 summam
751 1865 855 1908 iuris
897 1866 1030 1907 civilis
1071 1871 1112 1906 et
1152 1865 1204 1907 ad
1242 1865 1471 1921 perfectam
1518 1867 1772 1919 geometriae
1812 1872 1854 1908 et
1892 1880 2034 1908 rerum

265 1933 499 1976 Stoicarum
529 1932 759 1974 scientiam.
820 1931 927 1970 Item
957 1930 1000 1969 in
1030 1929 1121 1970 iure
1152 1935 1192 1969 et
1222 1935 1317 1970 ante
1348 1931 1424 1970 hos
1454 1930 1510 1970 M.
1535 1931 1686 1970 Brutus
1715 1934 1756 1970 et
1776 1929 1917 1982 paullo
1939 1933 2035 1983 post

265 2010 360 2038 eum
392 1996 436 2037 C.
461 1995 691 2044 Bellienus,
739 1996 867 2035 homo
907 2006 984 2048 per
1022 2006 1066 2033 se
1097 2006 1288 2045 magnus,
1335 2005 1466 2046 prope
1497 1990 1622 2033 simili
1652 1993 1817 2033 ratione
1849 2005 2034 2034 summus

264 2064 475 2109 evaserat3
522 2058 593 2114 qui
623 2058 769 2099 consul
799 2057 931 2097 factus
963 2059 1090 2103 esset,
1126 2054 1207 2095 nisi
1236 2056 1279 2094 in
1311 2055 1518 2095 Marianos
1551 2056 1788 2096 consulatus
1821 2060 1861 2096 et
1891 2055 1934 2095 in
1965 2067 2035 2095 eas

262 2123 473 2178 petitionis
504 2120 714 2176 angustias
744 2119 972 2161 incidisset.
1037 2120 1131 2159 176.
1178 2119 1250 2160 Cn.
1275 2123 1412 2158 autem
1445 2117 1604 2159 Octavii
1636 2117 1896 2173 eloquentia,
1929 2130 2036 2172 quae

215 2185 398 2227 sofuerat
437 2189 529 2226 ante
574 2183 832 2225 consulatum
875 2183 1088 2235 ignorata,
1140 2180 1182 2220 in
1224 2182 1443 2221 consulatu
1483 2182 1622 2222 multis
1664 2178 1930 2222 contionibus
1972 2184 2038 2221 est

263 2251 534 2291 vehementer
573 2248 761 2301 probata.
821 2246 902 2286 Sed
939 2245 991 2284 ab
1034 2244 1118 2293 eis,
1167 2244 1237 2297 qui
1280 2249 1438 2284 tantum
1475 2244 1518 2283 in
1556 2243 1783 2285 dicentium
1825 2255 2033 2292 numero,

264 2324 350 2353 non
379 2310 422 2351 in
453 2314 669 2351 oratorum
699 2309 890 2357 fuerunt,
928 2305 1011 2347 iam
1042 2309 1093 2347 ad
1125 2312 1313 2348 oratores
1342 2310 1619 2348 revertamur.
1683 2306 1870 2355 Censeo,
1902 2306 2036 2362 inquit

263 2374 445 2415 Atticus:
479 2371 723 2427 eloquentes
755 2370 866 2412 enim
896 2369 1118 2418 videbare,
1151 2384 1236 2411 non
1266 2370 1435 2410 sedulos
1465 2367 1572 2410 velle
1603 2368 1867 2424 conquirere.

382 2436 566 2478 XLVIII.
600 2436 694 2475 177.
741 2433 980 2475 Festivitate
1014 2433 1142 2486 igitur
1173 2437 1213 2473 et
1241 2430 1429 2481 facetiis,
1475 2431 1670 2487 inquam,
1719 2433 1763 2474 C.
1792 2431 1944 2481 Iulius,
1988 2434 2034 2473 L.

218 2502 339 2550 ³⁵17„
373 2504 414 2540 et
442 2495 729 2553 superioribus
759 2501 800 2536 et
830 2493 1072 2549 aequalibus
1103 2496 1188 2536 suis
1219 2496 1412 2537 omnibus
1443 2494 1669 2549 praestitit,
1702 2498 1926 2549 oratorque
1956 2494 2036 2535 fuit

265 2563 438 2606 minime
480 2560 548 2602 ille
587 2560 756 2614 quidem
796 2557 1047 2606 vehemens,
1098 2556 1172 2598 sed
1212 2571 1335 2599 nemo
1374 2571 1559 2612 unquam
1596 2555 1858 2607 urbanitate,
1909 2570 2035 2599 nemo

266 2628 437 2681 lepore,
469 2637 593 2665 nemo
625 2621 827 2664 suavitate
859 2620 1083 2662 conditior.
1146 2622 1251 2661 Sunt
1280 2620 1368 2662 eius
1399 2621 1559 2676 aliquot
1588 2621 1821 2670 orationes,
1861 2635 1914 2662 ex
1946 2619 2037 2676 qui-

268 2692 349 2732 bus
380 2688 485 2730 sicut
515 2700 568 2728 ex
600 2684 786 2726 eiusdem
816 2684 1043 2738 tragoediis
1072 2682 1219 2725 lenitas
1250 2684 1338 2724 eius
1370 2681 1457 2724 sine
1496 2683 1634 2725 nervis
1664 2682 1842 2738 perspici
1880 2687 2032 2738 potest.

271 2755 364 2797 178.
409 2751 508 2796 Eius
549 2749 731 2804 aequalis
775 2750 820 2790 P.
853 2749 1081 2802 Cethegus,
1133 2745 1201 2787 cui
1240 2748 1290 2787 de
1324 2759 1372 2787 re
1411 2744 1576 2802 publica
1615 2746 1713 2786 satis
1743 2743 2037 2801 suppeditabat

362 2932 396 2963 1.
424 2931 624 2972 loqueretur
649 2926 814 2957 omnium.
841 2925 904 2966 Lg.
931 2925 1103 2965 plerique,
1130 2924 1173 2956 R.
1224 2923 1332 2956 Recta
1367 2924 1539 2963 scriptura
1569 2926 1621 2956 est
1647 2924 1682 2954 in
1707 2926 1841 2962 septem
1868 2922 2034 2956 Ellendtii

273 2977 386 3010 Codd.
415 2977 633 3016 eandemque
658 2974 759 3006 Rivio
785 2977 927 3004 auctore
954 2974 1062 3004 secuti
1089 2976 1169 3003 sunt
1194 2970 1316 3002 Lamb.
1348 2971 1385 3002 E.
1417 2986 1459 2992 —
1502 2971 1536 3003 2.
1565 2971 1635 3008 sic,
1670 2973 1709 3002 ut
1735 2971 1860 3010 opinor
1884 2969 1948 3011 Lg.
1974 2970 2036 3003 ali-

273 3031 381 3065 quot,
407 3025 458 3057 R:
499 3024 588 3055 sicut
621 3023 747 3062 opinor
779 3028 857 3052 cuin
892 3019 987 3052 libris
1024 3019 1202 3059 plerisque
1239 3018 1362 3050 Lamb.
1393 3017 1442 3055 E,
1477 3018 1546 3055 sic,
1582 3017 1708 3056 opinor
1737 3016 1780 3047 D.
1809 3015 2034 3058 (loqueretur.

275 3072 456 3110 Omnium,
494 3072 585 3102 sicut
609 3069 734 3108 opinor
759 3065 890 3106 Peter.)
929 3083 965 3089 -
1006 3066 1041 3097 9.
1069 3066 1254 3106 accepisset
1278 3066 1321 3097 R.
1360 3081 1398 3088 —
1438 3065 1494 3096 15.
1523 3064 1749 3096 Conieceram
1773 3072 1844 3095 non
1869 3067 1940 3095 tam
1963 3072 2035 3096 non

272 3119 472 3157 vendibilis,
516 3118 552 3149 id
578 3120 652 3148 est:
682 3119 777 3147 «erat.
803 3112 989 3154 probabilis
1017 3112 1160 3153 quidem
1185 3115 1322 3150 orator,
1349 3113 1398 3143 sic
1423 3115 1559 3149 tamen,
1587 3115 1625 3142 ut
1655 3112 1685 3143 ei
1711 3110 1754 3143 ad
1782 3110 2034 3150 perfectionem

274 3165 408 3204 aliquid
443 3167 565 3198 deesse
589 3162 690 3195 facile
717 3165 901 3194 sentires.»
951 3160 1164 3191 Posteriores
1191 3159 1256 3190 hoc
1282 3160 1500 3196 reiecerunt;
1538 3159 1706 3190 librorum
1740 3157 1923 3190 lectionem
1947 3165 2035 3189 non-

275 3211 359 3243 dum
386 3213 611 3251 explicarunt.
643 3225 679 3231 -
707 3208 764 3241 16.
792 3217 897 3250 quam
921 3206 1063 3239 seclusit
1089 3205 1247 3243 Ellendt,
1274 3205 1464 3238 admodum
1490 3204 1779 3245 improbabiliter.
1809 3219 1846 3226 —
1873 3204 1931 3236 27.
1957 3203 2035 3236 Bel-

275 3259 404 3296 lienus,
446 3263 484 3290 ut
516 3257 679 3290 volebant
713 3256 886 3288 Corradus
913 3258 948 3286 et
972 3253 1134 3294 Pighius,
1177 3253 1298 3291 scripsi
1339 3261 1417 3284 cum
1442 3253 1473 3284 R
1497 3256 1531 3285 et
1563 3253 1715 3284 Asconio
1750 3253 1785 3282 in
1811 3251 1896 3292 Tog.
1929 3251 2031 3284 cand-

275 3313 310 3344 p.
337 3305 396 3337 9-2.
424 3305 488 3336 Ed.
508 3304 660 3341 Baiteri‚
687 3303 747 3334 ubi
774 3305 987 3335 memoratur
1011 3301 1099 3332 alius
1125 3298 1165 3330 L.
1188 3299 1384 3332 Bellienus:
1420 3300 1577 3334 Bilienus
1601 3299 1663 3341 Lg.
1681 3299 1739 3332 20.
1757 3297 1815 3331 70.
1840 3297 1962 3331 Lamb.
1983 3298 2032 3341 E,

277 3353 440 3385 Billienus
467 3352 574 3383 ceteri
598 3350 774 3383 Ellendtii.
801 3367 839 3374 —
866 3356 1018 3381 summus
1044 3356 1112 3380 om·
1138 3346 1183 3383 D,
1211 3346 1278 3379 Gu.
1299 3348 1333 3380 1.
