2117 3762
250 199 331 241 446
1017 190 1229 231 ORATOR

252 306 346 345 dem
390 308 498 345 esset
535 306 706 357 poema3
756 295 828 338 sed
868 294 1002 337 omnis
1041 307 1117 335 nec
1156 293 1387 336 claudicans
1433 306 1510 335 nec
1551 293 1668 348 quasi
1709 294 1910 334 fluctuans
1956 297 1997 334 et

251 367 480 421 aequaliter
508 366 820 414 constanterque
850 357 1088 411 ingrediens
1119 369 1340 398 numerosa
1370 353 1546 396 habetur
1576 355 1723 399 oratio.
1781 355 1915 407 Atque
1954 355 1998 395 id

250 429 293 469 in
323 427 495 469 dicendo
525 435 790 467 numerosum
819 424 1009 475 putatur,
1042 432 1125 459 non
1156 417 1269 472 quod
1297 422 1428 460 totum
1460 421 1619 459 constat
1639 430 1661 458 e
1682 415 1890 466 numeris,
1924 415 1999 458 sed

252 492 363 544 quod
388 488 438 530 ad
467 500 660 528 numeros
690 482 878 538 proxime
908 481 1086 530 accedit;
1120 493 1203 535 quo
1235 480 1359 520 etiam
1390 478 1596 521 difficilius
1627 484 1690 520 est
1720 477 1908 521 oratione
1937 480 1999 520 uti

222 565 371 607 squam
402 547 607 596 versibus,
657 544 769 602 quod
798 544 840 585 in
870 545 951 584 illis
982 547 1094 584 certa
1125 543 1327 595 quaedam
1358 547 1398 583 et
1428 542 1593 583 definita
1630 543 1700 582 lex
1742 546 1826 589 est,
1875 555 1999 597 quam

252 613 367 669 sequi
405 614 455 654 sit
491 623 684 656 necesse:
729 608 772 649 in
810 607 985 649 dicendo
1030 610 1165 646 autem
1203 603 1307 644 nihil
1338 609 1400 644 est
1427 604 1714 661 propositum,
1763 603 1844 645 nisi
1874 609 2000 646 utne

250 676 518 717 immoderata
547 677 618 713 aut
647 675 818 724 angusta
849 674 919 710 aut
950 668 1149 709 dissoluta
1179 671 1251 706 aut
1281 667 1413 706 fluens
1445 667 1497 709 sit
1530 668 1678 709 oratio.
1740 668 1885 722 Itaque
1915 681 2000 708 non

251 743 342 779 sunt
370 738 410 777 in
442 749 489 776 ea
519 739 728 789 tamquam
759 731 934 774 tibicinii
965 728 1278 785 percussionum
1309 727 1450 777 modi,
1482 732 1554 771 sed
1585 731 1780 771 universa
1810 743 2001 785 compre-

250 801 392 842 hensio
439 803 479 839 et
520 796 679 852 species
722 793 922 837 orationis
968 792 1105 834 clausa
1151 796 1191 833 et
1231 789 1448 832 terminata
1493 797 1555 833 est
1570 806 1581 844 ;
1633 794 1746 847 quod
1790 790 2000 848 voluptate

201 876 236 901 10
251 863 409 903 aurium
440 860 658 900 iudicatur.

358 923 462 965 LIX.
497 923 589 963 199.
634 920 748 962 Solet
776 923 914 961 autem
945 917 1110 974 quaeri,
1150 918 1293 957 totoue
1322 916 1365 956 in
1395 915 1554 956 ambitu
1583 917 1809 959 verborum
1838 914 2003 958 numeri

250 984 412 1027 tenendi
441 985 546 1033 sint,
596 997 649 1024 an
684 984 725 1023 in
763 981 908 1037 primis
946 981 1133 1036 partibus
1163 982 1289 1032 atque
1320 979 1360 1018 in
1391 976 1606 1019 extremis.
1666 979 1860 1034 Plerique
1890 980 2003 1021 enim

249 1051 414 1089 censent
444 1045 591 1087 cadere
620 1050 776 1086 tantum
805 1056 1027 1085 numerose
1058 1045 1251 1097 oportere
1281 1039 1581 1094 terminarique
1612 1041 1870 1083 sententiam.
1930 1044 2005 1083 Est

248 1116 403 1158 autem,
447 1113 494 1150 ut
532 1108 575 1149 id
615 1107 792 1148 maxime
828 1106 987 1154 deceat,
1034 1118 1117 1146 non
1154 1102 1198 1144 id
1238 1101 1398 1153 solum3
1443 1101 1659 1157 ponendus
1701 1109 1763 1144 est
1791 1103 1902 1146 enim
1932 1103 2002 1145 ille

198 1186 234 1211 15
248 1171 442 1220 ambitus,
487 1184 570 1212 non
602 1169 874 1211 abiiciendus.
952 1170 1088 1218 Quare
1119 1179 1213 1207 cum
1243 1178 1364 1206 aures
1396 1170 1628 1206 extremum
1659 1180 1824 1221 semper
1854 1180 2004 1220 exspe-

248 1238 357 1276 ctent
386 1232 428 1274 in
459 1246 593 1287 eoque
623 1231 905 1287 acquiescant,
938 1229 981 1271 id
1012 1244 1157 1271 vacare
1189 1241 1363 1269 numero
1393 1242 1476 1269 non
1508 1233 1694 1282 oportet,
1727 1231 1801 1270 sed
1822 1228 1875 1270 ad
1894 1228 2004 1271 hunc

248 1296 403 1338 exitum
446 1301 582 1336 tamen
627 1309 651 1336 a
692 1293 900 1349 principio
943 1291 1046 1334 ferri
1090 1290 1214 1334 debet
1251 1292 1476 1332 verborum
1508 1290 1576 1331 illa
1607 1290 1926 1345 comprehensio
1963 1295 2005 1332 et

249 1364 334 1400 tota
363 1372 386 1400 a
415 1357 548 1413 eapite
577 1357 634 1398 ita
663 1355 815 1405 fluere,
847 1361 894 1397 ut
924 1357 976 1396 ad
1005 1360 1239 1396 extremum
1259 1352 1431 1395 veniens
1452 1352 1541 1408 ipsa
1562 1353 1774 1399 consistat.
1832 1355 1928 1395 200.
1958 1352 2006 1396 Id

249 1428 386 1465 autem
417 1423 527 1462 bona
556 1419 774 1473 disciplina
803 1418 1065 1467 exercitatis,
1098 1416 1169 1472 qui
1200 1420 1240 1457 et
1268 1415 1397 1457 muita
1426 1415 1670 1471 scripserint
1699 1420 1763 1465 et,
1797 1429 2005 1471 quaecun-

199 1498 234 1523 20
250 1499 329 1542 que
360 1485 482 1526 etiam
512 1483 599 1525 sine
630 1481 781 1536 scripto
813 1482 1029 1530 dicerent,
1069 1479 1220 1521 similia
1250 1478 1502 1534 scriptorum
1533 1477 1767 1528 effecerint,
1808 1492 1894 1521 non
1924 1478 2007 1520 erit

249 1548 546 1592 difficillimum.
604 1546 709 1586 Ante
754 1544 863 1585 enim
901 1541 1256 1585 circumscribitur
1292 1546 1431 1583 mente
1470 1541 1675 1583 sententia
1705 1539 2005 1597 confestimque

249 1610 374 1653 verba
418 1613 693 1656 concurrunt,
741 1620 846 1661 quae
887 1620 1001 1648 mens
1047 1605 1214 1654 eadem,
1260 1618 1341 1660 qua
1379 1603 1484 1646 nihil
1526 1610 1589 1645 est
1619 1603 1818 1654 celerius,
1867 1605 2005 1646 statim

252 1672 440 1721 dimittit,
470 1677 516 1713 ut
545 1684 620 1713 suo
652 1671 847 1725 quodque
878 1668 970 1710 loco
1002 1671 1271 1723 respondeat;
1306 1681 1486 1722 quorum
1517 1666 1749 1722 descriptus
1780 1668 1884 1708 ordo
1905 1666 2005 1708 alias

249 1738 328 1778 alia
371 1734 660 1778 terminatione
706 1731 984 1780 concluditur,
1051 1737 1173 1787 atque
1219 1732 1357 1771 omnia
1404 1730 1475 1770 illa
1521 1735 1562 1771 et
1605 1731 1738 1784 prima
1783 1734 1824 1771 et
1867 1729 2005 1771 media

199 1808 233 1834 25
248 1798 374 1842 verba
402 1803 587 1853 spectare
618 1796 772 1836 debent
801 1795 852 1834 ad
882 1794 1084 1835 ultimum.
1143 1796 1240 1834 201.
1287 1794 1498 1834 Interdum
1537 1793 1647 1833 enim
1687 1806 1831 1834 cursus
1864 1798 1928 1835 est
1957 1793 2001 1835 in

249 1863 436 1903 oratione
474 1859 706 1906 incitatior,
757 1856 963 1898 interdum
1001 1858 1215 1897 moderata
1254 1855 1484 1910 ingressio,
1535 1860 1582 1897 ut
1618 1854 1699 1896 iam
1736 1868 1760 1896 a
1795 1853 2006 1909 principio

248 1924 470 1967 videndum
501 1923 572 1970 sit,
607 1920 956 1976 quemadmodum
986 1919 1086 1961 velis
1111 1921 1252 1961 venire
1273 1922 1323 1960 ad
1345 1923 1594 1962 extremum.
1652 1920 1736 1959 Nec
1757 1920 1800 1958 in
1820 1918 2006 1959 numeris

247 1988 378 2041 magis
409 1999 532 2042 quam
561 1985 604 2025 in
633 1981 803 2038 reliquis
834 1983 1086 2023 ornamentis
1116 1982 1341 2030 orationis,
1374 1980 1520 2022 eadem
1551 1994 1645 2022 cum
1675 1979 1873 2021 faciamus
1899 1994 2005 2035 quae

248 2054 421 2104 poetae,
466 2046 684 2102 effugimus
716 2050 854 2086 tamen
883 2044 926 2086 in
957 2046 1146 2086 oratione
1175 2044 1378 2098 poematis
1409 2042 1733 2084 similitudinem.
1792 2044 1866 2085 Est
1896 2044 2007 2083 enim

201 2111 291 2153 δοίη
321 2116 497 2165 utroque
528 2115 569 2151 et
597 2109 771 2150 materia
801 2113 842 2149 et
870 2108 1083 2149 tractatio:
1116 2108 1290 2148 materia
1318 2107 1361 2147 in
1383 2107 1545 2155 verbis,
1578 2106 1772 2147 tractatio
1803 2105 1847 2146 in
1877 2105 2007 2147 collo-

250 2174 410 2215 catione
439 2174 678 2214 verborum.
739 2172 827 2211 LX.
862 2172 1021 2211 Ternae
1043 2174 1181 2211 autem
1202 2174 1297 2210 sunt
1326 2169 1543 2224 utriusque
1573 2174 1729 2222 partes:
1761 2170 2004 2218 verborum,

248 2238 454 2285 tralatum,
486 2248 651 2284 novum,
681 2234 885 2289 priscum3
918 2257 972 2263 —
990 2247 1084 2274 nam
1105 2235 1156 2274 de
1177 2232 1355 2287 propriis
1376 2231 1477 2273 nihil
1497 2232 1578 2273 hoc
1607 2233 1703 2273 loco
1735 2233 1908 2274 dicimus
1924 2247 2002 2273 —:

249 2296 528 2340 collocationis
559 2302 695 2339 autem
725 2310 825 2345 eae,
869 2309 971 2350 quas
1001 2295 1205 2344 diximus,
1246 2295 1515 2350 compositio,
1555 2293 1830 2345 concinnitas,
1862 2308 2006 2337 nume-

249 2374 332 2402 rus.
390 2362 486 2402 202.
519 2359 601 2402 Sed
628 2359 672 2401 in
701 2364 877 2414 utroque
906 2357 1212 2414 frequentiores
1242 2363 1338 2399 sunt
1367 2363 1406 2399 et
1436 2359 1659 2399 liberiores
1689 2363 1863 2412 poetae3
1910 2371 2006 2400 nam

199 2440 235 2466 35
251 2428 292 2464 et
329 2422 582 2465 transferunt
616 2420 743 2465 verba
782 2435 874 2463 cum
911 2421 1095 2463 crebrius
1126 2426 1212 2462 tum
1243 2420 1365 2462 etiam
1397 2419 1593 2462 audacius
1624 2425 1665 2461 et
1694 2421 1841 2474 priscis
1871 2420 2004 2462 liben-

250 2486 329 2528 tius
358 2491 529 2528 utuntur
559 2491 600 2527 et
627 2484 801 2527 liberius
831 2485 964 2526 novis.
1038 2485 1161 2534 Quod
1199 2482 1309 2524 idem
1350 2482 1395 2524 fit
1434 2483 1477 2525 in
1517 2484 1720 2532 numeris,
1770 2483 1814 2525 in
1853 2484 2005 2539 quibus

251 2548 367 2603 quasi
396 2548 629 2590 necessitati
658 2561 804 2604 parere
834 2552 1053 2602 coguntur.
1116 2548 1197 2587 Sed
1234 2552 1372 2587 tamen
1410 2547 1513 2588 haec
1548 2559 1624 2587 nec
1662 2545 1786 2588 nimis
1823 2559 1912 2587 esse
1945 2547 2006 2587 di-

250 2625 370 2653 versa
398 2624 532 2665 neque
561 2611 645 2652 ullo
675 2612 800 2651 modo
833 2609 1053 2651 coniuncta
1083 2608 1261 2662 intelligi
1291 2610 1396 2650 licet.
1457 2611 1518 2651 Ita
1546 2608 1611 2657 fit,
1645 2614 1691 2649 ut
1720 2623 1804 2649 non
1832 2608 1932 2650 item
1962 2607 2004 2649 in

253 2673 438 2714 oratione
467 2679 513 2714 ut
540 2672 583 2714 iu
613 2687 737 2714 versu
766 2686 962 2714 numerus
993 2676 1147 2719 exstet,
1192 2670 1341 2725 idque,
1389 2671 1501 2728 quod
1539 2685 1809 2713 numerosum
1838 2673 1882 2714 in
1913 2684 2006 2713 ora-

205 2749 240 2775 100
253 2735 364 2777 tione
395 2736 561 2785 dicitur,
607 2749 691 2777 non
722 2749 885 2790 semper
914 2747 1091 2776 numero
1122 2733 1216 2783 fiat,
1265 2737 1336 2776 sed
1367 2747 1665 2789 nonnunquam
1697 2739 1767 2775 aut
1796 2733 2006 2775 concinni-

254 2803 335 2840 tate
366 2805 435 2840 aut
464 2798 769 2840 constructione
790 2797 1030 2839 verborum.
1091 2799 1187 2838 203.
1219 2799 1281 2838 Ita
1300 2798 1334 2837 si
1355 2810 1551 2838 numerus
1572 2795 1771 2838 orationis
1792 2797 2005 2853 quaeritur

257 2861 325 2915 qui
354 2861 423 2912 sit,
456 2863 590 2904 omnis
623 2866 705 2909 est,
735 2859 809 2903 sed
837 2860 940 2902 alius
970 2860 1051 2902 alio
1083 2859 1230 2902 melior
1259 2864 1382 2915 atque
1409 2858 1566 2913 aptior3
1599 2861 1633 2901 si
1654 2858 1794 2910 locus,
1826 2858 1869 2901 in
1889 2858 2004 2900 omni

349 3042 382 3076 2.
410 3044 574 3076 habeatur
600 3042 722 3076 Lamb.
750 3059 794 3066 ——
821 3043 855 3076 3.
880 3047 1022 3084 putetur
1048 3043 1118 3075 Vit.
1144 3041 1266 3074 Lamb.
1296 3058 1334 3065 --
1362 3043 1490 3074 constet
1512 3040 1582 3075 Vit.
1613 3058 1650 3065 —
1690 3042 1724 3075 5.
1752 3043 1790 3074 in
1813 3041 1883 3074 illis
1907 3041 2000 3081 libri,

260 3090 362 3122 etiam
389 3089 506 3130 Eins.‚
533 3091 582 3122 R:
611 3091 680 3122 illis
708 3092 791 3129 (om.
820 3088 871 3129 in)
899 3091 923 3121 E
954 3099 992 3122 ex
1020 3097 1136 3122 errore
1162 3089 1302 3129 Repett.
1331 3089 1451 3120 Lamb.
1491 3104 1535 3110 —
1576 3088 1609 3120 6.
1636 3089 1705 3121 nisi
1728 3093 1767 3122 ut
1792 3089 1998 3121 Scbtitzius:

258 3137 327 3168 nisi
351 3139 413 3167 aut
438 3145 514 3168 cum
538 3138 632 3169 libris
658 3138 734 3170 RE.
772 3154 809 3161 --
852 3137 886 3168 8.
914 3135 1076 3177 tibicinii]
1104 3138 1152 3168 sic
1181 3138 1304 3175 scripsi
1332 3144 1391 3174 pro
1419 3136 1500 3167 Ern.
1528 3136 1682 3173 tibicini,
1718 3145 1762 3169 ne
1788 3136 1854 3168 hoc
1879 3138 1913 3166 in
1942 3143 2001 3173 po-

260 3187 389 3215 sterum
426 3182 507 3214 saiso
545 3186 741 3223 acciperent
778 3192 838 3224 pro
874 3184 944 3215 dat.
979 3192 1052 3216 voc.
1080 3184 1224 3220 tibicen,
1266 3187 1303 3214 ut
1329 3183 1444 3214 denno
1472 3182 1553 3215 fecit
1588 3183 1703 3215 Peter.
1756 3183 1824 3216 Cfr.
1853 3182 1894 3214 de
1919 3181 1999 3214 Nat.

259 3229 363 3262 Deor.
391 3229 432 3266 2,
461 3227 498 3269 §.
524 3230 580 3261 22.
608 3229 771 3270 (tibicinis
797 3231 864 3263 Vit.
894 3228 951 3270 R.)
975 3245 1009 3250 -
1040 3230 1096 3263 17.
1126 3228 1253 3270 tamen]
1282 3233 1354 3260 tam
1377 3231 1513 3263 Monac.
1534 3230 1623 3264 Ven.
1645 3239 1732 3271 sec.,
1758 3232 1828 3263 iam
1852 3228 2002 3261 malebat

260 3275 344 3309 Ern.
371 3273 453 3317 (om.
481 3274 589 3317 Eius.)
615 3292 654 3300 —
681 3277 738 3309 37.
763 3286 834 3309 non
857 3278 960 3309 nimis
984 3277 1027 3310 R.
1059 3294 1095 3301 —
1125 3276 1182 3309 38.
1209 3279 1329 3310 iuncta
1353 3277 1450 3309 Eius.
