2117 3762
778 266 877 307 LIB.
911 266 959 305 ΙΙ.
1019 267 1062 308 C.
1097 268 1163 307 21.
1198 268 1263 311 22.
1811 273 1890 313 239

147 370 259 428 quod
287 371 408 412 nimis
439 370 627 413 celeriter
650 375 711 412 est
735 370 1006 412 maturitatem
1037 378 1281 414 assecutum.
1339 373 1406 413 89.
1439 370 1531 414 Vidi
1553 372 1687 414 statim
1711 373 1890 417 indolem

147 448 280 489 neque
313 435 447 475 dimisi
478 440 636 488 tempus
657 438 697 474 et
726 446 819 473 eum
844 447 933 475 sum
959 437 1216 482 cohortatus,
1248 440 1291 475 ut
1312 432 1445 476 sorum
1465 435 1544 476 sibi
1572 434 1712 477 ludum
1732 442 1893 490 putaret

146 510 235 539 esse
258 496 309 538 ad
341 496 601 545 discendum;
632 496 873 549 magistrum
898 503 1054 545 autem,
1087 511 1210 551 quem
1233 496 1378 545 vellet,
1412 497 1603 551 eligeret:
1636 511 1700 538 mc
1727 498 1892 553 quidem

145 558 180 600 si
210 558 392 607 audiret,
435 561 478 599 L.
502 560 705 601 Crassum.
767 557 887 606 Quod
920 559 993 600 iste
1025 560 1197 614 arripuit
1230 565 1271 600 et
1303 561 1355 601 ita
1382 573 1471 602 sese
1510 559 1711 602 facturum
1744 560 1893 602 confir-

145 622 270 663 mavit
297 628 418 677 atque
451 622 572 662 etiam
599 618 781 667 addidit,
815 622 969 674 gratiae
1000 621 1155 663 scilieet
1185 636 1329 670 causa,
1363 636 1428 664 me
1459 636 1626 679 quoquc
1659 621 1735 664 sibi
1768 625 1922 676 magi-5

145 691 276 725 strum
308 683 506 726 futurum.
572 683 651 724 Vix
694 697 824 724 atinus
863 686 1151 726 intercesserat
1180 683 1230 725 ab
1263 687 1341 726 hoc
1376 699 1566 727 sermone
1595 683 1894 727 cohortationis

146 760 282 797 meae,
314 760 405 788 cum
426 748 502 787 iste
534 746 739 786 accusavit
771 747 813 787 C.
840 744 1096 794 Norbanum,
1131 745 1376 788 defendente
1406 762 1486 789 me.
1549 750 1639 789 Non
1671 753 1734 789 est
1761 746 1895 789 credi-

144 806 253 858 bile,
287 810 385 863 quid
414 807 613 849 interesse
646 807 745 849 mihi
776 807 828 848 sit
858 810 988 850 visum
1016 811 1122 850 inter
1142 823 1258 858 eum,
1290 809 1361 865 qui
1390 815 1474 851 tum
1497 816 1585 852 erat
1616 815 1657 851 et
1685 808 1755 864 qui
1787 823 1892 851 anno

144 877 237 912 ante
269 869 415 912 suerat.
477 870 655 911 Omnino
686 869 727 910 in
758 869 856 911 illud
887 885 1016 923 genus
1047 885 1140 912 eum
1174 872 1309 913 Crassi
1340 872 1600 925 magnificum
1632 878 1753 928 atque
1774 886 1895 926 prae-

145 931 299 974 clarum
329 937 473 973 natura
503 935 590 988 ipsa
622 934 821 980 ducebat,
869 932 941 974 sed
975 947 1023 974 ea
1052 948 1134 974 non
1165 935 1262 975 satis
1292 933 1495 989 proficere
1536 935 1762 990 potuisset,
1814 932 1893 975 nisi
1910 949 1943 974 10

145 996 291 1036 eodem
329 993 464 1035 studio
502 1000 623 1050 atque
666 994 892 1036 imitatione
931 995 1174 1038 intendisset
1213 1002 1337 1051 atque
1369 997 1426 1038 ita
1456 998 1593 1039 dicere
1625 1001 1890 1046 consuesset,

143 1061 188 1097 ut
217 1061 300 1098 tota
328 1062 466 1098 mente
499 1059 689 1100 Crassum
721 1063 843 1113 atquc
873 1057 985 1099 omni
1022 1059 1159 1099 animo
1198 1059 1443 1100 intueretur.
1504 1062 1636 1101 XXII.
1673 1062 1740 1101 90.
1784 1062 1894 1113 Ergo

141 1118 224 1160 hoc
252 1118 306 1159 sit
334 1120 513 1174 primum
545 1121 586 1161 in
617 1121 847 1176 praeceptis
878 1121 1003 1168 meis,
1048 1126 1094 1162 ut
1124 1122 1479 1171 demonstremus,
1531 1137 1655 1178 quem
1685 1122 1891 1171 imitetur,

141 1186 264 1236 atque
294 1183 374 1230 ita,
409 1189 473 1231 ut,
506 1196 610 1239 quae
642 1184 819 1224 maxime
851 1182 1055 1224 excellent
1084 1183 1126 1223 in
1157 1196 1229 1231 eo,
1272 1197 1393 1238 quem
1425 1185 1677 1234 imitabitur,
1725 1199 1774 1226 ea
1804 1184 1896 1226 dili-

142 1243 379 1298 gentissime
429 1250 712 1300 persequatur.
779 1247 883 1286 Tum
927 1243 1096 1286 accedat
1140 1246 1405 1295 exercitatio,
1454 1260 1534 1302 qua
1576 1246 1717 1296 illum,
1769 1260 1891 1302 quem
1907 1259 1942 1286 15

142 1305 363 1361 delegerit,
415 1306 614 1349 imitando
656 1305 823 1361 effingat
857 1312 981 1363 atque
1021 1307 1246 1361 exprimat,
1294 1322 1379 1349 non
1411 1313 1456 1350 ut
1486 1308 1635 1351 multos
1667 1308 1894 1351 imitatores

141 1383 266 1423 saepe
296 1370 498 1424 cognovi,
541 1370 611 1424 qui
642 1375 712 1410 aut
742 1384 814 1418 ea,
855 1383 961 1424 quae
990 1368 1127 1411 facilia
1158 1375 1276 1419 sunt,
1318 1376 1389 1412 aut
1418 1372 1540 1412 etiam
1572 1371 1665 1420 illa,
1699 1385 1804 1426 quae
1834 1371 1895 1413 in-

142 1430 274 1486 signia
304 1445 350 1472 ac
380 1445 511 1485 paene
541 1432 712 1480 vitiosa,
761 1437 1050 1474 consectantur
1080 1432 1291 1476 imitando.
1350 1435 1416 1476 91.
1461 1433 1573 1474 Nihil
1610 1439 1669 1475 est
1705 1433 1890 1483 facilius,

142 1507 268 1549 quam
312 1495 505 1536 amictum
544 1494 696 1536 imitari
737 1494 909 1535 alicuius
949 1500 1019 1537 aut
1048 1500 1196 1537 statum
1228 1501 1298 1537 aut
1327 1501 1500 1538 motum.
1562 1496 1605 1538 Si
1636 1510 1738 1539 vero
1769 1497 1892 1538 etiam

141 1557 280 1598 vitiosi
319 1555 475 1611 aliquid
515 1562 599 1606 est,
650 1556 691 1598 id
722 1570 885 1598 sumere
917 1562 955 1599 et
984 1557 1026 1598 in
1056 1571 1107 1600 eo
1138 1557 1167 1610 ’ἶ-
1197 1558 1392 1600 vitiosum
1423 1571 1534 1607 esse,
1584 1572 1668 1599 non
1698 1572 1891 1613 magnum
1907 1573 1942 1599 20

143 1623 229 1667 est,
263 1623 307 1660 ut
336 1618 430 1668 ille,
464 1619 535 1675 qui
565 1634 673 1661 nunc
704 1621 853 1668 etiam,
885 1619 1034 1661 amissa
1064 1633 1188 1668 voce,
1226 1619 1326 1661 surit
1355 1620 1397 1661 in
1427 1634 1473 1661 re
1504 1619 1689 1674 publica,
1733 1619 1891 1670 Fufius,

140 1695 292 1724 nervos
322 1682 365 1723 in
394 1681 569 1724 dicendo
601 1682 646 1723 C.
670 1682 897 1731 Fimbriae,
932 1696 1036 1737 quos
1066 1688 1202 1724 tamen
1231 1684 1377 1724 habuit
1407 1682 1498 1731 ille,
1528 1697 1612 1725 non
1642 1684 1889 1738 assequitur,

141 1745 226 1786 oris
266 1744 510 1799 pravitatem
551 1750 590 1787 et
627 1743 851 1786 verborum
888 1744 1142 1786 latitudinem
1179 1746 1375 1786 imitatur.
1437 1744 1519 1787 Sed
1550 1750 1687 1787 tamen
1717 1745 1785 1787 ille
1814 1759 1891 1787 nec

141 1806 324 1860 deligere
365 1808 507 1856 scivit,
558 1807 672 1849 cuius
712 1806 973 1861 potissimum
1014 1807 1156 1849 similis
1189 1812 1319 1855 esset,
1373 1812 1413 1848 et
1443 1808 1485 1848 in
1517 1821 1566 1849 eo
1598 1808 1714 1861 ipso,
1766 1822 1890 1863 quem

140 1867 373 1924 delegerat,
407 1869 559 1910 imitari
589 1870 711 1910 etiam
740 1870 839 1910 vitia
869 1869 1013 1911 voluit.
1074 1871 1142 1910 92.
1177 1870 1256 1919 Qui
1287 1874 1424 1911 autem
1445 1869 1501 1911 ita
1520 1869 1666 1919 faciet,
1698 1876 1744 1912 ut
1765 1884 1937 1924 opor-2⁵

139 1936 218 1981 tet,
250 1932 429 1987 primum
451 1930 593 1986 vigilet
622 1945 790 1972 necesse
821 1936 883 1972 est
911 1931 953 1973 in
977 1931 1220 1986 deligend03
1255 1932 1424 1980 deinde,
1457 1946 1579 1986 quem
1600 1932 1812 1988 probavit,
1846 1932 1889 1974 in

141 2007 191 2037 eo
202 2025 214 2044 ,
248 2008 353 2048 quae
382 1996 562 2035 maxime
593 1993 816 2041 excellent,
849 2008 898 2035 ea
927 1993 1240 2049 diligentissime
1269 2000 1559 2049 persequatur.

251 2058 361 2107 Quid
388 2057 499 2099 enim
529 2070 676 2098 causae
705 2057 882 2098 censetis
912 2070 1027 2106 esse,
1060 2070 1134 2098 cur
1162 2062 1316 2098 aetates
1349 2057 1571 2098 extulerint
1599 2056 1783 2112 singulae
1809 2059 1891 2101 sin-

140 2117 236 2174 gula
263 2132 395 2176 prope
426 2133 579 2174 genera
608 2118 798 2161 dicendi?
849 2118 971 2168 Quod
1010 2132 1093 2162 non
1132 2124 1215 2161 tam
1249 2119 1367 2161 facile
1397 2120 1440 2160 in
1470 2119 1621 2162 nostris
1653 2121 1889 2163 oratoribus

139 2195 360 2235 possumus
389 2182 597 2231 iudicare,
646 2183 742 2237 quia
772 2182 944 2237 scripta,
986 2196 1039 2223 ex
1069 2179 1219 2237 quibus
1248 2181 1445 2224 iudicium
1475 2181 1565 2224 fieri
1595 2189 1760 2239 posset,
1807 2198 1889 2226 non
1903 2198 1938 2225 ³0

141 2243 270 2285 multa
298 2258 395 2286 sane
424 2244 703 2299 reliquerunt,
736 2257 859 2300 quam
889 2244 931 2285 in
964 2245 1157 2292 Graecis,
1188 2258 1241 2286 ex
1271 2258 1449 2300 quorum
1470 2245 1657 2301 scriptis,
1692 2248 1890 2302 cuiusque

142 2307 286 2348 aetatis
316 2320 421 2363 quae
453 2305 617 2347 dicendi
647 2305 750 2348 ratio
780 2305 1053 2362 voluntasque
1083 2306 1229 2356 fuerit,
1261 2306 1435 2361 intelligi
1464 2312 1613 2363 potest.
1674 2310 1743 2350 93.
1777 2310 1891 2350 Anti-

141 2367 328 2423 quissimi
356 2369 443 2410 fere
475 2373 591 2418 sunt,
633 2382 809 2424 quorum
839 2367 1007 2424 quidem
1037 2370 1188 2424 scripta
1218 2374 1427 2418 constent,
1463 2369 1643 2414 Pericles
1672 2377 1793 2427 atque
1822 2371 1892 2414 Al-

141 2428 322 2473 cibiades
353 2436 395 2473 et
423 2433 569 2473 eadem
600 2435 732 2472 aetate
759 2431 1046 2488 Thucydides,
1078 2430 1276 2481 subtiles,
1309 2431 1440 2480 acuti,
1471 2431 1646 2483 breves,
1677 2433 1889 2476 sententiis

139 2491 270 2547 magis
300 2507 424 2548 quam
453 2491 593 2536 verbis
624 2494 891 2535 abundantes.
951 2495 1044 2535 Non
1072 2495 1274 2549 potuisset
1304 2496 1518 2545 accidere,
1554 2501 1599 2537 ut
1626 2509 1753 2538 unum
1784 2500 1938 2541 essetas

141 2554 326 2597 omnium
347 2570 498 2611 genus,
528 2555 606 2597 nisi
637 2555 818 2611 aliquem
847 2553 928 2597 sibi
957 2561 1243 2610 proponerent
1269 2558 1321 2598 ad
1351 2557 1607 2600 imitandum.
1669 2559 1889 2601 Consecuti

141 2622 235 2659 sunt
263 2619 340 2660 hos
370 2618 539 2667 Critias,
572 2617 869 2667 Theramenes,
901 2619 1058 2672 Lysias.
1118 2620 1246 2660 Multa
1274 2619 1421 2676 Lysiae
1453 2620 1605 2676 scripta
1633 2626 1751 2671 sunt;
1788 2633 1891 2662 non-

142 2681 255 2722 nulla
297 2682 471 2731 Critiae;
525 2682 576 2722 de
617 2682 873 2722 Theramene
913 2679 1116 2722 audimus.
1178 2682 1331 2724 Omnes
1369 2684 1491 2724 etiam
1536 2688 1621 2724 tum
1660 2682 1890 2725 retinebant

235 2794 269 2825 1.
296 2798 488 2826 exsecutum
512 2795 584 2826 AB.
613 2811 651 2818 -—
678 2795 712 2826 2.
739 2803 815 2826 sum
838 2803 906 2826 om.
933 2795 974 2826 B.
1002 2811 1042 2818 -
1068 2804 1186 2828 eorum
1210 2796 1282 2829 ΑΒ.
1311 2814 1352 2820 -
1393 2797 1426 2830 3.
1454 2797 1649 2830 discendum
1675 2796 1786 2828 Codd.
1814 2796 1888 2828 ab:

144 2839 326 2872 dicendum
342 2849 420 2873 cum
439 2842 512 2874 aliis
532 2842 604 2873 ΒΕ.
621 2859 665 2864 -
689 2849 741 2873 me
764 2841 900 2881 quidem
921 2850 992 2873 non
1007 2851 1018 2872 .·
1044 2843 1103 2874 sed
1119 2844 1257 2875 audiret
1274 2845 1316 2876 R.
1340 2860 1377 2867 —
1406 2845 1440 2876 5.
1466 2844 1589 2876 addidi
1614 2843 1684 2875 ΑΒ.
1715 2859 1753 2865 -
1779 2844 1890 2885 maqi·

142 2891 253 2918 strum
275 2887 342 2919 sibi
365 2889 407 2920 Β.
425 2903 466 2912 -
491 2889 547 2920 11.
573 2888 747 2920 incidisset
765 2887 823 2918 ΑΒ
838 2911 847 2927 ,
873 2889 1054 2927 incepisset
1075 2889 1118 2921 R.
1143 2904 1178 2911 —
1210 2889 1264 2921 14.
1293 2891 1452 2923 excellent
1477 2890 1586 2922 Codd.
1614 2889 1685 2921 ab:
1712 2889 1891 2922 excellenti

142 2933 185 2971 Β,
213 2934 382 2966 excellant
406 2934 479 2966 RE.
499 2951 539 2958 -
564 2935 779 2967 imitabimur
794 2951 808 2957 -
824 2950 839 2957 ·
858 2942 1106 2975 persequamur
1129 2935 1171 2968 Β.
1200 2937 1280 2973 (Vv.
1302 2941 1403 2978 atque
1425 2938 1478 2968 ita
1501 2952 1514 2959 ·
1538 2952 1551 2958 -
1572 2940 1824 2976 persequatur,
1851 2940 1891 2968 ut

144 2988 185 3012 ex
210 2978 247 3021 §-
268 2980 326 3012 92.
346 2981 540 3019 inculcata,
566 2986 726 3022 suspecta
756 2981 931 3019 Schutzio,
958 2981 1166 3021 Matthiaeo,
1192 2983 1328 3024 Bakio.)
1356 2999 1396 3006 —
1426 2983 1480 3014 15.
1510 2980 1607 3022 Tum]
1635 2982 1717 3015 cum
1742 2982 1812 3014 ΑΒ.
1847 2999 1887 3006 -

144 3026 200 3059 16.
227 3027 385 3069 deleyerit
409 3027 436 3059 B
461 3027 616 3068 aliique:
645 3029 782 3069 elegerit
806 3028 836 3060 R
851 3051 860 3066 ,
887 3031 968 3060 anto
990 3028 1151 3069 delegerit
1175 3029 1214 3060 E.
1246 3046 1283 3053 —-
1312 3030 1484 3070 exprimat
1509 3029 1535 3060 B
1561 3029 1717 3069 aliique:
1754 3029 1809 3061 ica
1832 3038 1890 3062 em-

141 3074 273 3113 primat
299 3074 373 3105 RE.
401 3090 441 3098 —-
479 3074 543 3108 Vv.
571 3074 648 3107 Non
670 3078 708 3107 ut
734 3083 846 3115 usque
871 3075 913 3106 ad
939 3072 975 3114 §-
1003 3075 1059 3108 91.
1086 3084 1118 3107 v.
1142 3080 1374 3118 persequatur
1400 3084 1467 3107 om.
1495 3074 1566 3106 ΑΒ.
1594 3075 1692 3108 Voss.
1719 3075 1818 3108 Leld.
1847 3092 1887 3099 —

143 3119 200 3152 18.
228 3124 468 3154 consectentur
484 3120 527 3152 Β.
547 3137 591 3143 -
615 3122 672 3154 20.
697 3122 814 3154 vitiosi
837 3121 1037 3154 Manutius:
1064 3122 1188 3154 vitiose
1213 3130 1292 3155 cum
1319 3122 1412 3154 libris
1433 3121 1503 3153 RE.
1534 3139 1572 3146 -
1599 3119 1777 3163 vitiosum]
1802 3123 1890 3154 vitio

143 3170 254 3200 totum
278 3168 467 3206 Mulierus,
502 3168 540 3200 in
565 3176 603 3200 eo
627 3169 739 3208 ipsum
763 3169 924 3200 vitiosum
950 3167 1096 3200 Ellendt.
1146 3168 1240 3201 Fort.
1266 3170 1350 3200 vitio
1374 3177 1564 3206 summum,
1601 3169 1678 3210 vel,
1711 3170 1740 3202 st
1766 3171 1887 3209 mavis,

142 3214 414 3246 vitiosissimum.
441 3214 510 3247 Οιι.
530 3231 568 3239 -
594 3214 651 3246 21.
670 3214 788 3256 Fufius
805 3214 915 3247 Codd.
935 3215 980 3246 al.
998 3223 1007 3246 z
1036 3214 1160 3246 Fusius
1178 3215 1230 3250 Β,
1255 3215 1383 3246 Furius
1399 3215 1438 3246 E.
1459 3232 1496 3238 —
1524 3215 1582 3248 25.
1608 3215 1663 3248 ita
1686 3224 1755 3249 om.
1782 3215 1825 3248 R.
1845 3231 1890 3239 —-

143 3260 202 3293 26.
224 3262 425 3301 probaverit
449 3262 492 3294 Β.
521 3276 559 3284 -
586 3260 643 3293 30.
668 3269 770 3300 posse
794 3261 837 3293 Α.
864 3278 907 3284 —-
941 3261 997 3293 34.
1023 3262 1272 3302 sententiisque
1294 3261 1357 3302 Lg.
1382 3261 1554 3294 meliores.
1581 3259 1641 3302 (Ut
1657 3271 1741 3302 nos,
1767 3260 1888 3303 ABR.)

150 3324 185 3331 -
213 3307 270 3341 35.
293 3310 445 3349 potuisse
472 3307 515 3339 A.
544 3323 584 3331 —·
609 3316 716 3339 unum
743 3315 851 3349 yenus
875 3312 956 3340 esset
986 3308 1137 3340 omnium
1166 3307 1276 3341 Codd.
1305 3308 1376 3348 ah,
1413 3308 1454 3342 R.
1488 3307 1546 3351 (Ut
1569 3317 1654 3351 nos,
1696 3308 1817 3352 ABR.)
1845 3326 1882 3334 —

145 3353 202 3388 38.
229 3356 388 3388 audimus
412 3356 438 3388 B
463 3355 614 3397 aliique:
639 3354 838 3387 audivimus
862 3353 946 3397 (A‘t)
971 3354 1044 3386 RE.
