2117 3762
775 284 819 325 C.
854 283 919 324 19.
951 283 1019 324 20.
1053 285 1120 326 21.
1732 289 1812 332 353

72 388 265 432 Africano
296 389 438 431 consul
468 388 558 430 suit.
634 390 772 443 Ipsum
805 388 1040 442 Scipionem
1070 387 1302 444 accepimus
1330 402 1414 431 non
1443 388 1638 431 infantem
1670 390 1809 435 fuisse.

69 454 195 494 Filius
226 451 391 507 quidem
425 452 537 499 eius,
570 451 625 497 is,
657 450 726 506 qui
758 449 862 491 hunc
895 453 1097 494 minorem
1120 453 1356 504 Scipionem
1378 466 1400 494 a
1422 452 1562 493 Paullo
1586 455 1809 507 adoptavit,

69 513 105 555 si
135 527 309 569 corpore
340 513 554 561 valuisset,
587 512 787 567 imprimis
818 511 978 554 babitus
1008 520 1116 556 esset
1146 514 1354 556 disertus:
1387 513 1569 556 indicant
1598 529 1690 557 cum
1723 531 1816 558 ora-

70 576 296 623 tiunculae,
346 582 431 617 tum
469 574 640 616 historia
684 577 881 628 quaedam
915 578 1068 618 Graeca
1109 577 1259 632 scripta
1301 577 1550 620 dulcissime.
1606 580 1698 620 XX.
1744 582 1812 621 78.

69 640 335 694 Numeroque
365 640 511 679 eodem
542 635 619 678 suit
650 638 743 678 Sex.
774 638 935 687 Aelius,
984 639 1084 680 iuris
1124 640 1289 694 quidem
1326 640 1456 682 civilis
1493 642 1677 682 omnium
1707 641 1846 697 peri-5

69 701 248 743 tissimus
270 732 280 749 ,
313 699 386 741 sed
416 699 538 740 etiam
569 697 619 739 ad
651 699 866 741 dicendum
899 707 1090 756 paratus:
1141 704 1190 742 dc
1220 701 1449 744 minoribus
1479 709 1616 745 autem
1648 704 1692 744 C.
1728 703 1819 745 Sul-

68 763 200 819 picius
232 763 395 811 Gallus,
443 760 511 816 qui
556 761 734 803 maxime
775 764 957 804 omnium
996 762 1198 805 nobilium
1241 764 1407 806 Graecis
1446 764 1593 807 litteris
1633 766 1815 816 studuit;

69 827 185 880 isque
216 830 257 866 et
289 830 500 866 oratorum
541 823 584 864 in
615 838 786 866 numero
827 831 887 867 est
925 824 1088 867 babitus
1121 832 1160 867 et
1189 825 1267 869 suit
1295 827 1465 882 reliquis
1496 827 1620 871 rebus
1650 834 1819 870 ornatus

71 894 194 943 atque
225 888 404 942 elegans.
474 887 559 926 Iam
591 889 700 928 enim
732 894 820 929 erat
850 888 1014 929 unctior
1045 891 1245 943 quaedam
1277 890 1616 947 splendidiorque
1648 904 1821 932 consue-

73 949 172 992 tudo
191 948 401 1004 loquendi.
464 950 564 989 Nam
580 981 589 996 ,
622 951 700 991 hoc
721 956 913 1005 praetore
935 950 1054 992 ludos
1077 951 1257 1006 Apollini
1278 951 1470 1002 faciente,
1503 966 1594 994 cum
1615 952 1820 1008 Thyesten
1832 971 1868 997 ιο

71 1010 250 1053 fabulam
281 1010 513 1059 docuisset,
563 1012 613 1060 Q.
648 1013 826 1061 Marcio,
875 1014 945 1054 Cn.
979 1014 1156 1055 Servilio
1190 1013 1453 1063 consulibus,
1502 1022 1676 1057 mortem
1718 1015 1822 1057 obiit

69 1075 241 1115 Ennius.
301 1075 370 1114 79.
402 1075 501 1115 Erat
530 1073 675 1114 iisdem
707 1073 960 1129 temporibus
991 1076 1053 1117 Ti.
1085 1076 1315 1124 Gracchus,
1347 1078 1391 1118 P.
1425 1079 1467 1118 F.
1486 1108 1497 1126 ‚
1531 1080 1600 1132 qui
1631 1078 1694 1120 bis
1725 1092 1823 1121 con-

70 1135 133 1178 sul
163 1141 204 1177 et
233 1149 382 1177 censor
411 1134 513 1184 suit,
547 1135 664 1178 cuius
696 1142 758 1177 est
787 1138 919 1178 oratio
953 1139 1110 1179 Graeca
1139 1138 1248 1191 apud
1276 1139 1490 1182 Rhodios:
1537 1154 1660 1194 quem
1689 1142 1823 1183 civem

69 1211 163 1239 cum
209 1211 400 1252 gravem,
448 1205 534 1239 tum
580 1198 702 1239 etiam
750 1198 1016 1255 eloquentem
1065 1206 1223 1242 constat
1265 1200 1405 1244 fuisse.
1463 1200 1654 1244 Publium
1699 1203 1823 1245 etiam

70 1259 305 1316 Scipionem
348 1261 556 1308 Nasicam,
604 1261 674 1315 qui
714 1267 776 1303 est
807 1262 1027 1303 Corculum
1057 1262 1311 1318 appellatus,
1359 1264 1429 1319 qui
1460 1265 1557 1305 item
1587 1263 1650 1307 bis
1681 1266 1870 1309 consul15

68 1329 111 1364 et
140 1337 290 1365 censor
319 1322 421 1371 suit,
464 1325 653 1364 habitum
685 1323 950 1379 eloquentem
980 1324 1113 1372 aiunt,
1159 1324 1293 1373 illius,
1342 1327 1412 1380 qui
1442 1340 1557 1368 sacra
1588 1329 1818 1384 acceperit,

68 1385 223 1437 filium3
272 1388 413 1428 dicunt
442 1388 566 1428 etiam
597 1389 644 1428 L.
668 1387 909 1435 Lentulum,
957 1388 1028 1443 qui
1060 1400 1152 1428 cum
1185 1388 1230 1432 C.
1258 1389 1403 1443 Figulo
1435 1389 1578 1432 consul
1618 1389 1718 1442 fuit3
1769 1392 1820 1441 Q.

68 1449 352 1497 Nobiliorem,
394 1451 448 1489 M.
473 1451 542 1498 F.,
583 1451 662 1490 iam
695 1452 830 1503 patrio
861 1449 1048 1492 instituto
1079 1449 1264 1492 deditum
1294 1450 1430 1493 studio
1462 1451 1715 1503 litterarum,
1754 1453 1826 1510 qui

69 1513 192 1554 etiam
225 1513 275 1561 Q.
299 1512 500 1561 Ennium,
546 1514 615 1569 qui
659 1527 750 1554 cum
790 1519 906 1568 patre
942 1514 1030 1555 eius
1068 1513 1111 1555 in
1149 1514 1313 1556 Aetolia
1343 1515 1612 1567 militaverat,
1634 1511 1825 1559 'civitate

70 1574 261 1621 donavit,
310 1588 402 1616 cum
444 1577 637 1617 triumvir
676 1575 882 1617 coloniam
923 1575 1185 1625 deduxisset;
1235 1583 1277 1619 et
1318 1580 1364 1620 T.
1402 1580 1581 1621 Annium
1623 1582 1874 1630 Luscum‚2o

69 1639 191 1679 buius
222 1638 273 1688 Q.
296 1637 427 1680 Fulvii
459 1639 681 1693 collegam,
714 1653 798 1679 non
820 1637 1064 1680 indisertum
1085 1640 1227 1681 dicunt
1246 1639 1388 1682 fuisse.
1449 1642 1514 1682 80.
1545 1645 1678 1698 Atque
1699 1643 1824 1685 etiam

70 1701 117 1740 L.
142 1700 324 1750 Paullus,
370 1700 548 1742 Africani
580 1708 717 1756 pater,
765 1715 983 1756 personam
1020 1701 1219 1757 principis
1250 1702 1350 1744 civis
1380 1703 1499 1745 facile
1529 1705 1705 1748 dicendo
1736 1712 1826 1748 tue-

70 1761 214 1812 batur3
267 1769 308 1804 et
337 1777 437 1804 vero
469 1765 683 1805 etiamtum
715 1764 867 1805 Catone
898 1764 1016 1813 vivo,
1069 1766 1140 1819 qui
1171 1778 1300 1807 annos
1331 1767 1514 1820 quinque
1544 1772 1587 1808 et
1617 1770 1825 1822 octoginta

70 1832 190 1867 natus
221 1825 397 1866 excessit
425 1839 447 1866 e
478 1827 586 1875 vita,
620 1840 710 1867 cum
743 1828 910 1881 quidem
943 1841 991 1868 eo
1022 1827 1114 1880 ipso
1145 1840 1253 1868 anno
1286 1834 1431 1870 contra
1463 1830 1554 1870 Ser.
1580 1830 1751 1871 Galbam
1773 1832 1823 1871 ad

69 1887 268 1943 populum
298 1901 456 1929 summa
487 1890 755 1931 contentione
787 1889 980 1939 dixisset,
1028 1903 1151 1945 quam
1191 1891 1317 1932 etiam
1359 1890 1591 1933 orationem
1629 1894 1822 1947 scriptam
1837 1906 1872 1932 2⁵

70 1950 253 2005 reliquit.
313 1952 427 1991 XXI.
461 1953 528 1992 81.
575 1952 655 1992 Sed
696 1951 790 1993 vivo
832 1954 985 1994 Catone
1023 1954 1205 1994 minores
1243 1959 1343 1994 natu
1373 1955 1492 1995 multi
1520 1969 1603 1996 uno
1635 1961 1824 2008 tempore

71 2019 259 2055 oratores
289 2011 534 2054 floruerunt.
594 2015 696 2055 Nam
727 2020 768 2055 et
797 2016 844 2055 A.
867 2016 1062 2062 Albinus,
1104 2014 1158 2061 is,
1204 2015 1274 2070 qui
1317 2018 1472 2058 Graece
1502 2016 1668 2070 scripsit
1697 2016 1826 2058 histo-

70 2077 199 2125 riam,
238 2076 308 2131 qui
338 2075 482 2117 consul
511 2088 603 2116 cum
633 2078 679 2117 L.
704 2076 876 2118 Lucullo
905 2076 1007 2126 suit,
1051 2083 1093 2119 et
1121 2077 1328 2120 litteratus
1361 2083 1402 2120 et
1430 2079 1609 2121 disertus
1638 2078 1735 2129 fuit3
1785 2083 1827 2119 et

71 2139 206 2180 tenuit
244 2152 337 2180 cum
375 2137 454 2180 hoc
491 2139 631 2180 locum
669 2138 874 2194 quendam
912 2139 1036 2182 etiam
1069 2143 1159 2182 Ser.
1182 2140 1350 2182 Fulvius
1381 2147 1423 2182 et
1452 2156 1534 2183 una
1564 2143 1652 2183 Ser.
1673 2139 1824 2182 Fabius

71 2201 211 2242 Pictor
247 2207 289 2242 et
324 2200 424 2242 iuris
463 2207 506 2242 et
539 2203 771 2243 litterarum
812 2207 853 2243 et
889 2202 1144 2258 antiquitatis
1185 2205 1290 2244 bene
1329 2204 1508 2258 peritus3
1566 2206 1874 2259 Quintusqueao

75 2262 225 2305 Fabius
252 2265 390 2305 Labeo
421 2261 500 2304 fuit
528 2269 700 2305 ornatus
731 2263 875 2305 iisdem
906 2264 992 2306 sere
1021 2265 1227 2307 laudibus.
1288 2268 1391 2308 Nam
1432 2268 1483 2317 Q.
1507 2266 1719 2315 Metellus,
1764 2266 1821 2313 is,

74 2327 190 2367 cuius
229 2332 425 2380 quattuor
460 2324 533 2367 filii
564 2327 800 2368 consulares
830 2326 1025 2377 suerunt,
1075 2329 1281 2382 imprimis
1314 2335 1378 2370 est
1406 2330 1573 2371 habitus
1604 2328 1822 2383 eloquens,

73 2389 143 2444 qui
173 2402 252 2442 pro
281 2391 328 2430 L.
353 2389 474 2430 Cotta
504 2388 610 2430 dixit
640 2395 856 2431 accusante
886 2389 1102 2441 African03
1143 2390 1259 2433 cuius
1289 2395 1330 2434 et
1358 2391 1463 2433 aliae
1493 2397 1587 2433 sunt
1616 2393 1823 2433 orationes

72 2457 115 2494 et
143 2457 288 2494 contra
317 2452 379 2492 Ti.
404 2450 632 2493 Gracchum
663 2451 852 2507 exposita
882 2457 946 2492 est
975 2453 1017 2494 in
1054 2453 1099 2493 C.
1134 2452 1280 2495 Fannii
1319 2452 1550 2496 annalibus.
1611 2456 1678 2495 82.
1722 2456 1822 2495 Tum

70 2513 160 2570 ipse
190 2517 235 2556 L.
260 2516 379 2557 Cotta
407 2518 617 2555 veterator
646 2512 832 2562 habitus,
870 2515 943 2556 sed
974 2515 1018 2556 C.
1041 2515 1205 2556 Laelius
1236 2521 1278 2556 et
1305 2518 1351 2557 P.
1378 2515 1592 2558 Africanus
1622 2513 1821 2569 imprimis
1837 2527 1870 2553 ³5

73 2576 337 2633 eloquentes,
381 2590 558 2632 quorum
599 2581 764 2618 exstant
803 2577 1038 2625 orationes,
1089 2590 1140 2618 ex
1178 2578 1328 2632 quibus
1364 2577 1591 2620 existimari
1630 2578 1680 2620 de
1711 2579 1824 2631 inge-

72 2638 151 2680 niis
181 2645 393 2681 oratorum
423 2644 575 2693 potest.
635 2640 716 2680 Sed
746 2640 854 2680 inter
882 2641 958 2680 hos
991 2643 1125 2680 aetate
1155 2638 1340 2693 paullum
1368 2641 1433 2682 his
1458 2641 1705 2682 antecedens
1735 2640 1822 2679 siue

75 2704 359 2744 controversia
388 2703 480 2744 Ser.
505 2699 634 2744 Galba
663 2701 899 2757 eloquentia
927 2702 1153 2757 praestitit;
1191 2707 1233 2742 et
1262 2702 1458 2744 nimirum
1487 2703 1522 2743 is
1551 2704 1740 2757 princeps
1770 2714 1822 2741 ex

74 2763 231 2806 Latinis
260 2764 328 2807 illa
357 2771 569 2807 oratorum
597 2765 767 2819 propria
797 2770 840 2806 et
868 2766 984 2818 quasi
1015 2763 1199 2817 legitima
1229 2776 1354 2819 opera
1384 2766 1596 2813 tractavit,
1630 2770 1675 2806 ut
1704 2776 1823 2817 egre-

76 2824 249 2868 deretur
277 2841 301 2868 a
327 2827 543 2884 proposito
576 2827 751 2868 ornandi
781 2839 922 2874 causa,
953 2831 1000 2867 ut
1020 2825 1246 2867 delectaret
1265 2827 1448 2874 animos,
1480 2831 1524 2866 ut
1545 2830 1819 2880 permoveret,
1835 2837 1871 2863 40

77 2893 124 2930 ut
151 2895 322 2945 augeret
348 2903 462 2938 rem,
492 2895 539 2931 ut
566 2889 925 2937 miserationibus,
957 2893 1005 2928 ut
1034 2888 1321 2929 communibus
1351 2887 1451 2929 locis
1480 2893 1680 2928 uteretur.
1741 2885 1822 2928 Sed

78 2951 222 2994 nescio
251 2954 461 3009 quomodo
488 2952 632 3002 huius,
679 2964 801 3006 quem
831 2955 993 2992 constat
1023 2951 1260 3006 eloquentia
1296 2948 1577 3006 praestitisse,
1625 2946 1822 2990 exiliores

167 3091 202 3124 9.
227 3092 345 3123 mitior
361 3090 428 3123 Gu.
447 3091 481 3123 1.
499 3091 606 3124 solus.
633 3106 665 3112 ——
695 3090 751 3122 16.
771 3090 982 3131 eloquentem
999 3088 1119 3127 aiunt,
1146 3089 1263 3128 illius,
1287 3088 1345 3128 qai
1362 3096 1467 3119 sacra
1483 3087 1668 3127 acceperit,
1687 3087 1824 3129 filium,-

79 3138 198 3171 dicunt
222 3139 327 3171 etiam
351 3138 411 3179 Lg.
437 3138 494 3170 35.
519 3138 577 3170 53.
605 3137 661 3170 68.
685 3138 743 3169 70.
759 3159 768 3174 ,
792 3137 998 3169 Manutius:
1025 3135 1257 3174 eloquentem,
1284 3134 1340 3167 M.
1361 3134 1470 3166 alium
1494 3134 1613 3174 illius,
1639 3135 1699 3175 qm·
1722 3142 1826 3166 sacra

79 3186 271 3226 acceperit,
302 3185 436 3226 filium:
473 3185 577 3216 etiam
602 3184 642 3216 Ε.
671 3181 727 3224 (ex
754 3186 844 3215 coni.
872 3182 985 3214 deleto
1011 3190 1044 3214 v.
1072 3181 1224 3221 dicunt.)
1251 3198 1291 3204 —
1331 3180 1388 3212 18.
1413 3181 1529 3221 patris
1552 3180 1594 3212 R.
1623 3196 1661 3203 -
1703 3180 1761 3212 23.
1788 3185 1827 3212 at

78 3241 160 3265 vero
186 3232 262 3264 libri
290 3231 445 3272 plerique
473 3235 507 3263 et
531 3231 573 3262 R.
625 3229 782 3263 Correxit
806 3230 926 3262 Lamb.
955 3233 988 3261 et
1014 3228 1053 3259 E.
1082 3225 1137 3267 (at
1155 3237 1224 3260 orn·
1242 3235 1321 3259 vero
1339 3223 1397 3265 D.)
1418 3243 1455 3249 —
1482 3226 1542 3259 29.
1571 3225 1612 3266 Q.
1635 3226 1763 3259 Fabius
1781 3227 1824 3258 R.

80 3295 126 3301 —
149 3278 206 3311 30.
237 3278 278 3318 Q.
298 3287 430 3319 quoque
454 3276 583 3308 Fabius
607 3277 649 3309 R.
686 3293 728 3299 —
765 3276 822 3309 35.
849 3277 907 3308 secl
933 3279 963 3307 et
992 3272 1027 3304 C.
1054 3274 1096 3305 R.
1134 3290 1176 3297 —
1216 3273 1273 3305 37.
1301 3271 1494 3314 oratorum]
1530 3281 1646 3306 eorum
1670 3274 1713 3306 de
1741 3273 1825 3305 Ern.

81 3334 175 3366 susp.
203 3325 283 3357 Scb.
309 3325 355 3357 At
372 3324 435 3357 ci'r.
460 3321 498 3363 §-
517 3323 574 3355 91.
601 3325 638 3354 in
664 3326 802 3354 oratore
828 3321 953 3354 Galba.
987 3336 1024 3345 -
1059 3319 1117 3354 39.
1143 3320 1385 3362 deqrederecur
1407 3319 1529 3355 Lami».
1557 3319 1628 3354 Cir.
1655 3320 1759 3354 Beier
1782 3319 1825 3352 ad

83 3372 183 3406 Osfic.
210 3372 289 3405 Vol.
315 3372 362 3403 11.
394 3380 429 3412 p.
457 3371 534 3404 150.
562 3369 708 3410 Quintil.
735 3369 772 3410 a,
800 3367 835 3408 3,
861 3369 917 3401 12.

159 3443 252 3472 cicero
272 3442 302 3472 Τ.
322 3442 344 3471 1.
1332 3436 1386 3478 23
