2117 3762
295 289 349 330 38
962 281 1029 325 AD
1060 283 1369 326 HERENNIUM

298 393 493 449 Corporis
519 397 612 434 sunt
634 405 702 439 ea,
734 403 839 446 quae
860 392 1004 430 natura
1024 388 1192 443 corpori
1212 389 1395 432 attribuit
1417 388 1633 431 commoda
1653 392 1722 430 aut
1749 386 2032 431 incommoda:

295 456 514 504 velocitas,
561 454 688 501 vires,
731 452 926 506 dignitas,
959 450 1150 491 valetudo
1181 457 1221 492 et
1249 466 1353 507 quae
1383 451 1590 494 contraria
1620 456 1724 492 sunt.
1782 450 1916 492 Animi
1946 456 2039 492 sunt

296 531 367 565 ea,
398 531 501 572 quae
538 516 706 557 consilio
738 521 777 556 et
806 512 1051 566 cogitatione
1081 518 1221 554 nostra
1250 520 1453 556 constant:
1485 513 1720 569 prudentia,
1751 512 1923 560 iustitia,
1954 512 2039 554 sor-

295 579 448 627 titudo,
493 577 692 620 modestia
730 581 770 616 et
810 588 914 630 quae
952 574 1159 615 contraria
1197 580 1303 616 sunt.
1368 575 1469 629 [Erit
1497 576 1623 630 igitur
1652 578 1754 616 haec
1783 573 2038 616 confirmatio

266 649 337 685 set
365 641 586 684 confutatio
616 636 766 692 nobis]
831 640 893 678 11.
926 639 972 678 In
1003 636 1237 679 huiusmodi
1272 636 1397 691 igitur
1430 651 1552 680 causa
1581 637 1827 694 principium
1857 642 2041 679 sumetur

296 710 365 746 aut
407 704 454 745 ab
496 708 635 744 nostra
674 705 743 741 aut
786 698 837 740 ab
882 699 988 747 eius,
1040 702 1090 740 de
1133 712 1212 754 quo
1255 698 1492 754 loquemur,
1540 706 1609 742 aut
1656 699 1706 741 ab
1754 713 1920 747 eorum,
1970 699 2042 755 qui

296 766 482 811 audient,
527 776 702 819 persona
732 769 800 803 aut
831 760 881 802 ab
911 775 970 803 re.
1028 760 1089 802 Ab
1126 768 1285 808 nostra,
1331 761 1364 802 si
1402 761 1681 810 laudabimus,
1731 760 1939 818 [dicemus]
1973 768 2042 804 aut

297 827 432 870 officio
454 826 610 873 facere,
643 824 754 880 quod
774 838 895 865 causa
923 823 1231 865 necessitudinis
1252 823 1499 876 intercedat3
1531 832 1599 866 aut
1619 825 1775 873 studio,
1808 824 1918 880 quod
1935 824 2042 866 eius-

296 889 406 931 modi
437 889 587 930 virtute
619 887 687 935 sit,
719 892 764 927 ut
794 900 934 928 omnes
966 899 1290 928 commemorare
1312 885 1488 927 debeant
1507 887 1630 935 velle,
1663 887 1772 943 quod
1792 892 1950 929 rectum
1971 887 2040 936 sit:

246 965 282 990 10
297 958 365 994 aut
395 966 447 992 ex
477 950 650 991 aliorum
680 948 799 990 laude
830 948 1069 997 ostendere,
1116 948 1246 1004 qualis
1284 947 1411 1002 ipsius
1451 948 1609 991 animus
1642 949 1703 991 sit.
1764 949 1805 991 Si
1835 949 2043 1005 vitupera-

296 1014 449 1061 bimus,
481 1018 550 1054 aut
579 1011 726 1053 merito
757 1011 915 1058 facere,
949 1011 1060 1066 quod
1090 1014 1145 1053 ita
1174 1011 1334 1052 tractati
1355 1010 1506 1060 simus;
1537 1016 1606 1052 aut
1625 1011 1780 1059 studio,
1813 1011 1924 1066 quod
1945 1011 2043 1052 utile

295 1082 482 1132 putemus
513 1088 602 1116 esse
632 1077 683 1116 ab
714 1073 903 1115 omnibus
932 1076 1094 1115 unicam
1124 1073 1320 1114 malitiam
1351 1079 1472 1129 atque
1494 1073 1714 1128 nequitiam
1735 1073 1944 1128 cognosci;
1975 1079 2044 1115 aut

296 1138 404 1194 quod
445 1137 601 1193 placeat
632 1136 811 1183 ostendi,
863 1136 961 1191 quid
1000 1134 1119 1177 nobis
1160 1135 1390 1191 displiceat,
1441 1150 1493 1177 ex
1524 1136 1699 1177 aliorum
1728 1136 2042 1191 vituperatione.

295 1200 356 1242 Ab
387 1200 474 1241 eius
504 1213 702 1254 persona,
734 1198 784 1239 de
805 1212 886 1254 quo
909 1198 1147 1253 loquemur,
1179 1197 1212 1238 si
1232 1197 1511 1246 laudabimus,
1545 1198 1681 1239 vereri
1702 1212 1776 1239 nos
1809 1198 2042 1253 [dicemus]‚

245 1269 340 1304 15ut
369 1262 476 1304 illius
505 1262 611 1304 facta
640 1259 778 1302 verbis
809 1260 1005 1315 consequi
1047 1260 1269 1316 possimus;
1317 1275 1458 1302 omnes
1497 1261 1687 1302 homines
1730 1260 1837 1301 illius
1874 1261 2045 1302 virtutes

296 1324 536 1381 praedicare
567 1330 780 1379 oporterc;
810 1323 899 1379 ipsa
929 1322 1033 1364 facta
1063 1323 1246 1365 omnium
1275 1323 1533 1365 laudatorum
1564 1323 1840 1378 eloquentiam
1871 1323 2041 1365 anteire.

298 1388 339 1428 Si
370 1387 717 1442 vituperabimus,
749 1400 815 1433 ea,
848 1399 952 1440 quae
982 1385 1212 1427 videbimus
1243 1387 1448 1427 contrarie
1469 1386 1609 1441 paucis
1629 1385 1767 1427 verbis
1789 1385 2045 1428 commutatis

297 1448 378 1490 dici
405 1462 549 1504 posse,
597 1449 800 1496 dicemus,
851 1454 896 1488 ut
932 1448 1069 1503 paullo
1110 1462 1233 1503 supra
1264 1449 1440 1504 exempli
1471 1463 1591 1490 causa
1621 1448 1942 1490 demonstratum
1973 1454 2046 1490 est.

301 1514 362 1553 12.
396 1515 456 1553 Ab
488 1511 721 1553 auditorum
752 1524 947 1566 persona,
999 1509 1034 1551 si
1075 1509 1350 1559 laudabimus,
1401 1512 1595 1566 quoniam
1636 1526 1717 1552 non
1747 1514 1854 1566 apud
1884 1511 2046 1566 ignotos

248 1590 283 1616 20
297 1573 528 1621 laudemus,
575 1587 649 1614 nos
689 1572 883 1614 monendi
924 1585 1047 1613 causa
1076 1585 1206 1627 pauca
1237 1572 1441 1623 dicturos;
1493 1580 1561 1614 aut
1591 1573 1624 1614 si
1654 1579 1774 1614 erunt
1802 1573 1954 1628 ignoti,
2003 1580 2047 1615 ut

298 1636 418 1678 talem
450 1636 584 1676 virum
615 1634 741 1676 velint
770 1647 1037 1688 cognoscere,
1069 1639 1272 1689 petemus3
1305 1635 1497 1690 quoniam
1526 1635 1568 1676 in
1598 1639 1743 1676 eodem
1773 1635 1935 1677 virtutis
1965 1641 2048 1677 stu-

298 1699 366 1740 dio
398 1700 498 1747 sint,
548 1697 657 1751 apud
688 1711 791 1751 quos
820 1697 1053 1744 laudemus,
1100 1702 1221 1750 atque
1252 1697 1339 1745 ille,
1382 1697 1450 1751 qui
1483 1697 1690 1745 laudetur,
1721 1696 1844 1739 suerit
1874 1703 1941 1739 aut
1971 1698 2044 1747 sit,

298 1775 464 1817 sperare
495 1774 570 1801 nos
602 1759 721 1800 facile
742 1759 817 1808 iis,
851 1757 999 1814 quibus
1020 1759 1215 1807 velimus,
1246 1762 1365 1801 huius
1387 1759 1490 1800 facta
1512 1763 1774 1815 probaturos.
1837 1761 2047 1803 Contraria

298 1824 569 1878 vituperatio:
605 1822 799 1876 quoniam
831 1821 993 1870 norint,
1026 1835 1157 1876 pauca
1186 1821 1236 1862 de
1267 1822 1449 1876 nequitia
1473 1822 1559 1863 eius
1593 1821 1681 1876 [nos
1703 1821 1806 1877 esse]
1841 1822 2047 1872 dicturos;

248 1901 283 1926 2⁵
300 1885 409 1941 quod
439 1884 474 1926 si
502 1884 716 1938 ignorent,
768 1889 975 1939 petemus,
1017 1890 1063 1926 ut
1093 1892 1363 1938 cognoscant,
1395 1885 1454 1926 uti
1485 1885 1679 1925 malitiam
1712 1885 1839 1926 vitare
1869 1885 2047 1940 possint3

299 1947 491 2002 quoniam
524 1947 740 1989 dissimiles
772 1947 875 1996 sint,
920 1948 990 2002 qui
1020 1947 1208 1994 audiunt,
1257 1953 1377 2001 atque
1407 1947 1502 1995 ille,
1545 1947 1615 2003 qui
1644 1947 1922 2003 vituperatur,
1960 1947 2048 2002 [nos

299 2010 480 2064 sperare]
516 2024 586 2051 eos
616 2010 723 2050 illius
754 2011 880 2051 vitam
909 2012 1178 2051 vehementer
1207 2008 1526 2065 improbaturos.
1586 2009 1646 2052 Ab
1677 2009 1800 2051 rebus
1830 2010 1954 2066 ipsis:
1988 2010 2049 2051 in-

300 2078 433 2114 certos
465 2087 572 2120 esse,
605 2071 703 2126 quid
734 2072 990 2126 potissimum
1022 2071 1253 2122 laudemus;
1299 2072 1459 2120 vereri,
1503 2086 1574 2120 ne,
1615 2085 1705 2113 cum
1737 2072 1865 2113 multa
1895 2072 2049 2113 dixeri-

299 2149 410 2182 mus,
455 2134 573 2190 plura
602 2140 929 2189 praetereamus,
976 2139 1016 2175 et
1045 2148 1150 2189 quae
1180 2134 1333 2176 similes
1363 2135 1583 2176 sententias
1622 2134 1852 2183 habebunt;
1902 2135 2048 2190 quibus

252 2217 286 2243 30
301 2197 508 2239 sententiis
548 2197 750 2238 contraria
786 2202 1003 2238 sumuntur
1033 2213 1056 2239 a
1086 2197 1401 2253 vituperatione.
1462 2199 1552 2239 vn.
1589 2200 1651 2240 13.
1681 2197 1886 2252 Principio
1917 2203 2046 2238 tracto

300 2259 351 2301 ab
383 2260 518 2313 aliqua
548 2259 712 2307 harum,
754 2273 854 2314 quas
885 2264 978 2300 ante
1009 2260 1443 2307 commemoravimus,
1483 2259 1714 2307 rationum,
1755 2260 1936 2300 narratio
1967 2274 2049 2300 non

302 2322 380 2363 erit
409 2322 512 2368 ulla,
545 2335 648 2377 quae
678 2322 909 2363 necessario
941 2328 1235 2377 consequatur3
1268 2321 1338 2364 sed
1369 2322 1402 2363 si
1424 2337 1505 2377 qua
1525 2321 1736 2371 inciderit,
1770 2335 1863 2364 cum
1883 2321 2049 2377 aliquod

300 2384 451 2425 factum
483 2383 593 2433 eius,
627 2383 677 2425 de
708 2398 789 2439 quo
820 2384 1058 2439 loquemur,
1090 2385 1209 2426 nobis
1239 2388 1490 2426 narrandum
1519 2384 1570 2426 sit
1599 2398 1692 2425 cum
1717 2383 1837 2426 laude
1858 2392 1927 2426 aut
1945 2384 2050 2425 vitu-

301 2446 537 2501 peratione,
576 2446 813 2502 praeceptio
845 2447 1039 2489 narrandi
1070 2446 1119 2489 de
1149 2448 1282 2503 primo
1314 2447 1421 2489 libro
1451 2452 1673 2502 repetetur.
1732 2446 1943 2488 Divisione
1973 2448 2048 2487 hac

254 2529 287 2554 ³⁵
302 2515 485 2550 utemur:
519 2523 796 2564 exponemus,
831 2524 930 2565 quas
959 2525 1026 2552 res
1056 2510 1261 2552 laudaturi
1291 2524 1429 2551 sumus
1460 2516 1528 2550 aut
1556 2508 1848 2565 vituperaturi;
1880 2507 2046 2555 deinde,

395 2662 428 2692 1.
456 2661 518 2692 Vv.
543 2664 604 2691 aut
629 2660 848 2692 incommoda
875 2662 1016 2693 seclusit
1043 2663 1089 2700 E,
1119 2662 1249 2694 delevit
1275 2662 1355 2693 Sch.
1385 2678 1424 2684 —
1458 2662 1490 2692 2.
1518 2661 1683 2691 velocitas
1708 2658 1905 2691 PABFRT:
1932 2661 1972 2689 ut
1994 2667 2048 2689 ve-

305 2707 427 2739 locitas
452 2707 489 2739 E.
525 2723 554 2730 ·-
588 2705 621 2737 3.
647 2707 834 2746 prudentia
860 2709 995 2740 PAFT:
1023 2713 1061 2739 ut
1086 2709 1272 2749 prudentia
1298 2709 1396 2740 BRE.
1435 2725 1477 2729 -
1511 2707 1545 2738 [4.
1574 2707 1635 2738 Vv.
1662 2707 1769 2738 Erit-
1787 2705 1914 2736 -nobis
1939 2705 2050 2736 seclu-

304 2757 346 2785 sit
371 2754 418 2791 E,
447 2754 575 2785 delevit.
600 2753 680 2785 Sch.
713 2770 748 2776 -
778 2754 811 2785 5.
839 2758 869 2786 et
894 2756 1087 2795 confutatio
1114 2765 1181 2787 om.
1207 2756 1302 2787 PAF.
1332 2773 1372 2778 -
1398 2755 1495 2786 vobis
1520 2755 1557 2784 in
1581 2753 1776 2784 huiusmodi
1801 2761 1921 2783 causa.
1951 2752 2050 2782 Prin-

304 2802 429 2840 cipium
455 2799 580 2831 PAFT.
612 2817 650 2822 —
683 2800 717 2833 7.
743 2800 792 2831 Ab
818 2801 1015 2833 PABFRT:
1044 2802 1071 2834 A
1098 2803 1134 2835 E.
1163 2818 1202 2824 —
1230 2801 1472 2833 dicemus'om.
1496 2799 1683 2831 PABFRT.
1733 2799 1804 2830 Nos
1830 2799 2046 2831 seclusimus.

307 2864 343 2869 —
372 2847 404 2878 9.
429 2849 556 2878 virtute
579 2848 624 2879 sit
648 2847 678 2878 R
704 2852 737 2879 et
763 2855 814 2885 pr.
832 2847 883 2879 P:
925 2851 1071 2880 virtutes
1104 2850 1173 2880 sint
1205 2850 1261 2880 AF
1288 2853 1322 2880 et
1348 2857 1434 2880 corr.
1464 2848 1505 2879 ab
1532 2848 1651 2878 eadem
1682 2855 1727 2876 in.
1755 2846 1801 2881 P.
1840 2846 1980 2876 virtutis
2004 2846 2049 2876 sic

304 2893 403 2924 BTE.
442 2908 481 2914 —
521 2893 614 2934 qnod
640 2894 835 2925 PABFRT:
876 2900 938 2926 αιιε
964 2897 1054 2936 quod
1078 2896 1117 2929 E.
1156 2904 1200 2917 ·--
1239 2897 1293 2927 10.
1324 2899 1386 2926 aut
1411 2904 1453 2926 ez:
1477 2893 1645 2924 ABFRT:
1687 2900 1728 2923 ea:
1752 2892 1820 2924 PE.
1863 2909 1899 2914 -
1940 2892 2048 2930 ipsius

305 2939 438 2970 PABF:
465 2946 583 2971 noster
608 2941 633 2971 E
660 2949 736 2972 cum
763 2950 851 2972 corr.
871 2942 921 2979 R,
948 2943 1054 2981 ipsius
1080 2943 1132 2973 vel
1156 2945 1274 2973 noster
1301 2951 1352 2981 pr.
1370 2942 1419 2979 R,
1445 2945 1560 2971 noster
1584 2940 1693 2978 ipsius
1718 2939 1759 2970 T.
1787 2955 1828 2960 -
1855 2938 1916 2969 Sin
1939 2938 1979 2969 L.
2004 2955 2047 2960 —

306 2987 362 3018 11.
389 2994 505 3016 sumus
531 2987 696 3027 PAFRT,
731 2988 771 3018 L.
812 3004 849 3009 —
891 2989 947 3019 14.
982 2989 1131 3020 dicemus
1156 2998 1225 3022 om.
1246 2988 1382 3026 PAFT,
1419 2988 1568 3018 dicemus
1592 2986 1703 3017 vereri
1726 2994 1789 3016 nos
1814 2986 1864 3022 B,
1901 2985 2049 3016 dicemus

304 3041 367 3064 nos
390 3033 502 3063 vereri
527 3034 568 3064 R.
618 3034 687 3066 Nos
714 3034 928 3067 seclusimus.
983 3035 1080 3067 Conf.
1109 3046 1140 3067 v.
1167 3036 1201 3066 7.
1232 3052 1268 3058 —
1313 3035 1367 3065 17.
1397 3034 1458 3065 Sin
1487 3034 1522 3063 L.
1562 3050 1597 3056 —-
1638 3033 1790 3064 videmus
1817 3031 1978 3063 PABRT.
2009 3047 2045 3053 —

306 3079 480 3110 contrarie
507 3080 584 3110 AT:
625 3083 806 3113 contraria
833 3082 918 3113 BRE
958 3086 990 3112 et
1027 3091 1113 3114 corr.
1146 3082 1192 3119 P,
1235 3081 1431 3112 contrariae
1469 3081 1493 3111 F
1521 3082 1555 3111 el.
1580 3089 1629 3118 pr.
1654 3079 1691 3109 P.
1739 3080 1792 3119 (ln
1818 3079 1847 3110 R
1873 3086 2046 3115 superscr.

307 3124 508 3161 contrarie.)
536 3142 574 3148 —
603 3127 657 3158 18.
684 3137 793 3168 supra
817 3128 1015 3160 PABFRT:
1044 3134 1125 3160 ante
1143 3129 1182 3160 E.
1212 3144 1248 3150 --
1278 3128 1333 3158 20.
1363 3127 1515 3159 dicturos
1533 3125 1727 3157 PABFRT:
1755 3135 1822 3157 esse
1840 3126 1992 3156 dicturos
2007 3124 2046 3155 E.

309 3172 415 3203 -Ξῖι,
442 3180 503 3202 nos
520 3181 585 3204 esse
604 3182 671 3203 om.
697 3175 722 3204 B
740 3179 773 3206 et
792 3183 842 3213 pr.
860 3175 897 3207 P.
935 3175 1003 3206 Nos
1021 3176 1238 3208 seclusimus.
1267 3191 1308 3197 --
1335 3174 1390 3204 26.
1417 3182 1478 3203 nos
1503 3181 1640 3211 sperare
1662 3181 1729 3203 om.
1746 3172 1882 3208 PAFT,
1909 3178 2049 3209 sperare

305 3227 367 3250 nos
386 3218 463 3253 BR,
492 3218 531 3248 L.
584 3220 676 3251 Haec
696 3229 834 3262 quoque
854 3223 1071 3255 seclusimus.
1097 3239 1134 3245 —
1165 3221 1222 3252 27.
1242 3229 1296 3251 eos
1313 3221 1406 3251 illius
1424 3219 1589 3251 PAFR'I':
1617 3219 1712 3250 illius
1731 3219 1799 3250 BE.
1827 3235 1866 3240 -—-
1894 3216 1951 3248 30.
1977 3221 2048 3249 lra-

307 3270 398 3296 ccum
424 3273 474 3303 pr.
500 3264 548 3298 P,
579 3270 732 3297 tractata
758 3269 906 3304 corr.P.
936 3273 1089 3301 tractato
1113 3269 1222 3303 AFR,
1248 3266 1371 3299 Graev.
1421 3266 1464 3297 Ut
1490 3275 1571 3302 nos,
1600 3276 1617 3298 e
1645 3268 1734 3297 coni.
1755 3264 1850 3297 dedit
1872 3264 1919 3300 E,
1948 3267 2048 3296 etsie

307 3312 444 3343 videtur
470 3311 595 3342 habere
623 3312 661 3343 B.
702 3330 740 3335 —
785 3315 840 3347 35.
868 3324 1075 3356 exponemus
1109 3314 1308 3347 PABFRT:
1343 3313 1458 3353 primo
1496 3321 1702 3353 exponemus
1735 3312 1762 3344 E
1796 3320 1873 3343 cum
1899 3311 2045 3349 Duisb.,

308 3366 512 3399 exponemus
535 3359 650 3398 primo
675 3359 765 3391 Pitb.
