2117 3762
249 258 328 297 27⁷⁴.
943 255 1012 294 DE
1057 254 1305 296 ORATORE

249 363 357 404 xisse
387 377 454 403 me
486 367 604 416 puto:
651 372 785 400 rerum
817 359 938 410 plura
970 363 1064 399 sunt
1093 372 1225 411 eaque
1256 359 1405 413 magis,
1450 364 1494 399 ut
1522 357 1609 399 dixi
1641 364 1761 408 ante,
1797 360 2002 409 ridentur;

247 427 289 465 in
329 423 479 478 quibus
522 429 583 464 est
623 421 831 467 uzu-ratic,
881 434 949 460 res
989 433 1088 460 sane
1128 419 1320 461 difficilis.
1382 421 1666 474 Exprimenda
1697 423 1809 463 enim
1840 430 2005 465 suntet

246 488 436 540 ponenda
467 491 559 526 ante
590 483 732 524 oculos
763 495 831 529 ea,
879 495 983 535 quae
1014 481 1231 522 videantur
1261 488 1302 523 et
1330 485 1419 524 veri
1450 482 1625 532 similia,
1673 486 1785 539 quod
1817 490 1879 526 est
1909 498 2006 540 pro-

246 549 382 602 prium
414 547 685 592 narrationis,
720 550 759 584 ct
789 558 896 600 quae
926 545 1028 592 sint,
1061 545 1174 599 quod
1204 543 1365 585 ridiculi
1396 544 1611 599 proprium
1642 551 1725 594 est,
1759 548 2002 599 subturpia3

217 610 361 651 senius
406 610 667 662 exemplum,
718 612 764 646 ut
808 607 1120 653 brevissimum,
1168 605 1220 645 sit
1261 619 1358 646 sane
1398 606 1518 655 illud,
1567 609 1680 661 quod
1725 613 1820 648 ante
1858 607 2003 662 posui,

247 673 381 713 Crassi
412 674 462 711 de
492 670 702 711 Memmio.
764 671 815 710 Et
853 671 905 709 ad
947 670 1028 709 hoc
1074 681 1203 722 genus
1245 667 1528 710 adscribamus
1573 671 1697 710 etiam
1743 669 2005 711 narrationes

245 735 532 789 apologorum.
593 734 688 772 265.
737 733 932 772 Trahitur
974 731 1098 771 etiam
1138 729 1293 783 aliquid
1331 743 1381 770 ex
1416 732 1613 779 historia,
1667 737 1734 779 ut,
1779 745 1872 773 cum
1904 734 2001 773 Sex.

244 797 371 837 Titius
402 810 445 835 se
477 796 746 836 Cassandram
777 808 867 835 esse
897 793 1079 841 diceret,
1112 793 1328 837 Multos,
1360 791 1492 846 inquit
1520 796 1743 841 Antonius,
1789 807 2003 849 possum

244 866 359 899 tuos
389 856 572 897 Aiaces
604 857 780 898 Oileos
811 857 1101 897 nominare.
1162 856 1236 894 Est
1265 854 1389 893 etiam
1411 867 1462 894 ex
1483 856 1773 903 similitudine,
1806 870 1912 910 quae
1935 866 2006 901 aut

193 934 228 956 10
242 918 503 960 collationem
542 921 667 960 habet
709 924 779 960 aut
807 925 1018 972 tamquam
1048 915 1287 969 imaginem.
1350 914 1645 958 Collationem:
1679 924 1724 959 ut
1755 918 1823 960 ille
1858 918 2002 960 Gallus

242 983 341 1021 olim
370 982 483 1022 testis
512 981 555 1021 in
584 981 799 1028 Pisonem,
847 994 940 1021 cum
981 975 1328 1020 innumerabilem
1368 976 1505 1029 Magio
1534 979 1745 1032 praefecto
1776 981 2002 1034 pecuniam

241 1042 411 1084 dixisset
440 1042 576 1084 datam
608 1043 732 1099 idque
765 1045 941 1084 Scaurus
972 1043 1166 1082 tenuitate
1208 1038 1332 1092 Magii
1368 1041 1659 1093 redargueret:
1710 1045 1894 1091 Erras,
1942 1044 2005 1084 in-

241 1105 353 1161 quit,
387 1107 601 1154 Scaure;
650 1120 743 1159 ego
777 1105 915 1146 enim
946 1103 1175 1158 Magium
1206 1116 1308 1142 non
1339 1114 1700 1144 conservasse
1731 1105 1879 1153 dico,
1913 1107 2004 1146 sed

242 1173 501 1222 tamquam
532 1170 703 1209 nudus
733 1181 890 1209 nuces
920 1169 1152 1221 legeret,
1186 1166 1238 1204 in
1269 1168 1455 1204 ventre
1486 1162 1802 1207 abstulisse:
1835 1167 2003 1208 utillud

192 1248 225 1271 15
240 1233 293 1271 M.
320 1230 466 1272 Cicero
497 1244 642 1278 senex,
686 1231 806 1271 huius
836 1230 915 1271 viri
946 1228 1117 1284 optimi,
1161 1225 1293 1268 nostri
1322 1224 1560 1274 familiaris,
1603 1233 1742 1279 pater,
1782 1235 2002 1270 nostros

241 1292 480 1334 homines
511 1293 715 1334 similes
745 1306 859 1334 esse
891 1294 1145 1347 Syrorum
1175 1287 1474 1330 venalium:
1507 1290 1829 1343 utquisque
1861 1293 2002 1345 opti-

239 1368 314 1395 me
347 1355 546 1396 Graece
587 1355 771 1402 sciret,
817 1355 892 1395 ita
933 1366 1052 1394 esse
1092 1349 1501 1404 nequissimum.
1564 1353 1660 1392 266.
1705 1352 1833 1394 Valde
1864 1359 2002 1395 autem

237 1415 427 1458 ridentur
455 1418 577 1458 etiam
607 1417 832 1470 imagines,
866 1430 970 1471 quae
1000 1415 1087 1456 sere
1117 1416 1160 1455 in
1181 1412 1485 1454 deformitatem
1505 1419 1574 1454 aut
1595 1414 1636 1454 in
1658 1413 1828 1468 aliquod
1847 1415 1996 1456 vitium

239 1480 430 1532 corporis
460 1481 666 1520 ducuntur
695 1493 788 1520 cum
819 1477 1088 1520 similitudine
1118 1474 1339 1530 turpioris:
1371 1479 1416 1516 ut
1445 1488 1583 1515 meum
1613 1475 1717 1517 illud
1737 1478 1779 1518 in
1801 1477 1996 1519 Helvium

191 1542 461 1590 20Manciam‚
512 1544 616 1582 Iam
647 1543 953 1588 ostendam,
1001 1536 1303 1580 cuiusmodi
1333 1536 1428 1577 sis:
1476 1550 1570 1577 cum
1600 1537 1693 1585 ille,
1737 1539 1999 1588 Ostende,

240 1618 454 1659 quaeso3
498 1604 780 1646 demonstravi
811 1603 939 1658 digito
971 1604 1124 1658 pictum
1156 1600 1317 1642 Gallum
1347 1598 1390 1640 in
1419 1599 1605 1640 Mariano
1637 1606 1755 1642 scuto
1788 1601 2000 1642 Cimbrico

237 1668 313 1708 suh
344 1666 470 1708 Novis
500 1669 737 1715 distortum,
772 1669 905 1708 eiecta
934 1666 1101 1718 lingua,
1134 1662 1275 1704 buccis
1305 1661 1550 1703 fluentibus:
1585 1662 1694 1704 risus
1726 1668 1787 1705 est
1817 1677 2003 1705 commo-

238 1736 325 1777 tus;
372 1728 473 1769 nibil
502 1734 585 1769 tam
615 1729 799 1771 Manciae
830 1730 964 1769 simile
994 1726 1128 1769 visum
1159 1730 1240 1766 est:
1289 1730 1334 1765 ut
1363 1737 1457 1765 cum
1489 1723 1580 1765 Tito
1612 1726 1779 1766 Pinario
1817 1731 2002 1767 mentum

237 1789 474 1832 indicendo
496 1790 775 1846 intorquenti‚
808 1793 929 1832 Tum
959 1795 1015 1831 ut
1045 1788 1268 1835 diceret,
1300 1786 1343 1828 si
1374 1785 1501 1842 quid
1532 1787 1717 1836 vellet,
1750 1788 1795 1830 si
1824 1802 2003 1830 nucem

189 1867 223 1892 25
238 1851 508 1906 fregisset.
570 1857 666 1894 267.
699 1854 833 1894 Etiam
863 1852 959 1900 illa,
1011 1865 1118 1905 quae
1149 1848 1365 1891 minuendi
1395 1854 1466 1890 aut
1495 1849 1674 1902 augendi
1705 1864 1828 1892 causa
1858 1849 1911 1891 ad
1939 1851 2003 1891 in-

236 1917 479 1957 credibilem
509 1915 824 1956 admirationem
855 1914 1107 1955 esl'eruntur:
1154 1912 1268 1954 velut
1296 1917 1359 1958 tu,
1395 1912 1560 1957 Crasse,
1593 1914 1635 1952 in
1666 1912 1883 1960 contione,
1923 1911 2001 1953 ita

237 1977 343 2018 sibi
373 1979 545 2032 ipsum
575 1990 815 2031 magnum
847 1976 1023 2017 videri
1054 1975 1370 2021 Memmium,
1401 1978 1456 2014 ut
1485 1974 1537 2012 in
1566 1973 1744 2015 forum
1775 1975 2002 2015 descen-

237 2042 364 2081 dens
410 2045 569 2095 caput
613 2042 672 2080 ad
715 2038 980 2080 fornicem
1025 2036 1175 2077 Fabii
1216 2035 1544 2076 demitteret.
1612 2037 1676 2076 Ex
1716 2049 1800 2090 quo
1843 2049 2000 2089 genere

236 2102 359 2144 etiam
388 2103 491 2143 illud
522 2107 605 2151 est,
638 2100 750 2156 quod
782 2100 919 2155 Scipio
951 2101 1062 2153 apud
1092 2097 1374 2146 Numantiam,
1421 2110 1515 2138 cum
1546 2100 1874 2139 stomacharetur
1903 2111 1998 2140 cum

187 2166 278 2206 ³0C.
298 2165 486 2213 Metello,
520 2164 674 2206 dixisse
704 2165 880 2211 dicitur,
925 2162 977 2203 Si
1009 2161 1251 2216 quintum
1281 2166 1499 2216 pareret
1529 2166 1693 2201 mater
1722 2162 1862 2209 eius,
1893 2159 1999 2202 asi-

235 2242 353 2268 num
397 2227 563 2268 fuisse
608 2226 916 2282 parituram.
978 2225 1074 2264 268.
1121 2225 1280 2277 Arguta
1317 2224 1441 2264 etiam
1479 2220 1723 2275 significatio
1763 2229 1851 2271 est,
1903 2235 1998 2264 cum

234 2302 363 2343 parva
392 2302 439 2329 re
469 2294 509 2330 et
539 2303 660 2344 saepe
690 2291 820 2330 verbo
849 2301 916 2327 res
947 2285 1124 2327 obscura
1155 2291 1194 2326 et
1230 2286 1359 2326 latens
1398 2284 1654 2325 illustratur:
1707 2290 1773 2333 ut,
1813 2295 1916 2326 cum
1947 2285 1993 2325 C.

233 2350 424 2393 Fabricio
454 2354 496 2394 P.
519 2351 761 2398 Cornelius,
809 2352 960 2397 homo,
1007 2353 1053 2389 ut
1093 2347 1431 2395 existimabatur,
1478 2360 1627 2388 avarus
1658 2352 1699 2387 et
1728 2348 1872 2395 furax,
1924 2349 1998 2388 sed

234 2413 400 2469 egregie
431 2413 550 2455 fortis
581 2418 621 2454 et
650 2415 785 2453 bonus
815 2411 1066 2466 imperator,
1100 2410 1251 2465 gratias
1281 2415 1440 2464 ageret,
1485 2411 1597 2465 quod
1628 2423 1671 2450 se
1701 2411 1829 2451 homo
1859 2410 1997 2450 inimi-

186 2488 305 2517 ³⁵eus
343 2477 557 2517 consulem
595 2474 782 2521 fecisset,
827 2472 940 2514 bello
975 2473 1222 2528 praesertim
1260 2486 1411 2527 magno
1444 2477 1484 2513 et
1514 2472 1651 2525 gravi:
1705 2471 1851 2513 Nihil
1895 2475 1993 2519 est,

234 2537 374 2593 quod
402 2538 524 2578 mihi
555 2537 756 2590 gratias
791 2549 935 2590 agas,
967 2535 1127 2590 inquit,
1160 2536 1202 2576 si
1232 2534 1390 2576 malui
1421 2533 1698 2589 compilari
1728 2546 1881 2588 quam
1910 2547 1997 2575 ve-

234 2600 375 2641 nire:
408 2604 455 2641 ut
472 2599 612 2641 Asello
642 2598 862 2639 Africanus
893 2597 1105 2639 obiicienti
1134 2597 1308 2639 lustrum
1337 2595 1440 2638 illud
1460 2595 1636 2644 infelix,
1669 2593 1813 2643 Noli,
1845 2594 1993 2650 inquit,

234 2661 446 2710 mirari3
498 2660 542 2703 is
572 2660 731 2709 enim,
764 2660 853 2716 qui
883 2665 932 2701 te
963 2673 1026 2701 ex
1056 2658 1279 2700 aerariis
1311 2659 1529 2705 exemit,
1560 2657 1784 2699 lustrum
1813 2656 1996 2699 condi-

328 2857 362 2889 3.
390 2859 423 2889 et
446 2855 474 2887 B
500 2855 658 2894 aliique:
686 2862 756 2886 esse
780 2853 853 2887 RE.
882 2869 923 2875 —
949 2852 983 2884 [ι.
1010 2856 1089 2884 sunt
1105 2852 1148 2884 R.
1171 2869 1212 2876 -
1238 2852 1273 2884 5.
1299 2855 1338 2883 ut
1364 2851 1475 2883 brevis
1497 2852 1561 2882 sim
1586 2851 1629 2883 de
1657 2850 1763 2883 dubia
1790 2850 1911 2883 Orellii
1937 2859 1995 2883 su·

236 2904 392 2943 spinione
418 2903 462 2934 T.
492 2919 529 2926 —-
568 2903 624 2934 10.
652 2901 839 2941 imayinem
865 2900 1088 2932 collationis:
1122 2903 1162 2931 ut
1186 2899 1259 2930 BR.
1291 2916 1328 2921 —
1370 2899 1426 2929 12.
1454 2895 1568 2938 idque]
1611 2901 1714 2939 atque
1738 2898 1782 2929 R.
1809 2913 1857 2920 —·
1889 2897 1996 2939 Mam·

236 2949 306 2980 BT.
338 2967 374 2972 —
403 2949 461 2981 13.
488 2957 560 2980 non
582 2948 740 2989 Maqtum
764 2947 808 2979 R.
836 2963 875 2970 —
905 2946 959 2977 14.
989 2947 1026 2977 in
1050 2950 1204 2978 ventrem
1228 2945 1300 2977 BR.
1331 2961 1368 2968 -
1411 2945 1499 2976 illud
1525 2952 1602 2975 cum
1630 2946 1756 2977 ceteris
1783 2943 1879 2976 libris
1903 2944 1990 2976 BR:

236 2996 293 3026 ille
319 2997 498 3029 Ernestius
526 2999 560 3027 et
586 2995 736 3026 Ellendt.
777 3010 815 3016 —
860 2993 915 3024 16.
949 2992 1078 3023 similes
1103 3000 1173 3024 esse
1199 3000 1267 3023 om.
1296 2991 1337 3022 B.
1378 3007 1415 3014 —-
1459 2990 1627 3032 Syrorum
1658 2991 1833 3023 venalium
1863 2991 1993 3022 similes

237 3049 306 3073 esse
331 3044 372 3074 R.
401 3060 439 3066 -
475 3041 531 3073 18.
558 3042 726 3082 imagines
751 3040 858 3072 deleri
885 3044 919 3071 et
944 3047 1004 3078 pro
1031 3039 1209 3071 ducuntur
1233 3038 1398 3069 dicuntur
1425 3037 1490 3078 legi
1518 3038 1589 3069 volt.
1611 3037 1742 3069 Bakius
1768 3046 1838 3069 non
1863 3038 1993 3076 impro-

236 3087 340 3119 hante
367 3089 551 3120 Ellendtio.
601 3089 755 3125 Verum,
784 3087 867 3126 quid
894 3086 929 3118 h.
957 3086 978 3117 l.
1007 3087 1177 3126 significet
1201 3093 1233 3116 v.
1252 3084 1446 3124 imaqines,
1475 3084 1566 3127 clare
1593 3085 1803 3123 perspicitur
1828 3092 1867 3116 ex
1893 3085 1991 3122 picto

237 3133 294 3165 illo
321 3132 434 3166 Gallo.
463 3135 530 3167 On.
559 3151 597 3156 —
625 3135 682 3166 19.
711 3134 909 3172 turpiorum
933 3132 973 3163 B.
1004 3149 1041 3154 —
1068 3132 1243 3163 Helimum
1263 3130 1306 3162 R.
1329 3147 1368 3154 —
1396 3131 1453 3162 22.
1481 3131 1584 3162 nodis
1609 3130 1681 3162 BR.
1701 3146 1745 3151 —
1769 3129 1926 3161 distortis
1943 3130 1988 3162 R.

240 3195 279 3201 —
305 3179 362 3210 23.
393 3179 483 3220 Tito]
512 3181 621 3213 Cestio
647 3181 693 3218 B,
724 3181 834 3212 Testio
858 3180 902 3211 R.
931 3176 1102 3219 (Correxit
1126 3174 1301 3217 Ursinus.)
1330 3194 1367 3200 —
1395 3177 1454 3209 27.
1480 3176 1659 3209 discedens
1681 3177 1722 3208 B.
1756 3191 1796 3199 —
1836 3175 1894 3207 28.
1920 3176 1991 3208 Fa-

238 3225 380 3257 bianum
406 3235 445 3258 ex
471 3227 551 3267 Lag.
579 3228 611 3259 2.
639 3227 696 3259 36.
723 3227 765 3258 Τ.
807 3225 864 3267 (Ut
889 3234 972 3263 nos,
998 3224 1086 3264 BR.)
1126 3242 1164 3248 -
1207 3223 1264 3254 29.
1290 3225 1397 3256 etiam
1421 3229 1505 3257 esset
1531 3223 1620 3255 illud
1643 3222 1733 3254 idem
1758 3222 1852 3263 quod
1874 3222 1916 3254 R.
1946 3238 1988 3246 —

237 3272 293 3303 31.
321 3276 370 3304 est
394 3273 498 3303 etiam
522 3274 733 3314 siqnifirate‘o
759 3282 799 3305 ex
823 3273 906 3313 Lag.
932 3272 966 3303 2.
995 3270 1052 3302 36.
1079 3271 1119 3303 Τ.
1163 3269 1221 3310 (Ut
1246 3279 1328 3308 nos,
1355 3269 1443 3312 BR.)
1471 3285 1507 3295 —
1537 3270 1594 3302 33.
1623 3269 1847 3302 existimatur
1871 3268 1917 3301 R.
1946 3285 1985 3294 —

236 3319 293 3351 35.
320 3320 438 3359 mayni
465 3319 504 3350 Β.
537 3334 569 3339 -
601 3320 656 3352 36.
684 3319 776 3361 quod
802 3319 912 3352 Codd.
936 3318 1002 3350 ah:
1029 3327 1097 3359 quo
1128 3314 1210 3359 (13⁶2)
1233 3317 1307 3349 RE.
