2117 3762
708 280 751 321 C.
785 279 851 323 66.
883 280 950 320 67.
984 281 1050 321 68.
1085 281 1149 322 69.
1724 282 1803 322 383

52 400 132 445 que
168 400 251 429 non
293 400 459 428 omnem
500 383 900 428 commendationem
941 385 1097 439 ingenii
1139 389 1368 433 everteret,
1416 385 1547 427 maius
1582 397 1734 427 nomen
1764 386 1805 428 in

51 453 237 507 patronis
269 451 428 491 suisset.
489 451 579 489 Non
607 453 693 488 erat
714 444 949 496 abundans,
985 463 1066 490 non
1088 448 1208 503 inops
1231 455 1387 497 tamen;
1420 462 1502 489 non
1524 447 1642 489 valde
1663 448 1805 495 nitens,

52 527 137 553 non
167 514 287 567 plane
318 509 487 553 horrida
518 509 678 558 oratio;
713 522 815 555 vox,
848 517 984 561 gestus
1016 517 1056 551 et
1086 512 1219 552 omnis
1251 511 1356 552 actio
1388 512 1476 551 sine
1507 509 1673 565 lepore:
1707 516 1748 551 at
1769 510 1808 551 in

51 573 312 617 inveniendis
342 571 722 628 componendisque
754 570 876 612 rebus
909 572 1012 614 mira
1043 574 1271 622 accuratio,
1316 579 1360 615 ut
1391 587 1473 614 non
1503 572 1622 613 sacile
1653 572 1695 614 in
1724 572 1808 614 ullo

53 637 361 691 diligentiorem
393 635 676 687 maioremque
708 637 997 687 cognoverim,
1045 638 1117 677 sed
1158 650 1247 676 eam
1284 642 1329 676 ut
1364 637 1483 676 citius
1520 635 1832 677 veteratoriam⁵

52 713 177 754 quam
207 697 430 740 oratoriam
462 696 638 738 diceres.
702 697 777 736 llic
823 698 898 737 etsi
938 699 1061 739 etiam
1091 698 1133 738 in
1163 697 1340 752 publicis
1371 698 1504 739 causis
1534 695 1809 752 probabatur,

54 768 192 802 tamen
222 763 264 802 in
295 760 464 815 privatis
496 758 762 800 illustriorem
797 758 1009 800 obtinebat
1039 758 1190 800 locum.
1251 761 1431 800 vanl.
1464 762 1557 804 239.
1592 760 1637 801 C.
1662 761 1811 801 deinde

53 824 170 869 Piso,
200 820 393 863 statarius
423 826 463 861 et
493 820 696 862 sermonis
727 822 876 874 plenus
909 828 1071 868 orator,
1104 822 1274 863 minime
1302 821 1369 863 ille
1401 821 1567 876 quidem
1599 822 1740 865 tardus
1769 824 1811 865 in

53 882 350 938 excogitando,
401 890 687 924 verumtamen
736 883 852 924 vultu
898 890 939 924 et
978 885 1241 926 simulatione
1286 883 1415 925 multo
1464 885 1586 925 etiam
1627 886 1807 934 acutior,

53 959 175 1000 quam
206 950 315 994 erat,
362 945 596 987 videbatur.
658 947 759 986 Nam
801 944 889 986 eius
927 946 1142 1000 aequalem
1173 948 1238 987 Μ’.
1263 947 1529 987 Glabrionem
1559 945 1667 989 bene
1696 946 1812 989 insti·
1828 958 1862 983 ¹0

53 1015 185 1052 tutum
223 1008 290 1050 avi
330 1009 554 1049 Scaevolae
594 1007 807 1062 diligentia
838 1021 980 1049 socors
1010 1009 1140 1061 ipsius
1171 1015 1319 1050 natura
1351 1008 1647 1064 negligensque
1678 1009 1814 1052 tarda-

52 1076 184 1114 verat.
240 1069 374 1112 Etiam
404 1073 450 1112 L.
478 1073 713 1125 Torquatus
744 1070 910 1124 elegans
936 1071 977 1111 in
999 1071 1197 1119 dicendo,
1230 1072 1271 1111 in
1294 1071 1569 1113 existimando
1590 1074 1812 1115 admodum

52 1131 262 1189 prudens,
311 1138 398 1174 toto
431 1147 581 1188 genere
612 1131 885 1188 perurbanus.
946 1134 1064 1175 Meus
1095 1139 1232 1175 autem
1263 1134 1445 1188 aequalis
1477 1136 1549 1176 Cn.
1571 1134 1812 1190 Pompeius,

51 1195 118 1237 vir
158 1196 209 1237 ad
249 1195 386 1236 omnia
425 1209 585 1236 summa
623 1202 762 1243 natus,
812 1197 1016 1236 maiorem
1048 1195 1211 1237 dicendi
1243 1195 1417 1251 gloriam
1448 1195 1682 1245 habuisset,
1734 1199 1813 1241 nisi

54 1271 149 1300 eum
178 1257 349 1299 maioris
381 1257 538 1312 gloriae
569 1257 772 1313 cupiditas
803 1257 854 1299 ad
884 1256 1052 1299 bellicas
1082 1258 1224 1300 laudes
1253 1260 1535 1302 abstraxisset.
1594 1262 1694 1302 Erat
1723 1267 1861 1303 ora-¹⁵

52 1321 167 1363 tione
197 1320 296 1363 satis
327 1322 507 1376 amplus,
551 1334 642 1362 rem
681 1319 908 1375 prudenter
940 1319 1129 1371 videbat3
1178 1321 1285 1362 actio
1316 1334 1416 1362 vero
1446 1321 1533 1362 eius
1563 1323 1743 1364 habebat
1773 1330 1815 1366 et

52 1384 96 1426 in
125 1398 230 1426 voce
261 1396 455 1438 magnum
486 1383 752 1438 splendorem
784 1388 824 1424 et
853 1383 895 1424 in
926 1388 1044 1424 motu
1065 1396 1266 1424 summam
1289 1383 1544 1437 dignitatem.
1603 1387 1699 1427 240.
1733 1388 1816 1428 Νο-

53 1452 140 1488 ster
169 1448 268 1488 item
298 1445 481 1502 aequalis
510 1448 561 1486 D.
587 1445 776 1494 Silanus,
825 1444 997 1486 vitricus
1034 1450 1147 1494 tuus,
1194 1444 1318 1487 studii
1358 1445 1428 1488 ille
1466 1448 1632 1501 quidem
1670 1450 1816 1490 habuit

53 1522 137 1551 non
166 1510 363 1557 multum,
398 1506 470 1549 sed
500 1506 701 1548 acuminis
733 1512 774 1547 et
803 1507 1004 1550 orationis
1035 1510 1148 1550 satis.
1211 1510 1263 1559 Q.
1289 1510 1533 1564 PompeiuS,
1564 1512 1612 1555 A.
1638 1512 1711 1561 F.,
1744 1514 1815 1566 qui

53 1572 294 1629 Bithynicus
324 1570 457 1613 dictus
488 1575 571 1618 est,
619 1568 788 1611 biennio
820 1584 941 1626 quam
971 1584 1048 1612 nos
1078 1571 1253 1613 fortasse
1284 1573 1435 1620 maior,
1482 1587 1643 1614 summo
1675 1575 1813 1617 studio
1826 1585 1861 1609 2⁰

55 1636 221 1677 dicendi
251 1633 462 1687 multaque
494 1633 706 1681 doctrina,
739 1632 973 1674 incredibili
1002 1635 1148 1675 labore
1169 1640 1292 1688 atque
1313 1635 1541 1686 industria3
1574 1635 1687 1690 quod
1707 1638 1813 1679 scire

54 1711 250 1753 possum:
291 1695 368 1738 suit
398 1697 507 1736 enim
540 1709 704 1736 mecum
735 1700 776 1736 et
805 1709 898 1736 cum
928 1698 980 1738 M.
1003 1695 1153 1738 Pisone
1184 1711 1277 1739 cum
1319 1697 1498 1739 amicitia
1541 1703 1627 1739 tum
1669 1699 1815 1741 studiis

57 1758 504 1812 exercitationibusque
536 1758 792 1799 coniunctus.
854 1759 988 1798 Iluius
1018 1760 1124 1800 actio
1154 1773 1238 1800 non
1268 1760 1364 1800 satis
1385 1759 1702 1803 commendabat
1722 1777 1815 1805 ora-

56 1822 239 1871 tionem3
291 1822 333 1863 in
376 1820 451 1862 hac
494 1821 603 1861 enim
647 1821 744 1861 satis
784 1824 870 1860 erat
909 1821 1075 1875 copiae,
1126 1820 1168 1862 in
1206 1821 1277 1862 illa
1306 1828 1442 1863 autem
1474 1821 1626 1876 leporis
1657 1837 1813 1878 parum.

56 1885 150 1926 2141.
195 1886 295 1925 Erat
335 1885 424 1925 eius
462 1882 645 1937 aequalis
682 1884 725 1926 P.
755 1884 981 1924 Autronius
1012 1896 1114 1924 voce
1143 1890 1338 1938 peracuta
1367 1891 1491 1940 atque
1523 1899 1692 1940 magna,
1740 1901 1816 1930 nec
1829 1898 1863 1924 2⁵

56 1947 137 1988 alia
165 1959 211 1987 re
239 1945 324 1987 ulla
353 1944 603 2001 probabilis,
652 1951 692 1986 et
720 1947 766 1985 L.
802 1945 996 1987 Octavius
1027 1949 1246 1993 Reatinus,
1290 1946 1381 2002 qui,
1432 1961 1524 1988 cum
1554 1948 1703 1991 multas
1732 1951 1814 1992 iam

56 2022 201 2052 causas
232 2008 407 2056 diceret,
439 2007 680 2049 adolescens
712 2013 774 2049 est
804 2014 1005 2049 mortuus.
1067 2011 1104 2050 Is
1135 2014 1273 2051 tamen
1303 2012 1354 2051 ad
1386 2009 1603 2052 dicendum
1625 2012 1818 2055 veniebat

56 2072 187 2126 magis
215 2072 415 2113 audacter
445 2084 568 2124 quam
599 2074 757 2125 parate.
817 2072 870 2111 Et
909 2071 951 2111 C.
983 2072 1193 2119 Staienus,
1238 2071 1309 2127 qui
1348 2085 1393 2113 se
1430 2073 1520 2125 ipse
1549 2072 1819 2128 adoptaverat

58 2140 100 2176 et
135 2137 186 2176 de
227 2135 395 2176 Staieno
432 2133 597 2174 Aelium
636 2131 813 2179 fecerat,
862 2130 1023 2174 fervido
1062 2135 1241 2188 quodam
1282 2138 1323 2175 et
1359 2134 1561 2189 petulanti
1591 2142 1632 2177 et
1659 2137 1816 2180 furioso

59 2210 212 2251 genere
232 2195 418 2245 dicendi3
454 2196 566 2250 quod
587 2197 684 2249 quia
703 2193 843 2235 multis
874 2200 1037 2248 gratum
1070 2201 1157 2237 erat
1187 2201 1229 2237 et
1257 2194 1535 2251 probabatur,
1565 2202 1819 2242 ascendisset
1832 2208 1866 2235 ³⁰

58 2257 112 2300 ad
150 2261 350 2305 honores,
400 2256 480 2298 nisi
519 2258 562 2296 in
600 2257 785 2297 facinore
825 2257 1046 2300 manifesto
1086 2257 1369 2312 deprehensus
1401 2273 1556 2313 poenas
1584 2260 1745 2315 legibus
1776 2270 1816 2306 et

59 2320 216 2362 iudicio
246 2321 440 2361 dedisset.
498 2320 646 2360 LXIX.
677 2321 770 2359 242.
816 2320 977 2361 Eodem
1006 2325 1192 2377 tempore
1224 2322 1269 2363 C.
1303 2327 1344 2363 et
1371 2324 1419 2364 L.
1454 2323 1641 2378 Caepasii
1669 2324 1818 2367 sratres

60 2381 249 2431 fuerunt,
281 2381 353 2438 qui
382 2379 512 2422 multa
541 2394 691 2434 opera,
722 2379 855 2434 ignoti
883 2381 1074 2425 homines
1104 2390 1145 2425 et
1174 2384 1401 2438 repentini,
1441 2392 1682 2441 quaestores
1713 2388 1820 2430 cele-

60 2446 161 2488 riter
191 2445 288 2487 sacti
319 2449 432 2495 sunt;
480 2443 689 2499 oppidano
732 2441 912 2497 quodam
953 2450 993 2486 et
1021 2444 1234 2488 incondito
1264 2461 1419 2501 genere
1449 2447 1626 2492 dicendi.
1683 2451 1820 2492 Adda-

59 2522 153 2550 mus
182 2510 262 2549 huc
294 2510 439 2555 etiam,
483 2520 536 2547 ne
567 2519 691 2561 quem
719 2505 907 2547 vocalem
937 2507 1187 2562 praeterisse
1216 2510 1448 2558 videamur,
1490 2512 1536 2553 C.
1571 2513 1816 2554 Cosconium
1831 2518 1865 2545 ³⁵

63 2569 343 2619 Calidianum,
392 2568 463 2624 qui
492 2569 608 2610 nullo
639 2567 828 2609 acumine
859 2581 949 2609 eam
979 2574 1116 2612 tamen
1143 2573 1368 2614 verborum
1398 2574 1585 2627 copiam,
1632 2576 1666 2616 si
1695 2588 1817 2630 quam

62 2632 263 2681 habebat,
293 2630 522 2688 praebebat
550 2630 706 2686 populo
737 2643 830 2672 cum
859 2630 988 2673 multa
1019 2633 1337 2676 concursatione
1368 2649 1600 2692 magnoque
1622 2637 1815 2682 clamore.

65 2696 188 2745 Quod
216 2694 328 2737 idem
358 2692 536 2736 faciebat
566 2694 617 2742 Q.
648 2694 812 2742 Arrius,
844 2695 914 2749 qui
942 2694 1021 2735 fuit
1049 2697 1104 2737 M.
1130 2696 1264 2738 Crassi
1294 2699 1410 2753 quasi
1433 2698 1718 2741 secundarum.
1778 2703 1817 2742 Is

65 2756 258 2800 omnibus
299 2756 489 2812 exemplo
533 2757 658 2797 debet
695 2769 809 2806 esse,
855 2762 1052 2812 quantum
1092 2757 1134 2799 in
1173 2760 1383 2805 hacurbe
1412 2761 1563 2816 polleat
1591 2764 1817 2804 multorum

66 2818 238 2861 obedire
268 2819 447 2874 tempori
476 2818 783 2874 multorumque
812 2819 880 2861 vel
909 2819 1062 2860 honori
1082 2819 1152 2862 vel
1177 2822 1365 2876 periculo
1386 2826 1556 2866 servire.
1617 2827 1710 2866 243.
1741 2825 1816 2868 His
1830 2830 1867 2858 ⁴¹⁰⁰

66 2883 178 2923 enim
207 2883 354 2930 rebus,
384 2879 526 2922 infimo
558 2883 651 2923 loco
682 2886 822 2929 natus,
854 2887 894 2922 et
923 2881 1102 2924 honores
1131 2889 1173 2925 et
1201 2885 1417 2938 pecuniam
1448 2891 1488 2927 et
1518 2887 1689 2940 gratiam
1718 2902 1818 2931 con-

68 2948 249 2992 secutus,
282 2943 404 2985 etiam
434 2943 476 2985 in
506 2950 778 2998 patronorum
809 2945 896 2985 sine
927 2943 1132 2993 doctrina,
1164 2947 1252 2988 sine
1282 2948 1449 3001 ingenio
1474 2946 1652 3002 aliquem
1673 2963 1818 2991 nume-

66 3020 160 3048 rum
190 3011 451 3061 pervenerat.
513 3005 595 3048 Sed
624 3011 669 3048 ut
698 3007 861 3060 pugiles
890 3005 1169 3056 inexercitati,
1214 3008 1374 3050 etiamsi
1416 3023 1576 3064 pugnos
1608 3016 1650 3052 et
1677 3011 1818 3067 plagas

69 3069 355 3126 Olympiorum
386 3067 525 3124 cupidi
554 3068 666 3111 serre
696 3073 884 3124 possunt,
918 3067 1049 3109 solem
1078 3073 1216 3111 tamen
1247 3084 1369 3124 saepe
1390 3071 1500 3112 ferre
1520 3086 1605 3113 non
1624 3079 1817 3128 possunt,

163 3218 196 3252 1.
223 3219 387 3251 everteret
411 3216 509 3249 libri:
537 3219 709 3250 evertisset
736 3217 778 3249 Ε.
807 3218 897 3250 conl.
927 3233 964 3240 —
1008 3215 1042 3248 3.
1067 3217 1105 3249 in
1130 3225 1208 3250 cum
1234 3218 1276 3251 D.
1304 3218 1364 3260 Lg.
1392 3220 1547 3260 (praeter
1570 3221 1628 3255 20.
1656 3221 1712 3257 35.
1739 3223 1817 3265 53.)

72 3264 189 3298 ottob.
219 3264 284 3297 Gu.
313 3265 346 3296 1.
372 3263 406 3295 2.
433 3263 558 3297 Dresd.
586 3265 616 3296 R
640 3265 756 3296 omisit
780 3263 821 3295 Τ.
850 3280 890 3287 -
917 3263 974 3295 21.
1003 3263 1154 3297 discendi·
1179 3264 1300 3296 Lamb.
1325 3281 1365 3288 —
1391 3266 1449 3298 27.
1474 3272 1630 3301 mortuus
1650 3275 1698 3303 est
1717 3271 1759 3303 R.
1776 3288 1815 3295 —

71 3312 128 3344 28.
157 3312 193 3344 C.
215 3311 433 3343 Staienus--
450 3310 591 3342 Staieno
619 3310 695 3342 libri
722 3315 756 3343 et
781 3310 830 3348 R,
858 3319 948 3350 quae
969 3315 1060 3343 recta
1087 3316 1139 3344 est
1164 3313 1353 3350 scriptura:
1391 3312 1426 3344 C.
1453 3313 1663 3348 Staienus„
1680 3317 1817 3350 Staleno

71 3359 172 3394 nivio
190 3363 329 3392 auctore
349 3357 387 3390 E.
407 3373 451 3380 -
476 3356 532 3390 39.
552 3357 744 3390 multorum
761 3365 841 3389 cum
861 3357 927 3391 Gu.
946 3358 980 3390 2.
1001 3357 1124 3391 Dresd.
1144 3367 1213 3392 om.
1232 3358 1425 3394 Schutzius.
1447 3378 1492 3384 -—
1515 3361 1573 3395 40.
1592 3365 1759 3397 inservire
1771 3364 1815 3396 R.
