2117 3762
698 271 799 312 LIB.
832 269 885 312 11.
945 270 990 313 C.
1023 271 1089 314 35.
1121 272 1186 315 36.
1216 274 1284 316 37.
1316 274 1384 317 38.
1833 281 1910 322 251

169 377 495 435 probabiliorem
527 377 623 420 huic
653 376 809 433 populo
840 383 1046 419 oratorem
1078 380 1189 428 sore,
1234 380 1303 436 qui
1343 383 1521 438 primum
1552 395 1674 438 quam
1705 382 1914 426 minimam

170 439 329 482 artificii
360 440 552 489 alicuius,
602 439 749 481 deinde
781 439 933 481 nullam
966 444 1211 484 Graecarum
1244 457 1380 485 rerum
1411 443 1751 497 significationem
1784 448 1912 487 daret.

167 505 303 558 Atque
335 516 411 558 ego
444 503 552 545 idem
584 501 815 544 existimavi
845 506 1012 557 pecudis
1043 519 1155 554 csse,
1203 520 1285 547 non
1316 507 1516 556 hominis,
1566 522 1658 550 cum
1691 514 1819 549 tantas
1849 521 1916 550 res

171 565 316 607 Graeci
346 567 621 619 susciperent,
651 563 965 620 profiterentur,
996 573 1165 621 agerent
1195 583 1370 624 seseque
1403 576 1444 611 et
1473 569 1638 612 videndi
1670 584 1737 612 res
1770 569 1916 612 obscu-

167 628 351 671 rissimas
381 635 422 669 et
451 627 557 669 bene
588 626 753 668 vivendi
785 633 824 668 et
854 630 1021 683 copiose
1052 629 1214 672 dicendi
1247 631 1446 673 rationem
1479 634 1644 675 daturos
1675 631 1946 675 hominibuss

167 690 486 746 pollicerentur,
534 702 616 731 non
648 691 871 731 admovere
900 704 1042 733 aurem
1072 698 1132 739 et,
1174 692 1207 733 si
1238 692 1370 747 palam
1402 696 1545 736 audire
1576 709 1648 737 eos
1679 709 1763 736 non
1793 697 1918 736 aude-

166 767 257 802 res,
307 767 358 794 ne
388 754 594 794 minueres
625 751 734 805 apud
773 758 865 793 tuos
905 755 1015 796 cives
1054 756 1340 796 anctoritatem
1380 761 1512 804 tuam,
1561 757 1911 800 subauscultando

166 822 302 859 tamen
346 817 535 870 excipere
579 827 701 856 voces
746 828 892 858 eorum
937 823 977 858 et
1025 816 1196 872 procul,
1249 816 1347 873 quid
1392 826 1630 869 narrarent,
1682 819 1911 862 attendere.

166 881 309 935 Itaque
339 877 444 925 feci,
479 875 642 925 Catule,
675 882 715 917 et
744 878 915 920 istorum
948 878 1133 920 omnium
1163 880 1397 922 summatim
1428 895 1569 924 causas
1591 890 1630 925 et
1651 897 1801 938 genera
1823 884 1914 937 ipsa

167 939 342 996 gustavi.
402 940 613 980 XXXVII.
651 940 742 980 152.
777 939 905 981 Valde
935 942 1122 987 hercule,
1155 941 1287 997 inquit
1317 944 1503 993 Catulus,
1538 947 1676 987 timide
1708 953 1916 1001 tamquam
1931 960 1966 986 ιο

165 1005 217 1044 311
248 1003 426 1058 aliquem
457 1000 641 1042 libidinis
671 1002 887 1057 scopulum
918 1002 975 1043 sic
1007 1009 1116 1044 tuam
1148 1010 1326 1045 mentem
1358 1005 1407 1047 ad
1446 1007 1750 1063 philosophiam
1790 1023 1918 1065 appu-

163 1064 268 1112 listi,
315 1077 437 1118 quam
479 1066 580 1105 haec
609 1063 750 1105 civitas
782 1071 998 1120 aspernata
1029 1079 1240 1121 nunquam
1272 1073 1344 1110 est.
1404 1070 1505 1110 Nam
1536 1076 1577 1111 et
1609 1070 1757 1113 referta
1787 1086 1919 1128 quon-

165 1129 257 1169 dam
287 1127 405 1168 Italia
434 1127 788 1183 Pythagoreorum
821 1127 897 1168 suit
926 1133 1032 1176 tum,
1079 1143 1171 1169 cum
1212 1134 1300 1170 erat
1338 1129 1378 1171 in
1408 1133 1483 1172 hac
1512 1138 1635 1187 gente
1667 1148 1813 1187 magna
1844 1133 1913 1175 illa

166 1187 362 1238 Graecia;
415 1202 465 1229 ex
496 1204 577 1245 quo
610 1189 734 1230 etiam
774 1189 940 1245 quidam
984 1193 1158 1232 Numam
1195 1192 1469 1245 Pompilium,
1519 1208 1658 1249 regem
1703 1201 1913 1245 nostrum,

163 1251 290 1294 fuisse
319 1251 621 1306 Pythagoreum
652 1253 814 1301 ferunt,
850 1254 920 1307 qui
948 1255 1065 1294 annis
1095 1258 1188 1294 ante
1218 1256 1433 1307 permultis
1464 1255 1539 1297 suit
1569 1271 1692 1311 quam
1723 1259 1810 1313 ipse
1840 1260 1915 1315 Py·
1929 1272 1965 1299 15

163 1315 380 1368 thagoras:
415 1328 497 1369 quo
528 1314 650 1356 etiam
682 1316 816 1356 maior
845 1316 909 1356 vir
937 1315 1150 1357 habendus
1181 1321 1262 1364 est,
1294 1330 1386 1358 cum
1407 1317 1518 1359 illam
1549 1319 1789 1374 sapientiam
1820 1334 1918 1362 con-

163 1376 391 1419 stituendae
421 1376 594 1418 civitatis
626 1375 788 1418 duobus
818 1390 949 1433 prope
979 1378 1129 1419 seculis
1153 1385 1245 1420 ante
1267 1381 1482 1433 cognovit,
1514 1395 1636 1436 quam
1658 1396 1746 1424 eam
1770 1383 1914 1425 Graeci

162 1446 301 1482 natam
342 1453 430 1482 esse
471 1444 717 1489 senserunt;
769 1444 809 1480 et
847 1444 959 1481 certe
994 1455 1079 1481 non
1120 1440 1209 1482 tulit
1248 1440 1355 1483 ullos
1385 1444 1486 1484 haec
1517 1443 1658 1487 civitas
1687 1451 1755 1486 aut
1786 1445 1917 1499 gloria

162 1502 362 1545 clariores
393 1508 463 1544 aut
492 1500 734 1543 auctoritate
765 1502 982 1556 graviores
1013 1508 1083 1544 aut
1112 1503 1366 1545 humanitate
1397 1505 1613 1558 politiores
1642 1509 1686 1548 P.
1710 1506 1916 1556 Africano,

164 1567 209 1609 C.
232 1566 396 1613 Laelio,
427 1567 474 1605 L.
498 1565 642 1613 Furio,
674 1565 744 1620 qui
774 1578 913 1606 secum
945 1565 1246 1607 eruditissimos
1276 1565 1465 1610 homines
1496 1582 1550 1610 ex
1581 1571 1752 1611 Graecia
1782 1572 1915 1624 palam
1929 1584 1968 1611 20

163 1641 332 1682 semper
372 1625 621 1669 habuerunt.
687 1628 778 1668 155.
825 1629 958 1684 Atque
996 1641 1072 1682 ego
1114 1629 1196 1670 hoc
1233 1642 1286 1670 ex
1324 1629 1412 1671 istis
1452 1644 1575 1686 saepe
1615 1631 1771 1680 audivi,
1824 1647 1916 1674 cum

163 1691 350 1734 dicerent
378 1694 617 1744 pergratum
647 1688 918 1731 Athenienses
949 1696 990 1732 et
1019 1690 1097 1732 sibi
1128 1690 1275 1733 fecisse
1306 1698 1346 1733 et
1375 1694 1513 1735 multis
1543 1693 1797 1750 principibus
1819 1696 1918 1737 civi-

162 1755 284 1802 tatis,
319 1752 452 1809 quod,
492 1765 586 1793 cum
617 1750 666 1792 ad
697 1758 886 1794 senatum
917 1752 1075 1806 legatos
1107 1755 1157 1795 de
1189 1755 1274 1795 suis
1302 1755 1490 1797 maximis
1521 1759 1645 1799 rebus
1677 1757 1912 1808 mitterent,

161 1822 244 1859 tres
274 1816 386 1856 illius
417 1815 561 1856 aetatis
590 1813 874 1857 nobilissimos
904 1814 1175 1872 philosophos
1207 1817 1437 1867 misissent,
1481 1819 1731 1862 Carneadem
1761 1826 1802 1862 et
1831 1822 1918 1862 Cri-

161 1878 318 1922 tolaum
349 1883 390 1919 et
418 1878 664 1931 Diogenem.
725 1879 867 1932 Itaque
910 1892 1007 1927 eos,
1055 1881 1152 1920 dum
1192 1882 1348 1921 Romae
1388 1887 1548 1931 essent,
1597 1888 1638 1924 et
1667 1897 1689 1924 a
1720 1897 1762 1925 se
1794 1890 1834 1925 et
1863 1882 1914 1925 ab
1929 1896 1964 1925 2⁵

161 1942 253 1984 aliis
280 1939 522 1995 frequenter
551 1940 738 1989 auditos3
771 1952 876 1994 quos
908 1945 951 1981 tu
983 1953 1074 1982 cum
1104 1940 1280 1983 haberes
1311 1949 1525 1993 auctores,
1559 1945 1733 1993 Antoni,
1766 1948 1914 1994 miror,

162 2019 236 2046 cur
278 2001 569 2056 philosophiae
608 2001 714 2042 sicut
751 2003 903 2043 Zethus
941 2003 1012 2044 ille
1049 2004 1303 2046 Pacuvianus
1342 2019 1472 2061 prope
1511 2006 1666 2049 bellum
1697 2008 1912 2051 indixeris.

165 2069 256 2110 156.
303 2064 496 2114 Minime,
544 2063 678 2120 inquit
715 2065 941 2105 Antonius:
994 2078 1042 2106 ac
1081 2067 1139 2107 sic
1179 2068 1345 2110 decrevi
1384 2068 1667 2125 philosophari
1703 2071 1839 2126 potius
1871 2077 1915 2113 ut

161 2129 462 2184 Neoptolemus
501 2128 610 2182 apud
648 2128 829 2168 Ennium
871 2128 1081 2180 paucis:
1143 2144 1257 2171 nam
1302 2133 1513 2173 omnino
1554 2134 1691 2175 haud
1727 2134 1912 2189 placet.

164 2193 246 2234 Sed
274 2197 412 2232 tamen
441 2193 544 2231 haec
574 2194 635 2231 est
664 2203 755 2231 mea
785 2190 1010 2240 sententia,
1048 2205 1170 2247 quam
1202 2194 1376 2235 videbar
1406 2197 1662 2250 exposuisse.
1723 2199 1811 2250 Ego
1841 2197 1915 2238 ista
1929 2207 1965 2234 ³0

163 2253 298 2297 studia
325 2266 409 2294 11011
438 2254 655 2308 impr0b0,
689 2254 901 2294 moderata
930 2255 1055 2295 modo
1087 2256 1191 2297 sint:
1226 2258 1465 2312 opinionem
1485 2260 1660 2300 istorum
1688 2260 1916 2299 studiorum

163 2323 205 2360 et
235 2315 513 2370 suspicionem
543 2313 707 2356 artificii
737 2317 846 2368 apud
877 2328 971 2364 eos,
1003 2318 1073 2372 qui
1104 2332 1170 2359 res
1200 2319 1402 2367 iudicent,
1449 2322 1608 2362 oratori
1638 2321 1915 2361 adversariam

163 2394 253 2423 esse
274 2381 468 2422 arbitror.
529 2376 740 2419 Imminuit
770 2377 880 2419 enim
910 2383 952 2419 et
981 2380 1158 2421 oratoris
1188 2383 1477 2424 auctoritatem
1499 2388 1540 2424 et
1559 2384 1758 2425 orationis
1782 2381 1913 2424 sidem.

161 2443 392 2486 XXXVIII.
435 2442 526 2484 157.
578 2441 679 2489 Sed,
720 2445 766 2481 ut
796 2454 848 2482 eo
877 2447 1121 2492 revocetur,
1163 2446 1274 2485 unde
1305 2447 1385 2486 11110
1414 2444 1634 2487 declinavit
1663 2445 1818 2493 orati0,
1864 2458 1915 2486 ex

161 2507 295 2548 tribus
324 2503 413 2545 istis
443 2502 678 2545 clarissimis
707 2502 989 2559 philosophis,
1022 2517 1127 2560 quos
1155 2506 1328 2547 Romam
1359 2507 1520 2549 venisse
1552 2508 1712 2557 dixisti,
1745 2508 1913 2550 videsne
1926 2518 1962 2546 ³⁵

161 2568 391 2622 Diogenem
418 2565 569 2614 fuisse,
621 2565 692 2621 qui
728 2567 883 2608 diceret
918 2573 1048 2608 artem
1081 2581 1125 2608 se
1155 2570 1319 2610 tradere
1349 2568 1454 2612 bene
1485 2571 1714 2612 disserendi
1745 2576 1784 2611 et
1817 2583 1911 2612 vera

163 2643 211 2672 ac
239 2630 344 2672 falsa
372 2628 648 2678 diiudicandi‚
683 2642 806 2683 quam
835 2631 966 2671 verbo
997 2632 1153 2672 Graeco
1185 2634 1453 2684 διαλεκτικήν
1482 2635 1733 2689 appellaret?
1764 2636 1807 2674 111
1837 2635 1912 2674 1130

163 2697 277 2741 arte,
326 2693 361 2734 si
390 2694 515 2734 modo
549 2698 611 2733 est
639 2693 742 2733 haec
773 2706 860 2741 ars,
891 2693 1048 2735 nullum
1079 2698 1141 2735 est
1168 2701 1459 2750 praeceptum,
1501 2710 1583 2751 quo
1614 2697 1737 2737 modo
1769 2707 1911 2736 verum

163 2753 418 2803 inveniatur,
451 2755 524 2795 sed
553 2758 709 2796 tantum
735 2751 823 2803 est,
856 2769 938 2810 quo
971 2757 1095 2797 modo
1125 2755 1343 2799 iudicetur.
1407 2758 1501 2799 158.
1535 2760 1636 2799 Nam
1671 2756 1738 2812 [et]
1772 2770 1908 2806 omne,

164 2817 277 2873 quod
305 2815 538 2871 eloquimur
567 2817 646 2866 510,
676 2821 722 2858 ut
749 2816 792 2858 id
822 2823 893 2860 aut
922 2831 1011 2860 esse
1041 2817 1222 2861 dicamus
1253 2825 1323 2861 aut
1350 2834 1436 2862 non
1467 2834 1556 2862 esse
1587 2824 1650 2869 et,
1690 2819 1723 2861 si
1755 2820 1961 2875 simpli-‘oo

255 2986 290 3019 [ι.
316 2994 413 3027 seque
438 2984 480 3018 A.
509 3003 549 3010 —
575 2991 608 3020 et
631 2992 710 3021 ante
734 2988 875 3020 videndi
899 2998 967 3021 om.
996 2988 1035 3020 R.
1066 3005 1103 3013 —
1132 2989 1166 3021 5.
1191 2989 1344 3032 vivendi]
1371 2990 1509 3023 videndi
1533 2991 1574 3022 Β.
1602 3007 1643 3013 -
1681 2990 1828 3022 daturos
1850 2991 1911 3022 Ιιο-

163 3033 313 3066 minibus
337 3034 365 3064 A
391 3033 544 3073 alitque:
587 3035 780 3067 hominibus
806 3035 952 3067 daturos
978 3033 1020 3075 (B
1033 3033 1063 3075 ‘!)
1090 3035 1161 3067 RE.
1203 3054 1239 3060 —
1284 3038 1317 3069 6.
1344 3039 1373 3069 si
1398 3039 1475 3078 ipsa
1499 3038 1570 3069 iam
1594 3036 1733 3069 audires
1759 3046 1814 3069 eos
1838 3046 1910 3069 non

163 3081 305 3113 audires
330 3078 406 3119 (sic)
431 3080 502 3112 AB.
534 3097 570 3104 -
598 3081 631 3113 9.
659 3080 798 3123 genera]
824 3091 950 3123 91·αοοα
975 3082 1047 3113 AB.
1075 3097 1115 3104 —
1143 3081 1199 3114 13.
1227 3084 1289 3115 illa
1315 3093 1383 3115 0111.
1411 3085 1452 3115 R.
1479 3099 1523 3105 ——
1547 3083 1602 3115 15.
1631 3088 1710 3116 ante
1731 3085 1910 3124 permultis

163 3127 192 3159 B
218 3127 370 3167 aliique:
391 3127 575 3166 permultis
601 3132 681 3161 ante
706 3128 749 3168 (A
762 3130 795 3167 ξ’)
819 3129 891 3160 RE.
922 3146 962 3152 —
999 3128 1057 3159 21.
1085 3136 1144 3169 090
1170 3129 1232 3160 hoc
1258 3139 1300 3162 ex
1324 3131 1399 3161 istis
1425 3130 1534 3161 Codd.
1566 3129 1667 3162 boni:
1693 3139 1756 3171 090
1781 3131 1841 3162 hoc
1865 3139 1910 3163 ex

163 3174 208 3205 iis
231 3174 261 3206 A
278 3197 286 3210 ,
315 3182 375 3214 090
401 3182 443 3205 ex
467 3175 495 3205 is
521 3171 596 3214 (stc)
622 3175 670 3213 R,
707 3183 766 3217 090
793 3185 835 3207 ex
858 3176 932 3207 istis
957 3176 996 3207 E.
1040 3172 1106 3213 (De
1133 3174 1159 3204 B
1185 3184 1253 3207 non
1281 3177 1416 3216 nquet.)
1450 3192 1489 3199 —
1531 3175 1587 3208 23.
1620 3176 1721 3209 rebus
1745 3178 1908 3208 naaxt'mis

165 3229 244 3253 cum
270 3220 381 3252 Codd.
409 3220 491 3260 aliq.
518 3219 559 3250 T.
585 3219 642 3260 (Ut
666 3230 751 3261 nos,
780 3220 900 3262 ABR.)
926 3239 967 3244 ——
993 3220 1049 3252 25.
1077 3229 1151 3251 cum
1175 3222 1216 3253 R.
1247 3239 1285 3244 —
1311 3223 1368 3254 26.
1397 3220 1449 3263 tu]
1477 3227 1549 3254 tum
1574 3221 1645 3255 AB.
1676 3240 1712 3246 —
1748 3228 1907 3255 auctores

165 3276 234 3300 om.
261 3266 334 3299 AB.
364 3281 401 3290 -
429 3266 485 3297 27.
513 3265 632 3298 Zetius
655 3267 726 3300 AB.
758 3283 797 3290 —
840 3268 897 3299 30.
923 3277 1027 3309 quam
1052 3268 1192 3298 omnino
1218 3268 1361 3299 videbar
1386 3269 1426 3301 B.
1453 3286 1494 3292 —
1535 3267 1592 3301 36.
1622 3270 1805 3312 Dioqenem
1829 3278 1906 3301 eum

164 3313 271 3354 fuisse
295 3314 367 3346 AB.
396 3329 435 3335 —
463 3312 519 3345 39.
548 3315 579 3343 et
602 3318 682 3346 ante
708 3322 806 3345 omne
830 3324 898 3349 om.
925 3315 989 3347 Gu.
1017 3313 1050 3344 3.
1087 3313 1157 3345 Nos
1181 3315 1395 3348 seclusimus.
1423 3313 1580 3355 (Servant
1597 3315 1750 3356 ABRE.)
1779 3333 1818 3340 —
1844 3315 1902 3347 40.

165 3357 228 3402 sic]
253 3359 292 3403 fit
316 3359 425 3393 Codd.
452 3359 519 3399 ab,
546 3358 620 3392 ΒΤ.
647 3359 755 3402 (quod
781 3360 945 3395 Latinum
972 3359 1063 3393 haud
1088 3359 1254 3399 vldetur.)
1281 3377 1321 3384 —
1347 3366 1386 3395 ut
1412 3366 1492 3396 ante
1517 3363 1553 3395 id
1578 3371 1646 3395 om.
1674 3363 1713 3395 B.
