2117 3762
661 261 761 301 LIB.
794 259 847 300 11.
911 259 955 300 C.
992 260 1056 301 16.
1093 262 1158 301 17.
1195 261 1259 302 18.
1765 264 1838 306 1t÷1

90 365 197 408 sorte
235 364 276 407 in
321 378 390 407 eas
430 364 624 406 incident.
686 367 787 405 Nam
825 366 876 406 de
914 365 1107 407 omnibus
1148 363 1492 419 praescribemus.
1553 365 1712 408 Primus
1743 381 1843 421 ergo

90 429 341 469 accusatoris
380 427 493 469 locus
531 432 592 468 est
630 425 717 467 eius
756 427 959 476 nominis,
1011 428 1127 470 cuius
1166 427 1216 469 de
1255 429 1293 468 vi
1334 428 1575 484 quaeritur,
1623 428 1761 470 brevis
1807 435 1846 470 et

89 497 234 546 aperta
264 497 305 531 ct
335 505 387 531 ex
419 489 615 543 opinione
636 488 847 531 hominnm
870 489 1070 537 delinitio,
1104 493 1181 532 hoc
1205 492 1350 531 modo:
1383 489 1635 532 Maiestatem
1659 490 1845 531 minuere

89 558 150 594 est
180 554 230 594 de
261 552 457 606 dignitate
487 558 555 593 aut
585 550 854 605 amplitudine
885 559 954 594 aut
984 558 1185 608 potestate
1218 552 1362 606 populi
1393 558 1462 593 aut
1492 565 1660 600 eorum,
1696 552 1846 607 quibus

88 615 265 671 populus
295 621 537 671 potestatem
567 611 698 659 dedit,
731 613 883 669 aliquid
915 614 1132 668 derogare.
1195 616 1284 655 lloc
1306 616 1363 655 sic
1385 613 1569 656 breviter
1592 615 1842 670 expositum,
1863 628 1877 654 s

88 677 277 733 pluribus
307 679 446 718 verbis
476 681 538 718 est
567 681 608 717 et
638 676 868 718 rationibus
899 676 1228 719 confirmandum
1260 682 1300 718 et
1330 678 1383 718 ita
1404 691 1494 719 esse
1513 710 1523 726 ‚
1553 684 1598 719 ut
1619 677 1846 733 descripse-

89 740 166 788 ris,
216 737 531 782 ostendendum.
612 738 758 779 Postea
797 742 846 780 ad
884 740 949 787 id,
997 739 1109 796 quod
1145 738 1374 787 delinieris,
1420 739 1571 782 sactum
1617 739 1730 789 eius,
1778 741 1848 795 qui

90 802 369 849 accusabitur,
414 801 638 854 adiungere
669 801 877 856 oportebit
915 807 956 843 et
984 815 1037 843 ex
1068 815 1136 849 eo,
1185 803 1296 855 quod
1327 801 1558 844 ostenderis
1589 815 1700 849 esse,
1730 799 1849 843 verbi

89 878 211 906 causa
240 865 493 905 maiestatem
524 862 736 912 minuere,
780 863 931 906 docere
968 863 1247 905 adversarlum
1287 863 1541 905 maiestatem
1581 864 1778 906 minuisse
1810 868 1850 905 et

89 926 198 968 bunc
240 932 371 968 totum
417 926 555 966 locum
601 925 809 967 communi
854 926 946 968 loco
986 924 1254 974 confirmare,
1302 939 1379 981 per
1419 941 1542 981 quem
1583 926 1710 983 ipsius
1754 925 1899 968 sactim

89 990 283 1031 atrocitas
323 993 394 1030 aut
432 987 654 1041 indignitas
695 995 763 1029 aut
803 989 973 1030 omnino
1013 990 1135 1042 culpa
1175 1003 1268 1030 cum
1308 988 1589 1043 indignatione
1634 994 1846 1044 augeatur.

88 1052 187 1093 Post
215 1052 294 1093 erit
322 1049 567 1093 infirmanda
605 1050 939 1093 adversariorum
969 1050 1205 1106 descriptio.
1264 1051 1331 1093 54.
1371 1054 1429 1092 Ea
1459 1057 1594 1093 autem
1625 1051 1852 1093 infirmabi-

88 1118 176 1162 tur,
210 1113 244 1155 si
274 1112 376 1154 falsa
409 1112 775 1156 demonstrabitur.
837 1116 928 1155 Hoc
959 1127 1010 1155 ex
1040 1115 1238 1169 opinione
1269 1113 1483 1155 hominum
1513 1120 1718 1162 sumetur,
1758 1127 1850 1155 cum

89 1174 438 1230 quemadmodum
483 1181 523 1217 ct
567 1175 717 1231 quibus
762 1176 804 1218 in
850 1178 975 1218 rebus
1013 1175 1201 1217 homines
1236 1175 1278 1217 in
1309 1175 1608 1218 consuetudine
1638 1176 1850 1219 scribendi

89 1243 161 1279 aut
189 1237 494 1280 sermocinandi
518 1251 568 1279 eo
592 1241 723 1280 verbo
746 1240 804 1280 uti
825 1238 1004 1287 soleant,
1036 1237 1380 1283 considerabitur.
1438 1241 1540 1280 Item
1562 1238 1850 1288 infirmabitur,
1865 1255 1901 1281 ις

89 1302 123 1341 si
154 1300 287 1355 turpis
318 1306 388 1342 aut
418 1300 574 1342 inutilis
606 1314 697 1342 esse
729 1303 973 1343 ostendetur
1004 1302 1092 1342 eins
1124 1302 1413 1356 descriptionis
1444 1300 1687 1356 approbatio
1720 1308 1761 1344 et
1800 1304 1850 1351 si,

88 1378 195 1420 quae
226 1362 490 1406 incommoda
521 1369 797 1405 consecutura
829 1365 932 1413 sint,
973 1378 1023 1406 eo
1056 1377 1280 1413 concesso,
1330 1366 1597 1414 ostendetur;
1643 1365 1685 1405 id
1716 1369 1853 1406 autem

89 1440 141 1468 ex
171 1428 400 1468 honestatis
442 1431 482 1467 et
522 1441 574 1467 ex
615 1426 804 1467 utilitatis
834 1428 1022 1481 partibus
1055 1432 1265 1475 sumetur,
1316 1425 1366 1468 de
1399 1427 1549 1481 quibus
1580 1428 1623 1468 in
1655 1426 1856 1470 delibera-

88 1490 213 1532 tionis
242 1490 474 1546 praeceptis
505 1502 777 1543 exponemus.
858 1491 970 1531 Etsi
1013 1503 1107 1530 cum
1146 1488 1385 1531 delinitione
1421 1496 1560 1533 nostra
1599 1489 1857 1532 adversario-

87 1566 182 1595 rum
228 1552 513 1594 definitionem
558 1551 820 1594 conferemus
875 1557 916 1594 et
956 1557 1142 1594 nostram
1185 1566 1352 1601 veram,
1421 1553 1661 1602 honestam,
1711 1555 1905 1598 utilemw

90 1629 180 1657 esse
230 1615 635 1664 demonstrabimus,
698 1615 888 1662 illorum,
944 1620 1102 1656 contra.
1183 1617 1252 1656 55.
1307 1617 1566 1665 Quaeremus
1607 1620 1745 1658 autem
1789 1630 1856 1659 res

91 1683 160 1718 aut
204 1679 362 1720 maiore
401 1682 471 1718 aut
509 1678 600 1731 pari
639 1676 682 1718 in
721 1677 890 1731 negotio
930 1678 1108 1727 similes,
1162 1691 1213 1719 ex
1256 1679 1406 1734 quibus
1452 1677 1679 1720 affirmetur
1715 1686 1857 1721 nostra

90 1738 325 1795 descriptio.
383 1741 535 1781 XVIII.
571 1741 657 1780 Iam
688 1740 721 1780 si
753 1754 820 1781 res
852 1740 992 1793 plures
1024 1746 1147 1782 erunt
1178 1739 1468 1783 definiendae:
1516 1746 1582 1790 ut,
1616 1742 1650 1783 si
1681 1755 1857 1798 quaera-

89 1807 184 1851 tur,
216 1804 299 1843 Fur
329 1801 404 1851 sit,
438 1816 489 1843 an
521 1802 771 1856 sacrilegus,
805 1802 876 1858 qui
906 1817 1004 1845 vasa
1034 1818 1088 1845 ex
1117 1805 1281 1857 privato
1313 1818 1430 1845 sacra
1461 1803 1734 1859 surripueri13
1779 1805 1857 1845 erit

88 1866 288 1906 utendum
319 1863 509 1920 pluribus
542 1863 878 1915 definitionibus;
927 1865 1077 1908 deinde
1118 1865 1240 1907 simili
1269 1867 1433 1908 ratione
1468 1880 1591 1907 causa
1625 1869 1851 1908 tractanda.
1869 1883 1904 1910 25

89 1928 226 1969 Locus
256 1932 395 1968 autem
427 1927 657 1968 communis
689 1927 730 1967 in
762 1928 850 1968 eius
880 1928 1108 1977 malitiam,
1144 1930 1214 1983 qui
1246 1942 1330 1970 non
1360 1931 1486 1970 modo
1515 1942 1677 1978 rerum,
1708 1943 1856 1972 verum

94 1988 218 2031 etiam
257 1990 489 2031 verborum
530 1994 778 2043 potestatem
819 1989 899 2030 sibi
929 2003 1126 2045 arrogare
1157 1995 1354 2040 conetur,
1400 1995 1446 2032 ut
1477 1996 1519 2032 et
1546 1990 1695 2040 faciat,
1744 1994 1856 2046 quod

89 2051 217 2101 velit,
251 2057 293 2094 et
311 2050 379 2101 id,
414 2050 527 2107 quod
545 2051 694 2093 fecerit
711 2083 722 2101 ‚
757 2065 841 2106 quo
867 2051 966 2094 velit
996 2052 1165 2095 nomine
1192 2052 1387 2109 appellet.
1450 2052 1607 2095 Deinde
1625 2052 1858 2096 defensoris

89 2116 249 2171 primus
278 2114 394 2157 locus
425 2119 488 2156 est
517 2115 618 2155 item
648 2116 829 2157 nominis
859 2116 999 2158 brevis
1031 2122 1072 2158 et
1102 2122 1247 2170 aperta
1278 2120 1318 2158 et
1349 2130 1401 2157 ex
1421 2117 1620 2169 opinione
1641 2117 1858 2159 hominum

92 2177 342 2232 descriptio,
390 2177 470 2219 hoc
508 2176 658 2219 modo:
710 2177 969 2220 Maiestatem
1008 2178 1199 2220 minuere
1240 2183 1302 2220 est
1333 2177 1488 2234 aliquid
1520 2177 1570 2220 de
1601 2193 1646 2220 re
1675 2179 1908 2233 publica‚3o

92 2253 185 2281 cum
224 2246 474 2294 potestatem
516 2254 602 2281 non
642 2239 817 2290 habeas,
865 2240 1168 2287 administrare.
1234 2240 1395 2283 Deinde
1431 2241 1556 2282 huius
1597 2241 1856 2284 confirmatio

91 2300 295 2344 similibus
326 2308 368 2345 et
396 2302 597 2358 exemplis
629 2308 670 2344 et
699 2303 947 2346 rationibus.
1007 2306 1157 2346 Postea
1196 2305 1260 2346 sui
1300 2303 1399 2346 facti
1438 2306 1489 2345 ab
1519 2303 1587 2345 illa
1618 2303 1858 2347 definitione

92 2364 315 2420 separatio.
374 2364 533 2407 Deinde
564 2366 681 2407 locus
713 2366 970 2417 communis,
1002 2380 1079 2423 per
1108 2381 1233 2423 quem
1262 2365 1359 2408 facti
1388 2367 1541 2408 utilitas
1573 2373 1643 2409 aut
1662 2370 1856 2410 honestas

92 2429 335 2482 adaugetur.
395 2431 464 2469 56.
496 2429 656 2470 Deinde
688 2434 888 2484 sequetur
916 2431 1252 2472 adversariorum
1284 2428 1533 2471 definitionis
1564 2429 1852 2486 reprehensio,

92 2503 198 2544 quae
229 2489 377 2531 iisdem
409 2505 461 2532 ex
492 2490 594 2532 loeis
625 2491 845 2541 omnibus,
877 2506 982 2548 quos
1013 2496 1245 2534 accusatori
1274 2492 1642 2548 praescripsimus,
1690 2491 1856 2534 confici-
1872 2508 1908 2535 ³5

93 2556 184 2602 tur;
218 2557 260 2593 et
289 2558 428 2594 cetera
458 2558 553 2607 post
584 2556 729 2596 eadem
759 2560 925 2608 praeter
947 2569 1210 2598 communem
1232 2556 1372 2597 locum
1397 2555 1660 2596 inducentur.
1722 2557 1857 2596 Locus

93 2618 232 2656 autem
261 2618 492 2657 communis
524 2620 603 2659 erit
634 2616 865 2660 defensoris
894 2619 952 2668 is,
1004 2632 1080 2674 per
1110 2633 1235 2673 quem
1263 2616 1546 2672 indignabitur
1576 2622 1860 2659 accusatorem

94 2677 158 2718 sui
188 2678 365 2731 periculi
407 2692 526 2721 causa
558 2694 642 2721 non
673 2695 739 2722 res
769 2680 903 2722 solum
934 2686 1204 2731 convertere,
1247 2694 1395 2723 verum
1435 2682 1559 2723 etiam
1593 2682 1718 2723 verba
1747 2692 1860 2721 com-

96 2745 257 2782 mutare
296 2743 456 2783 conari.
517 2745 619 2784 Nam
664 2742 724 2784 illi
769 2744 938 2800 quidem
984 2758 1227 2786 communes
1257 2745 1359 2792 loci,
1412 2743 1484 2800 qui
1522 2748 1591 2785 aut
1630 2742 1858 2784 calumniae

95 2807 379 2846 accusatorum
425 2804 771 2848 demonstrandae
811 2811 881 2848 aut
923 2806 1238 2848 misericordiae
1285 2805 1510 2862 captandae
1551 2809 1622 2845 aut
1659 2803 1756 2845 sacti
1796 2804 1910 2848 in-4o

97 2864 294 2918 dignandi
342 2872 413 2909 aut
452 2882 476 2910 a
518 2869 808 2911 misericordia
852 2870 1089 2910 deterrendi
1130 2883 1254 2912 causa
1295 2873 1536 2916 sumuntur,
1586 2880 1639 2908 ex
1682 2866 1860 2921 periculi

95 2927 403 2982 magnitudine,
446 2944 531 2973 non
571 2945 624 2973 ex
662 2944 811 2973 causae
850 2945 1003 2985 genere
1044 2933 1265 2974 ducuntur.
1339 2933 1475 2981 Quare
1505 2930 1663 2971 nonin
1693 2943 1861 2973 omnem

98 3005 290 3041 causam,
342 2994 414 3034 sed
450 2992 494 3034 in
538 3007 662 3036 omne
708 3008 856 3036 causae
895 3008 1026 3049 genus
1065 2993 1266 3036 incidunt.
1336 2995 1493 3036 Eorum
1524 2993 1778 3034 mentionem
1816 2991 1860 3033 in

97 3053 367 3096 coniecturali
397 3055 693 3100 constitutione
722 3057 910 3101 fecimus.
970 3055 1215 3099 Inductione
1244 3060 1406 3105 autem,
1440 3067 1534 3097 cum
1562 3066 1685 3096 causa
1713 3058 1860 3109 postu-

97 3115 225 3168 labit,
255 3123 437 3160 utemur.

192 3221 226 3254 1.
248 3220 525 3262 praescribamus
550 3222 696 3254 PART:
721 3222 968 3263 perscribemus
994 3221 1033 3253 E.
1069 3237 1110 3244 —
1152 3220 1186 3253 3.
1215 3220 1375 3261 opinione
1398 3220 1574 3252 hominum
1595 3219 1710 3252 PAT:
1754 3219 1863 3251 homi-

98 3274 183 3299 num
209 3269 371 3308 opinione
396 3267 468 3300 RE.
520 3267 590 3300 Crr.
617 3277 707 3303 vers.
735 3269 790 3301 13.
817 3269 876 3301 29.
904 3286 949 3291 —
974 3269 1007 3300 5.
1038 3266 1098 3308 sic]
1125 3269 1262 3300 si‘Ern.
1290 3275 1430 3306 operae.
1459 3282 1499 3292 ·-
1531 3268 1588 3300 10.
1617 3271 1727 3299 totum
1751 3266 1862 3298 locum

99 3312 209 3346 PAT:
239 3315 351 3347 locum
376 3318 488 3347 totum
510 3315 583 3346 RE.
602 3331 639 3338 —
669 3314 724 3348 18.
752 3321 784 3348 ec
808 3325 850 3348 ex
874 3315 1039 3348 utilitatis
1064 3314 1203 3346 PART:
1232 3318 1263 3346 et
1286 3314 1455 3346 utilitatis
1479 3311 1562 3355 (om.
1589 3313 1643 3353 ex)
1669 3314 1708 3345 Ε.
1733 3331 1770 3338 -
1802 3312 1859 3344 34.

100 3366 259 3404 sequetur
276 3363 391 3396 ART:
418 3367 583 3404 sequatur
599 3359 644 3403 Ρ,
671 3362 824 3404 sequitur
841 3359 880 3396 Ε.
907 3380 935 3387 -
968 3361 1026 3395 35.
1053 3362 1259 3404 conficiatur
1283 3369 1335 3402 pr.
1363 3360 1388 3393 P
1404 3384 1414 3403 ,
1439 3361 1639 3404 conficietur
1658 3360 1860 3394 scutimus.
