2117 3762
267 258 348 299 352
1039 259 1237 300 BRUTUS

266 366 369 405 Nam
400 368 441 405 et
471 362 643 420 Odyssia
673 360 816 402 Latina
848 365 908 401 est
938 362 996 402 sic
1026 365 1232 418 tamquam
1263 377 1366 420 opus
1396 363 1564 418 aliquod
1594 364 1790 414 Daedali,
1824 372 1864 408 et
1883 365 2020 408 Livia-

266 440 342 467 nae
382 425 543 467 fabulae
581 437 664 465 non
704 423 800 464 satis
839 424 1008 477 dignae,
1054 438 1160 479 quae
1200 427 1349 467 iterum
1390 428 1592 480 legantur.
1660 430 1727 468 72.
1777 431 1909 483 Atque
1953 429 2020 470 hic

265 488 433 537 Livius,
480 487 551 542 qui
581 487 738 539 primus
778 484 987 535 fabulam,
1036 487 1078 527 C.
1113 487 1304 537 Claudio,
1351 489 1470 530 Caeci
1501 487 1609 537 filio,
1658 494 1698 530 et
1726 491 1781 530 M.
1815 490 2017 532 Tuditano

266 550 526 597 consulibus,
559 549 699 589 docuit
728 561 835 589 anno
868 547 959 601 ipso
989 553 1107 598 ante,
1141 563 1262 604 quam
1291 556 1410 592 natus
1442 555 1503 591 est
1522 551 1702 601 Ennius;
1733 557 1827 605 post
1847 554 2019 593 Romam

235 613 469 656 sconditam
500 616 637 653 autem
667 611 979 665 quartodecimo
1011 617 1051 652 et
1082 611 1437 665 quingentesimo,
1481 620 1523 655 ut
1554 614 1621 654 hic
1653 613 1732 663 ait,
1781 628 1905 669 quem
1943 628 2020 655 nos

264 679 496 732 sequimur;
548 678 609 714 cst
647 673 758 713 enim
797 673 906 714 inter
947 673 1170 729 scriptores
1203 672 1252 714 de
1283 689 1455 717 numero
1487 690 1687 718 annorum
1719 676 2017 719 controversia.

264 741 410 782 Accius
453 741 587 778 autem
628 748 650 775 a
695 736 746 784 Q.
779 737 959 777 Maximo
1003 736 1191 791 quintum
1232 737 1400 778 consule
1441 744 1606 792 captum
1645 739 1815 781 Tarenti
1859 739 2022 795 scripsit

263 803 423 843 Livium
455 800 571 840 annis
601 810 716 839 xxx.
748 803 867 853 post,
907 812 1029 853 quam
1061 813 1155 840 eum
1186 797 1367 841 fabulam
1399 802 1588 842 docuisse
1620 807 1660 842 et
1690 801 1847 843 Atticus
1879 801 2021 844 scribit

264 869 303 905 et
329 877 403 904 nos
426 861 468 903 in
499 860 676 916 antiquis
707 860 1016 901 commentariis
1047 860 1306 903 invenimus:
1355 864 1424 903 73.
1459 862 1648 905 docuisse
1674 870 1811 905 autem
1837 864 2021 906 fabulam

212 941 248 966 10
265 926 381 968 annis
411 929 505 980 post
532 936 629 972 x1.,
683 923 727 964 C.
768 923 982 971 Cornelio,
1033 924 1301 974 Q.Minucio
1344 924 1583 967 consulibus
1625 926 1730 968 ludis
1775 926 2017 976 luventatis,

262 1002 366 1044 quos
398 986 604 1028 Salinator
636 987 805 1027 Senensi
837 986 999 1040 proelio
1030 991 1216 1027 voverat.
1278 987 1325 1027 In
1356 1000 1438 1042 quo
1470 992 1605 1028 tantus
1637 1002 1754 1030 error
1784 989 1896 1030 Accii
1925 988 2018 1038 fuit,

260 1058 305 1093 ut
334 1052 397 1092 his
427 1048 664 1091 consulibus
694 1063 766 1091 XL.
797 1064 927 1092 annos
956 1054 1076 1091 natus
1107 1048 1263 1090 Ennius
1293 1048 1444 1090 fuerit:
1499 1050 1565 1089 cui
1603 1050 1637 1091 si
1675 1052 1858 1107 aequalis
1895 1051 2022 1094 fuerit

259 1113 426 1162 Livius,
474 1113 610 1153 minor
647 1111 723 1153 fuit
765 1111 975 1166 aliquanto
1016 1112 1074 1162 is,
1128 1115 1197 1168 qui
1227 1113 1386 1168 primus
1416 1110 1599 1153 fabulam
1631 1115 1767 1162 dedit,
1819 1128 1941 1169 quam
1972 1113 2018 1162 ii,

260 1176 330 1232 qui
361 1175 508 1216 multas
539 1176 767 1216 docuerant
798 1181 892 1216 ante
923 1177 1001 1216 hos
1032 1175 1248 1224 consules,
1297 1180 1338 1217 et
1367 1177 1535 1216 Plautus
1567 1181 1607 1217 et
1638 1175 1829 1218 Naevius.
1902 1178 2017 1217 XIX.

209 1241 327 1281 1⁵74.
363 1241 476 1281 Haec
505 1239 539 1280 si
571 1239 703 1279 minus
734 1243 828 1292 apta
859 1238 1055 1280 videntur
1084 1239 1181 1279 huic
1212 1239 1423 1287 sermoni,
1464 1241 1618 1288 Brute,
1666 1240 1800 1280 Attico
1837 1239 2017 1294 assigna,

260 1302 331 1358 qui
370 1315 435 1343 me
475 1301 744 1342 inflammavit
781 1300 915 1342 studio
955 1300 1174 1342 illustrium
1206 1301 1422 1342 hominum
1454 1306 1606 1342 aetates
1639 1307 1679 1343 et
1708 1306 1897 1356 tempora
1926 1315 2020 1357 per-

259 1364 473 1422 sequendi.
535 1367 621 1419 Ego
662 1378 787 1413 vero,
836 1363 968 1419 inquit
1003 1365 1180 1412 Brutus,
1230 1368 1270 1404 et
1307 1363 1492 1405 delector
1533 1364 1609 1404 ista
1648 1363 1766 1418 quasi
1806 1364 2019 1405 notatione

258 1434 492 1484 temporum
523 1433 562 1467 et
591 1425 641 1468 ad
671 1427 736 1475 id,
771 1425 884 1481 quod
912 1425 1123 1466 instituisti
1155 1430 1368 1467 oratorum
1401 1439 1555 1480 genera
1587 1425 1841 1480 distinguere
1873 1426 2018 1468 aetati-

258 1494 354 1540 bus,
399 1492 517 1532 istam
560 1488 814 1544 diligentiam
845 1501 935 1529 esse
967 1489 1320 1529 accommodatam
1350 1494 1465 1544 puto.
1524 1490 1591 1529 75.
1626 1490 1751 1529 Recte
1772 1520 1782 1537 ,
1830 1489 2016 1544 inquam,

208 1564 245 1591 20
258 1556 402 1602 Brute,
434 1551 650 1606 intelligis:
686 1557 808 1607 atque
839 1552 995 1592 utinam
1019 1555 1230 1591 exstarent
1260 1550 1328 1592 illa
1349 1552 1553 1598 carmina,
1586 1564 1692 1605 quae
1714 1550 1850 1592 multis
1872 1550 2020 1593 seculis

259 1622 353 1658 ante
384 1631 500 1658 suam
530 1621 707 1657 aetatem
736 1616 779 1657 in
810 1615 941 1670 epulis
972 1629 1062 1656 esse
1093 1617 1284 1656 cantitata
1313 1628 1336 1656 a
1369 1613 1539 1668 singulis
1571 1615 1756 1655 convivis
1797 1616 1848 1655 de
1889 1613 2021 1655 claro-

258 1695 349 1720 rum
372 1680 554 1721 virorum
584 1678 775 1720 laudibus
806 1678 848 1719 in
872 1678 1114 1732 Originibus
1136 1677 1333 1731 scriptum
1355 1677 1522 1733 reliquit
1544 1677 1642 1718 Cato
1664 1679 1672 1717 1
1707 1679 1860 1718 Tamen
1889 1676 2016 1725 illius,

258 1755 382 1796 quem
413 1743 455 1782 in
485 1741 645 1783 vatibus
678 1746 718 1782 et
747 1740 896 1782 Faunis
936 1745 1180 1782 annumerat
1221 1741 1406 1789 Ennius,
1455 1739 1613 1781 bellum
1653 1738 1854 1781 Punicum
1899 1740 2017 1794 quasi

257 1803 441 1860 Myronis
473 1817 597 1858 opus,
631 1805 822 1845 delectat.
898 1806 966 1844 76.
1001 1802 1062 1844 Sit
1090 1803 1246 1844 Ennius
1278 1816 1391 1850 sane,
1433 1807 1476 1842 ut
1509 1808 1569 1843 est
1599 1806 1731 1850 certe,
1764 1801 2015 1856 perfectior:

207 1877 244 1903 2⁵
260 1869 330 1923 qui
361 1867 396 1908 si
424 1866 563 1915 illum,
597 1871 643 1907 ut
672 1865 858 1914 simulat,
890 1871 1195 1913 contemneret,
1228 1879 1311 1906 non
1341 1866 1480 1906 omnia
1510 1863 1616 1906 bella
1648 1878 1901 1919 persequens
1931 1863 2019 1918 pri-

258 1944 371 1972 mum
401 1929 504 1971 illud
538 1928 737 1970 Punicum
768 1930 1015 1969 acerrimum
1046 1928 1199 1969 bellum
1229 1926 1478 1982 reliquisset.
1538 1929 1619 1968 Sed
1649 1928 1737 1982 ipse
1769 1928 1896 1976 dicit,
1941 1939 2016 1968 cur

257 1992 299 2034 id
328 1992 469 2040 faciat,
501 2015 520 2022 -
540 2017 558 2022 -
587 1994 800 2045 scripsere,
831 1991 983 2046 inquit,
1016 1992 1089 2031 alti
1119 2005 1203 2031 rem
1230 1991 1430 2038 versibus,
1460 2012 1479 2019 -
1499 2012 1515 2019 -
1546 1995 1586 2030 et
1615 1989 1823 2030 luculente
1846 1987 2017 2044 quidem

257 2057 530 2111 scripserunt,
564 2055 724 2096 etiamsi
755 2054 906 2102 minus,
939 2067 1062 2108 quam
1093 2059 1155 2100 tu,
1186 2053 1335 2108 polite:
1391 2065 1467 2093 nec
1497 2065 1599 2094 vero
1629 2052 1705 2094 tibi
1735 2051 1853 2094 aliter
1884 2050 2018 2093 videri

259 2120 404 2167 debet,
453 2119 523 2172 qui
569 2131 592 2159 a
629 2116 786 2160 Naevio
824 2118 891 2159 vel
929 2115 1139 2171 sumpsisti
1176 2114 1326 2164 multa,
1375 2114 1409 2156 si
1447 2114 1610 2164 fateris,
1657 2114 1747 2164 vel,
1796 2114 1830 2156 si
1861 2127 2012 2168 negas,

209 2190 244 2216 ³0
258 2179 508 2236 surripuisti.

373 2245 441 2284 77.
476 2245 577 2285 Cum
597 2243 678 2284 hoc
706 2242 859 2282 Catone
881 2239 1121 2295 grandiores
1150 2244 1249 2281 natu
1269 2238 1437 2281 fuerunt
1459 2240 1502 2281 C.
1523 2239 1758 2287 Flaminius,
1792 2239 1837 2280 C.
1862 2239 2012 2289 Varro,

259 2308 309 2357 Q.
340 2308 562 2355 Maximus,
595 2307 647 2355 Q.
679 2303 891 2353 Metellus,
923 2305 967 2344 P.
998 2301 1212 2351 Lentulus,
1257 2303 1299 2346 P.
1332 2303 1524 2351 Crassus,
1570 2303 1640 2358 qui
1672 2316 1763 2343 cum
1795 2302 2013 2358 superiore

349 2462 382 2493 1.
413 2458 561 2501 Odyssia
585 2459 662 2491 libri
689 2466 831 2495 omnes,
867 2459 919 2489 R:
965 2457 1116 2496 Odyssea
1141 2456 1182 2487 E.
1212 2472 1252 2478 —-
1294 2456 1328 2487 2.
1366 2454 1473 2496 Atqui
1498 2455 1540 2486 Ι).
1570 2454 1636 2486 Gu.
1664 2456 1698 2486 1.
1738 2472 1776 2478 —
1821 2455 1855 2486 3.
1893 2454 2014 2486 Livius

252 2508 388 2548 primus
414 2516 491 2539 cum
518 2508 678 2539 Schutzio
705 2511 739 2538 et
764 2504 987 2545 Bernhardyo
1014 2503 1152 2535 Ellendt
1177 2507 1294 2535 contra
1322 2512 1439 2534 omnes
1467 2502 1571 2533 libros
1601 2507 1634 2534 et
1652 2502 1702 2541 R,
1734 2503 1786 2533 hic
1810 2505 1859 2532 est
1875 2501 2009 2541 Livius,

256 2557 315 2596 qui
334 2554 453 2587 Lamb.
474 2553 614 2585 Malim:
643 2553 696 2583 hic
714 2552 830 2583 Livius
849 2555 909 2589 est,
929 2552 1011 2592 qui,-
1039 2550 1236 2582 scribebant
1253 2549 1402 2581 Liviust.
1423 2549 1575 2580 Schiitzii
1597 2551 1682 2580 ratio
1702 2549 1883 2588 languere,
1907 2550 2012 2580 immo

256 2599 356 2635 κατὰ
381 2599 451 2634 τὸν
474 2599 633 2643 λογικὸν
658 2596 782 2631 τόπον
809 2607 952 2638 peccare
988 2598 1148 2634 videtur;
1188 2606 1351 2637 quorsum
1387 2598 1478 2628 enim
1513 2599 1583 2627 tum
1612 2596 1695 2627 haec
1722 2595 2011 2627 narratiuncula?

255 2650 300 2680 At
338 2648 521 2680 manifesto
557 2648 622 2678 hoc
660 2646 774 2677 dicere
813 2646 948 2678 volebat
987 2644 1108 2676 Cicero
1148 2644 1249 2675 simul
1287 2643 1523 2676 eruditionem
1567 2643 1764 2674 historicam
1802 2646 2009 2674 ostentans:

257 2695 442 2728 «Attamen
481 2695 536 2725 hic
573 2694 692 2726 Livius
732 2701 799 2724 non
827 2693 903 2731 plus
931 2691 1135 2722 CLXXVII.
1164 2693 1263 2722 annis
1289 2694 1369 2722 ante
1397 2700 1450 2722 me
1479 2689 1655 2720 consulem
1683 2689 1822 2727 floruit,
1861 2688 1948 2721 adeo
1973 2691 2013 2719 ut

256 2742 365 2774 multo
404 2741 648 2773 elaboratiores
687 2742 790 2779 atque
827 2740 1052 2779 elegantiores
1087 2738 1217 2769 fabulas
1253 2737 1294 2768 ab
1336 2746 1376 2768 eo
1404 2740 1601 2776 exspectare
1629 2738 1702 2768 iure
1739 2741 1855 2767 nostro
1894 2743 2010 2774 posse-

256 2798 369 2821 mus.»
397 2788 464 2820 On.
495 2805 532 2811 -
573 2787 718 2819 Claudio
745 2787 795 2817 R:
835 2785 952 2817 Clodio
980 2793 1056 2816 cum
1084 2785 1202 2821 libris,
1232 2787 1269 2815 ut
1295 2784 1450 2820 videtur,
1481 2783 1641 2814 omnibus
1669 2783 1707 2813 E.
1757 2782 1875 2814 Altera
1899 2781 2010 2815 forma

257 2840 308 2868 est
344 2839 378 2868 in
417 2836 569 2875 antiquis
603 2835 711 2866 Fastis
749 2832 973 2872 Capitolinis,
1014 2833 1072 2871 qui
1100 2830 1193 2871 quod
1226 2830 1268 2862 ad
1295 2827 1566 2874 dpboypeccpiav
1592 2831 1715 2862 attinet
1740 2837 1877 2868 semper
1902 2829 2009 2868 probe

257 2883 489 2923 distinguendi
516 2885 597 2914 sunt
621 2890 638 2913 a
665 2882 896 2912 recentiorum
923 2879 1186 2917 supplementis.
1215 2894 1252 2900 —
1295 2877 1328 2908 4.
1355 2878 1430 2916 ipso
1455 2880 1561 2915 ante,
1588 2885 1693 2917 quam
1717 2875 1777 2916 Lg.
1805 2876 1839 2907 8.
1866 2875 1922 2907 39.
1948 2875 2007 2910 53.

256 2929 313 2961 56.
348 2930 410 2962 58:
455 2931 556 2970 ipso,
596 2931 781 2967 antequam
816 2927 855 2957 E.
895 2942 931 2947 -
975 2925 1009 2956 5.
1049 2929 1165 2956 autem
1197 2923 1371 2955 conditam
1404 2923 1446 2953 D.
1481 2922 1547 2954 Gu.
1583 2924 1616 2954 1.
1651 2923 1686 2953 2.
1724 2922 1850 2955 Dresd.
1890 2922 2006 2963 Peter.

259 2993 295 3000 —
340 2977 374 3008 7.
402 2976 524 3008 Accius
554 2974 662 3008 Codd.
700 2974 878 3013 plerique:
921 2971 1039 3003 Actius
1073 2973 1125 3010 R,
1163 2971 1275 3003 Altius
1304 2970 1343 3001 E.
1381 2986 1421 2992 —
1462 2973 1602 3000 autem:
1647 2969 1686 3010 Q.
1712 2968 1871 3001 Maximo
1902 2969 2009 3002 Erne-

257 3024 310 3054 stii
337 3032 476 3062 operae.
506 3039 546 3044 -
592 3021 735 3053 Tarenti
767 3020 927 3051 dedimus
962 3027 1040 3050 cum
1076 3020 1192 3050 nescio
1227 3026 1297 3058 quo
1333 3015 1423 3055 apud
1460 3015 1673 3053 Cori-adum,
1713 3020 1747 3048 et
1779 3016 1821 3049 de
1855 3016 2006 3048 Ernestii

258 3071 476 3107 suspicione:
506 3070 656 3101 Tarento
685 3076 761 3099 cum
782 3066 890 3098 Codd.
914 3066 1087 3105 plerisque
1107 3066 1133 3097 E
1150 3088 1158 3102 ‚
1186 3064 1241 3096 alii
1271 3065 1372 3103 pauci
1398 3064 1521 3095 vitiose
1551 3062 1750 3094 Tarentum.
1771 3077 1813 3084 —
1839 3064 1895 3094 10.
1923 3059 2002 3102 XL]

256 3115 337 3146 XII·
366 3117 566 3149 Wetzelius.
597 3133 633 3139 —
663 3115 718 3146 12.
749 3114 805 3145 cui
830 3115 859 3144 si
886 3113 1043 3154 aequalis
1068 3113 1119 3149 R,
1145 3110 1289 3152 Meyer,
1317 3109 1366 3140 T:
1395 3110 1450 3140 cui
1476 3118 1552 3141 cum
1576 3109 1733 3150 aequalis
1759 3117 1836 3141 cum
1854 3108 1941 3140 Aldo
1961 3109 2002 3147 E,

258 3162 348 3201 quod
371 3163 526 3202 aequalis
552 3171 629 3194 cum
660 3160 745 3193 Cod.
773 3161 857 3200 Reg.
883 3159 926 3190 D.
956 3159 1073 3191 Guelt'.
1100 3160 1133 3190 1.
1162 3162 1195 3189 et
1227 3157 1259 3188 2.
1288 3164 1328 3188 ac
1362 3155 1550 3188 Dresdensi
1584 3156 1713 3193 Peter;
1753 3155 1786 3187 id
1825 3155 1916 3196 quod
1951 3157 2004 3187 in-

257 3208 361 3248 telligi
380 3212 516 3248 nequit.
563 3210 652 3242 Mire
672 3210 775 3240 etiam
796 3207 933 3238 Ellendt
952 3208 985 3237 in
1004 3206 1086 3238 Var.
1108 3205 1187 3237 lect.
1213 3205 1283 3235 sic:
1313 3204 1398 3234 «cui
1423 3201 1512 3243 cunt]
1540 3204 1594 3234 cui
1617 3205 1648 3235 si
1673 3202 1728 3234 ed.
1750 3210 1800 3242 pr.
1822 3206 1855 3233 et
1868 3202 2001 3243 Meyer,

257 3254 349 3286 nulla
375 3256 498 3288 idonea
525 3264 679 3292 causan)
719 3254 829 3287 edidit
853 3258 967 3286 tamen
992 3254 1048 3284 cui
1073 3253 1122 3290 si,
1162 3250 1203 3282 de
1240 3254 1433 3282 ceterorum
1467 3259 1608 3281 suorum
1649 3248 1758 3280 Codd.
1794 3248 2003 3281 lectionibus

257 3308 386 3335 tacens.
412 3319 449 3325 —
477 3300 533 3332 23.
560 3305 771 3333 annumerat
788 3301 889 3332 libri:
917 3304 1094 3332 enumerat
1113 3306 1190 3330 cum
1211 3298 1374 3329 ascensio
1393 3297 1433 3328 Ε.
1461 3295 1634 3336 (numerat
1650 3295 1786 3327 volebat
1809 3294 1943 3336 Lamb.)
1961 3313 1998 3319 —

256 3350 314 3383 27.
339 3348 494 3382 versibus
519 3358 559 3382 ex
581 3351 724 3389 antiqua
749 3349 851 3381 Ennii
875 3349 1043 3387 scriptura
1069 3346 1130 3387 Lg-
1150 3345 1184 3378 8.
1205 3345 1260 3378 35.
1280 3344 1336 3377 51.
1361 3343 1418 3377 53.
1445 3343 1532 3378 Ven.
1553 3345 1586 3376 1.
1615 3342 1754 3375 ottob-z
1781 3343 1934 3376 versibus
1959 3342 2000 3377 E.
