2117 3762
533 321 600 360 AD
633 319 686 359 M.
720 317 927 358 BRUTUM
960 317 1003 358 C.
1037 319 1103 358 35.
1137 319 1204 359 36.
1239 321 1307 360 37.
1713 317 1794 358 427

50 426 143 482 qui,
189 425 287 482 quid
327 427 492 474 deceat,
538 422 708 465 videbit.
790 423 901 463 Haec
950 424 1057 464 enim
1099 424 1298 480 sapientia
1339 422 1518 464 maxime
1563 420 1795 464 adhibenda

50 489 261 544 eloquenti
303 495 388 537 est,
434 494 481 529 ut
519 486 570 528 sit
608 492 839 540 temporum
879 499 1235 541 personarumque
1266 485 1518 528 moderator.
1580 487 1681 525 Nam
1713 499 1789 525 nec

49 564 214 604 semper
250 563 325 591 nec
354 551 463 603 apud
493 561 635 590 omnes
666 561 740 588 nec
771 553 913 589 contra
945 563 1087 589 omnes
1120 563 1194 590 nee
1225 562 1300 604 pro
1331 548 1523 589 omnibus
1556 560 1631 587 nec
1663 548 1794 587 omni-

49 615 125 654 bus
146 612 291 654 eodem
313 612 436 654 modo
458 610 676 653 dicendum
698 613 889 652 arbitror.
950 612 1138 653 xxxvl.
1170 613 1208 652 Is
1239 612 1317 652 erit
1339 624 1437 664 ergo
1467 609 1690 666 eloquens,
1724 607 1793 662 qui

49 677 101 717 ad
128 676 183 722 id,
215 677 492 732 quodcunque
522 675 708 721 decebit,
739 675 892 728 poterit
921 673 1235 716 accommodare
1256 675 1497 715 orationem.
1559 673 1679 722 Quod
1702 683 1825 711 cums

48 739 257 786 statuerit,
288 744 396 785 tum,
440 742 486 777 ut
515 735 696 791 quidque
728 737 806 777 erit
836 736 1078 784 dicendum,
1124 736 1178 777 ita
1209 735 1335 784 dicet,
1381 750 1457 777 nec
1488 741 1626 777 satura
1656 733 1794 775 ieiune

48 813 126 842 nec
146 799 318 855 grandia
348 800 504 841 minute
536 812 611 839 nec
640 800 739 839 item
773 805 934 847 contra,
967 800 1039 840 sed
1072 797 1150 839 erit
1180 797 1305 840 rebus
1334 798 1434 852 ipsis
1455 811 1530 853 par
1550 802 1591 838 et
1611 794 1795 850 aequalis

48 864 195 904 oratio.
258 863 352 903 12⁴.
384 860 590 915 Principia
619 860 874 908 verecunda,
906 876 988 902 non
1019 860 1135 902 elatis
1165 862 1330 901 incensa
1362 860 1527 908 verbis,
1573 857 1647 900 sed
1677 863 1795 899 acuta

47 926 258 969 sententiis
301 924 368 966 vel
406 925 457 964 ad
498 923 769 964 offensionem
807 922 1034 965 adversarii
1072 924 1139 964 vel
1178 922 1228 964 ad
1268 923 1667 964 commendationem
1712 918 1792 960 sui.

47 989 313 1030 Narrationes
355 984 596 1032 credibiles,
637 999 713 1026 nec
753 984 976 1033 historico,
1029 987 1103 1026 sed
1143 998 1274 1039 prope
1316 984 1556 1039 quotidiano
1603 995 1793 1024 sermone
1810 997 1845 1022 10

47 1051 275 1106 explicatae
311 1046 503 1089 dilucide.
564 1047 720 1088 Deinde
760 1049 792 1087 si
833 1047 968 1088 tenuis
1008 1060 1129 1088 causa
1173 1053 1253 1095 est,
1297 1052 1383 1088 tum
1427 1046 1548 1087 etiam
1579 1058 1796 1100 argumen-

46 1112 157 1155 tandi
187 1119 310 1154 tenue
341 1110 454 1152 filum
487 1116 528 1151 et
557 1110 599 1152 in
629 1109 815 1151 docendo
848 1115 888 1150 et
917 1110 959 1149 in
999 1108 1253 1158 refellendo,
1304 1110 1432 1163 idque
1474 1109 1530 1149 ita
1569 1109 1794 1156 tenebitur,

43 1181 110 1223 ut,
158 1179 310 1230 quanta
339 1175 390 1214 ad
420 1186 532 1220 rem,
579 1179 690 1214 tanta
722 1171 771 1213 ad
803 1172 1036 1212 orationem
1067 1169 1137 1212 fiat
1166 1171 1362 1212 accessio.
1424 1172 1517 1212 125.
1562 1172 1661 1213 Cum
1693 1183 1794 1211 vero

45 1250 168 1278 causa
198 1250 246 1278 ea
275 1237 488 1281 inciderit,
523 1237 564 1276 in
595 1249 675 1291 qua
706 1234 767 1275 vis
797 1235 1056 1287 eloquentiae
1087 1235 1219 1288 possit
1239 1235 1454 1287 expromi,
1486 1238 1571 1274 tum
1605 1247 1648 1274 se
1676 1232 1797 1274 latius

43 1298 189 1340 fundet
228 1304 388 1345 orator,
433 1303 518 1338 tum
557 1302 676 1352 reget
715 1302 755 1338 et
784 1295 920 1337 flectet
949 1295 1110 1336 animos
1142 1302 1182 1337 et
1211 1295 1270 1338 sic
1299 1295 1465 1345 afficiet,
1497 1301 1542 1337 ut
1572 1297 1704 1346 volet,
1753 1295 1794 1338 id
1808 1308 1844 1334 η

44 1367 127 1410 est,
157 1366 204 1403 ut
233 1375 381 1402 causae
412 1367 553 1401 natura
583 1366 624 1401 et
652 1360 758 1400 ratio
788 1359 984 1413 temporis
1015 1357 1253 1413 postulabit.

158 1423 239 1466 Sed
279 1423 358 1465 erit
387 1422 540 1477 duplex
571 1421 703 1463 omnis
733 1420 821 1462 eius
851 1427 1019 1462 ornatus
1049 1421 1116 1462 ille
1146 1419 1399 1462 admirabilis
1417 1452 1428 1470 ,
1469 1425 1642 1477 propter
1671 1434 1794 1475 quem

44 1486 227 1530 ascendit
257 1485 299 1527 in
330 1491 488 1528 tantum
519 1484 722 1526 honorem
752 1484 1004 1539 eloquentia.
1065 1487 1167 1526 Nam
1198 1498 1291 1526 cum
1322 1487 1454 1526 omnis
1477 1497 1572 1539 pars
1593 1482 1793 1525 orationis

45 1564 136 1593 esse
166 1547 291 1591 debet
319 1546 562 1596 laudabilis,
612 1548 670 1588 sic
702 1554 746 1588 ut
775 1546 947 1589 verbum
978 1546 1135 1590 nullum
1167 1547 1245 1589 nisi
1275 1553 1345 1590 aut
1375 1561 1499 1601 grave
1531 1551 1602 1588 aut
1632 1545 1796 1599 elegans

44 1613 231 1660 excidat,
280 1617 368 1652 tum
413 1616 508 1651 sunt
547 1609 724 1651 maxime
765 1609 995 1651 luminosae
1034 1615 1076 1651 et
1113 1611 1229 1665 quasi
1269 1616 1461 1652 actuosae
1491 1615 1628 1665 partes
1658 1607 1846 1658 duae;2o

45 1689 219 1730 quarum
250 1675 423 1715 alteram
462 1674 504 1714 in
541 1673 723 1714 universi
764 1672 927 1726 generis
958 1672 1201 1727 quaestione
1231 1686 1364 1728 pono,
1411 1686 1557 1729 quam,
1587 1678 1633 1713 ut
1674 1683 1797 1726 supra

44 1737 144 1784 dixi,
177 1737 321 1778 Graeci
352 1735 559 1792 appellant
589 1740 734 1786 δέσιιω
767 1737 938 1777 alteram
969 1736 1011 1777 in
1031 1735 1229 1790 augendis
1250 1733 1630 1790 amplificandisque
1652 1735 1794 1781 rebus,

44 1813 150 1856 quae
179 1801 231 1840 ab
263 1799 417 1840 eisdem
449 1798 625 1849 αὔξησις
656 1804 716 1839 est
736 1797 961 1839 nominata.
1025 1800 1118 1838 126.
1153 1798 1271 1847 Quae
1303 1799 1378 1839 etsi
1409 1798 1680 1853 aequabiliter
1711 1800 1796 1837 toto

44 1875 222 1917 corpore
252 1860 453 1903 orationis
482 1860 573 1902 susa
604 1875 694 1902 esse
727 1862 871 1907 debet,
918 1866 1055 1901 tamen
1094 1861 1137 1900 in
1167 1862 1454 1901 communibus
1483 1859 1585 1901 locis
1617 1859 1795 1901 maxime

43 1924 245 1974 excellet;
291 1923 362 1979 qui
403 1936 641 1964 communes
680 1922 872 1978 appellati
918 1929 1016 1964 sunt
1066 1935 1139 1971 eo,
1189 1925 1301 1976 quod
1340 1922 1533 1964 videntur
1571 1923 1791 1963 multarum
1809 1932 1844 1959 2⁵

42 1987 169 2029 iidem
200 1999 290 2028 esse
322 1999 558 2033 causarum,
605 1987 677 2027 sed
717 1985 877 2040 proprii
915 1985 1167 2040 singularum
1206 1998 1295 2026 esse
1327 1983 1550 2026 debebunt.
1612 1986 1662 2025 At
1693 1996 1792 2024 vero

41 2049 111 2091 illa
150 2062 244 2104 pars
280 2047 505 2096 orationis,
553 2062 658 2104 quae
699 2054 760 2088 est
803 2051 853 2089 de
891 2061 1045 2103 genere
1084 2049 1310 2096 universe,
1358 2052 1464 2088 totas
1495 2060 1638 2088 causas
1669 2058 1794 2098 saepe

43 2113 239 2154 continet.
301 2109 514 2166 Quidquid
554 2116 615 2152 est
653 2111 762 2152 enim
791 2110 919 2157 illud,
968 2110 1009 2151 in
1040 2123 1121 2164 quo
1153 2111 1269 2164 quasi
1299 2115 1506 2151 certamen
1539 2114 1601 2151 est
1629 2114 1796 2150 contro-

42 2174 220 2221 versiae,
252 2173 364 2230 quod
396 2174 552 2214 Graece
583 2173 836 2229 κρινόμενον
867 2175 1039 2220 dicitur,
1071 2172 1111 2213 id
1142 2173 1198 2213 ita
1229 2171 1307 2213 dici
1337 2174 1492 2225 placet,
1533 2177 1577 2212 ut
1605 2172 1795 2212 traduca-

43 2243 110 2278 tur
148 2238 199 2277 ad
240 2241 486 2291 perpetuam
526 2237 812 2289 quaestionem
854 2242 977 2291 atque
1015 2241 1061 2276 ut
1097 2236 1148 2276 de
1185 2236 1379 2276 universo
1424 2247 1577 2289 genere
1608 2233 1844 2283 dicatur-3³0

43 2301 122 2342 nisi
153 2312 245 2340 cum
268 2300 319 2339 de
340 2311 440 2339 vero
463 2299 720 2351 ambigetur,
753 2300 866 2352 quod
888 2299 1032 2353 quaeri
1055 2297 1294 2339 coniectura
1317 2297 1436 2339 solet.
1501 2299 1593 2337 127.
1626 2297 1794 2337 Dicetur

43 2368 181 2403 autem
211 2374 292 2401 non
314 2360 685 2415 Peripateticorum
719 2375 834 2401 more
864 2384 918 2391 —
940 2364 1000 2401 est
1030 2361 1140 2401 enim
1170 2359 1336 2401 illorum
1360 2358 1604 2400 exercitatio
1626 2357 1790 2411 elegans

43 2429 124 2467 iam
145 2422 241 2464 inde
264 2425 314 2464 ab
336 2422 556 2463 Aristotele
587 2424 806 2464 constituta
826 2446 906 2471 —,
938 2422 1011 2464 sed
1033 2424 1242 2477 aliquanto
1264 2422 1481 2464 nervosius
1513 2427 1553 2463 et
1584 2421 1638 2462 ita
1669 2419 1718 2461 de
1747 2432 1794 2460 re

43 2487 277 2528 communia
317 2487 529 2534 dicentur,
575 2491 621 2526 ut
658 2490 699 2526 et
733 2497 809 2539 pro
839 2484 922 2525 reis
953 2484 1078 2526 multa
1108 2485 1255 2526 leniter
1285 2487 1477 2526 dicantur
1507 2490 1547 2525 et
1576 2483 1618 2525 in
1649 2482 1794 2524 adver-

43 2551 174 2592 sarios
206 2561 366 2602 aspere.
424 2546 632 2601 Augendis
661 2560 764 2588 vero
794 2548 921 2587 rebus
953 2553 993 2588 et
1023 2552 1165 2587 contra
1186 2546 1427 2588 abiiciendis
1448 2546 1551 2587 nihil
1573 2550 1648 2594 est,
1682 2543 1841 2600 quodss

43 2626 128 2655 non
156 2610 356 2667 perficere
386 2610 516 2666 possit
546 2611 703 2660 o1·atio;
751 2611 862 2665 quod
904 2615 944 2650 et
982 2608 1090 2650 inter
1119 2608 1255 2650 media
1287 2615 1529 2664 argumenta
1560 2607 1792 2649 faciendum

45 2681 127 2723 est,
160 2677 487 2730 quotiescunque
510 2671 674 2713 dabitur
693 2671 760 2714 vel
789 2670 1066 2727 amplificandi
1094 2671 1161 2714 vel
1190 2671 1404 2715 minuendi
1427 2673 1565 2720 locus,
1599 2676 1638 2711 et
1659 2683 1791 2725 paene

43 2736 201 2778 infinite
230 2736 272 2778 in
302 2737 552 2792 perorando.

155 2801 367 2842 XXXVII.
404 2801 496 2840 128.
530 2801 621 2839 Duo
652 2802 771 2846 sunt,
817 2810 922 2852 quae
952 2795 1059 2838 hene
1091 2802 1262 2839 tractata·
1290 2796 1341 2839 ab
1373 2803 1540 2839 oratore
1570 2793 1792 2837 admirabi-

45 2861 127 2904 lem
171 2861 449 2917 eloquentiam
492 2861 674 2911 saciant3
723 2874 899 2915 quorum
940 2860 1114 2902 alterum
1157 2866 1236 2908 est,
1291 2863 1401 2916 quod
1449 2858 1594 2902 Graeci
1639 2857 1841 2909 ἧὲηκὸνιιο

136 2981 169 3012 1.
195 2980 320 3012 viderit
347 2980 400 3018 A,
437 2980 504 3012 Gu.
533 2980 567 3011 3.
601 2997 644 3002 -
694 2979 867 3017 eloquenti
906 2980 1058 3010 maxime
1098 2979 1292 3010 adhibenda
1333 2979 1376 3010 R.
1416 2994 1460 3000 -
1500 2978 1533 3008 8.
1560 2977 1713 3008 nondum
1738 2975 1790 3015 A,

47 3028 116 3060 Gu.
143 3026 176 3058 3.
214 3041 253 3048 -
295 3027 432 3058 intensa
458 3027 524 3059 Gu.
553 3026 607 3063 3.,
635 3027 683 3063 L,
721 3027 854 3057 intenta
888 3026 958 3066 Mg.
988 3026 1126 3064 Repeti.
1154 3026 1275 3057 Lamb.
1311 3041 1354 3047 —
1397 3026 1451 3056 11.
1490 3025 1521 3054 si
1545 3025 1656 3054 tenuis
1684 3031 1792 3055 causa

46 3079 118 3113 est,
146 3078 217 3104 tum
241 3072 310 3103 Ἧι.
339 3077 374 3105 et
398 3073 448 3104 R:
484 3076 513 3105 si
539 3076 656 3104 tenues
682 3081 830 3109 causac,
860 3077 933 3103 tum
959 3081 1035 3103 cum
1065 3072 1240 3112 plerisque
1268 3071 1377 3102 Codd.
1405 3069 1515 3111 (Eins.
1537 3070 1604 3101 Gu.
1628 3072 1658 3101 1.
1678 3067 1730 3109 2.)
1750 3070 1789 3101 Ε.

47 3137 86 3145 -
114 3120 170 3152 17.
198 3119 270 3150 eius
293 3120 403 3150 omnis
427 3125 574 3151 conatus
598 3121 626 3151 A
653 3122 777 3151 ceteris
804 3128 880 3150 cum
909 3117 1135 3158 interpolatis.
1165 3118 1290 3157 (omnis
1316 3118 1382 3150 del.
1410 3117 1572 3149 censebat
1600 3115 1730 3154 Beier.)
1750 3133 1788 3139 —

44 3169 102 3200 20.
140 3168 319 3198 {actuosae
354 3165 486 3198 Nonius
522 3168 556 3197 in
590 3175 644 3198 vv.
671 3168 846 3198 iaccuosae
883 3170 915 3197 et
941 3165 1160 3195 luminosum.
1203 3179 1237 3185 —
1282 3164 1338 3195 23.
1366 3164 1560 3203 aequaliter
1586 3163 1681 3196 Eius.
1712 3163 1790 3196 Vet.

46 3214 195 3253 steph..
224 3212 292 3244 Gu.
322 3216 415 3249 tres,
442 3212 482 3243 R.
523 3229 562 3235 —
605 3213 661 3244 25.
702 3213 872 3254 appellati.
896 3215 978 3242 sunt
1014 3220 1073 3245 eo.
1109 3212 1198 3251 quod
1225 3211 1299 3242 Vet.
1329 3210 1449 3249 Steph.
1479 3209 1548 3242 Gu.
1575 3211 1608 3241 1.
1636 3211 1668 3241 2.
1688 3233 1696 3246 ,
1733 3209 1789 3243 L:

46 3260 216 3301 appellati
242 3267 278 3289 eo
305 3259 394 3297 quod
432 3257 515 3296 (om.
546 3259 638 3298 sunt)
667 3258 731 3291 Gu.
760 3260 793 3290 3.
824 3259 871 3292 Β,
912 3257 1078 3297 appellati
1103 3257 1196 3297 quod
1220 3257 1247 3288 A
1274 3261 1356 3291 (om.
1382 3259 1462 3287 sunt
1488 3256 1540 3296 eo)
1576 3256 1614 3287 E.
1659 3274 1699 3279 —
1733 3258 1787 3288 26.

44 3309 93 3339 Ac
118 3307 169 3344 A,
196 3305 316 3337 Lainb.
345 3321 388 3326 —
414 3303 470 3336 30.
499 3309 603 3345 acque
627 3309 665 3336 ut
690 3305 731 3336 de
755 3306 825 3337 Ἧι.
856 3305 948 3335 Eins.
970 3304 1026 3335 ΗΓ.
1057 3303 1122 3335 Gu.
1145 3308 1234 3339 tres,
1257 3303 1305 3334 R:
1333 3306 1435 3342 atque
1461 3302 1500 3334 de
1524 3300 1606 3342 (orn.
1635 3304 1687 3341 ut)
1713 3312 1789 3335 cum

45 3353 204 3386 Manutlo
230 3352 269 3384 E.
300 3367 337 3374 —
366 3350 421 3382 31.
451 3351 640 3391 ambiyitur
665 3351 733 3383 vn.
754 3353 795 3389 A,
825 3351 901 3383 Vet.
931 3349 1067 3388 steph„
1095 3349 1293 3390 ambiqatur
1323 3349 1390 3381 Gu.
1411 3348 1443 3379 3.
1464 3365 1503 3371 -
1531 3349 1588 3382 33.
1615 3349 1695 3382 inde
1720 3358 1788 3382 om.

45 3400 88 3433 R.
115 3414 157 3424 —
183 3399 239 3432 35.
268 3406 393 3438 aspera
417 3397 486 3430 Ἧι.
514 3398 631 3435 Εἰη5.,
658 3397 700 3429 R.
727 3413 772 3420 —
795 3396 852 3429 39.
879 3396 978 3429 Duae
1002 3405 1054 3428 res
1079 3400 1159 3428 sunt
1185 3397 1275 3428 enim
1298 3411 1312 3417 -
1338 3413 1350 3418 -
1375 3399 1548 3429 tractatae
1572 3397 1615 3429 A.
