<?xml version="1.0" encoding="UTF-8"?>
<!DOCTYPE html PUBLIC "-//W3C//DTD XHTML 1.0 Transitional//EN"
    "http://www.w3.org/TR/xhtml1/DTD/xhtml1-transitional.dtd">
<html xmlns="http://www.w3.org/1999/xhtml" xml:lang="en" lang="en">
 <head>
  <title>
</title>
<meta http-equiv="Content-Type" content="text/html;charset=utf-8" />
  <meta name='ocr-system' content='tesseract 3.04.00' />
  <meta name='ocr-capabilities' content='ocr_page ocr_carea ocr_par ocr_line ocrx_word'/>
</head>
<body>
  <div class='ocr_page' id='page_1' title='image "./operaquaesupersu01ciceuoft/operaquaesupersu01ciceuoft_0106.png"; bbox 0 0 2117 3762; ppageno 0'>
   <div class='ocr_carea' id='block_1_1' title="bbox 264 259 1363 304">
    <p class='ocr_par' dir='ltr' id='par_1_1' title="bbox 264 259 1363 304">
     <span class='ocr_line' id='line_1_1' title="bbox 264 259 1363 304; baseline -0.004 0"><span class='ocrx_word' id='word_1_1' title='bbox 264 264 318 304; x_wconf 65' lang='lat'>94</span> <span class='ocrx_word' id='word_1_2' title='bbox 932 260 1000 299; x_wconf 90' lang='lat' dir='ltr'>DE</span> <span class='ocrx_word' id='word_1_3' title='bbox 1038 259 1363 300; x_wconf 76' lang='lat' dir='ltr'>INVENTIONE</span> 
     </span>
    </p>
   </div>
   <div class='ocr_carea' id='block_1_2' title="bbox 213 361 2037 2854">
    <p class='ocr_par' dir='ltr' id='par_1_2' title="bbox 236 361 2026 667">
     <span class='ocr_line' id='line_1_2' title="bbox 266 361 2026 410; baseline -0.002 -1"><span class='ocrx_word' id='word_1_4' title='bbox 266 373 327 409; x_wconf 90' lang='lat' dir='ltr'>est</span> <span class='ocrx_word' id='word_1_5' title='bbox 365 365 603 408; x_wconf 89' lang='lat' dir='ltr'>constitutio</span> <span class='ocrx_word' id='word_1_6' title='bbox 642 363 790 406; x_wconf 90' lang='lat' dir='ltr'>omnis.</span> <span class='ocrx_word' id='word_1_7' title='bbox 851 364 942 402; x_wconf 87' lang='lat' dir='ltr'>Non</span> <span class='ocrx_word' id='word_1_8' title='bbox 983 364 1090 402; x_wconf 91' lang='lat' dir='ltr'>enim</span> <span class='ocrx_word' id='word_1_9' title='bbox 1129 376 1249 404; x_wconf 87' lang='lat' dir='ltr'>causa</span> <span class='ocrx_word' id='word_1_10' title='bbox 1280 363 1332 404; x_wconf 87' lang='lat' dir='ltr'>ad</span> <span class='ocrx_word' id='word_1_11' title='bbox 1363 361 1725 410; x_wconf 90' lang='lat' dir='ltr'>constitutionem,</span> <span class='ocrx_word' id='word_1_12' title='bbox 1773 362 1845 404; x_wconf 88' lang='lat' dir='ltr'>sed</span> <span class='ocrx_word' id='word_1_13' title='bbox 1874 363 2026 405; x_wconf 90' lang='lat' dir='ltr'>eonsti-</span> 
     </span>
     <span class='ocr_line' id='line_1_3' title="bbox 263 422 2025 480; baseline -0.002 -9"><span class='ocrx_word' id='word_1_14' title='bbox 263 430 366 472; x_wconf 88' lang='lat' dir='ltr'>tutio</span> <span class='ocrx_word' id='word_1_15' title='bbox 397 429 447 470; x_wconf 92' lang='lat' dir='ltr'>ad</span> <span class='ocrx_word' id='word_1_16' title='bbox 478 441 642 469; x_wconf 87' lang='lat' dir='ltr'>causam</span> <span class='ocrx_word' id='word_1_17' title='bbox 673 422 1023 466; x_wconf 78' lang='lat' dir='ltr'>accommodatur.</span> <span class='ocrx_word' id='word_1_18' title='bbox 1085 425 1165 464; x_wconf 85' lang='lat' dir='ltr'>Sed</span> <span class='ocrx_word' id='word_1_19' title='bbox 1198 425 1492 467; x_wconf 76' lang='lat' dir='ltr'>demonstratio</span> <span class='ocrx_word' id='word_1_20' title='bbox 1523 430 1563 466; x_wconf 91' lang='lat' dir='ltr'>et</span> <span class='ocrx_word' id='word_1_21' title='bbox 1593 425 1838 465; x_wconf 70' lang='lat' dir='ltr'>deliberatio</span> <span class='ocrx_word' id='word_1_22' title='bbox 1862 428 2025 480; x_wconf 90' lang='lat' dir='ltr'>generis</span> 
     </span>
     <span class='ocr_line' id='line_1_4' title="bbox 265 488 2023 546; baseline -0.002 -13"><span class='ocrx_word' id='word_1_23' title='bbox 265 505 412 533; x_wconf 86' lang='lat' dir='ltr'>causac</span> <span class='ocrx_word' id='word_1_24' title='bbox 442 497 579 546; x_wconf 85' lang='lat' dir='ltr'>partes</span> <span class='ocrx_word' id='word_1_25' title='bbox 611 502 693 529; x_wconf 92' lang='lat' dir='ltr'>non</span> <span class='ocrx_word' id='word_1_26' title='bbox 724 491 894 541; x_wconf 85' lang='lat' dir='ltr'>possunt</span> <span class='ocrx_word' id='word_1_27' title='bbox 923 491 1035 526; x_wconf 86' lang='lat' dir='ltr'>recte</span> <span class='ocrx_word' id='word_1_28' title='bbox 1069 488 1227 540; x_wconf 87' lang='lat' dir='ltr'>putari,</span> <span class='ocrx_word' id='word_1_29' title='bbox 1271 490 1382 542; x_wconf 91' lang='lat' dir='ltr'>quod</span> <span class='ocrx_word' id='word_1_30' title='bbox 1422 490 1507 542; x_wconf 87' lang='lat' dir='ltr'>ipsa</span> <span class='ocrx_word' id='word_1_31' title='bbox 1550 493 1644 528; x_wconf 92' lang='lat' dir='ltr'>sunt</span> <span class='ocrx_word' id='word_1_32' title='bbox 1674 500 1850 540; x_wconf 84' lang='lat' dir='ltr'>genera3</span> <span class='ocrx_word' id='word_1_33' title='bbox 1894 490 2023 529; x_wconf 90' lang='lat' dir='ltr'>multo</span> 
     </span>
     <span class='ocr_line' id='line_1_5' title="bbox 264 547 2025 609; baseline -0.002 -14"><span class='ocrx_word' id='word_1_34' title='bbox 264 556 390 609; x_wconf 90' lang='lat' dir='ltr'>igitur</span> <span class='ocrx_word' id='word_1_35' title='bbox 421 555 555 594; x_wconf 90' lang='lat' dir='ltr'>minus</span> <span class='ocrx_word' id='word_1_36' title='bbox 586 556 695 591; x_wconf 84' lang='lat' dir='ltr'>recte</span> <span class='ocrx_word' id='word_1_37' title='bbox 717 547 843 603; x_wconf 88' lang='lat' dir='ltr'>partis</span> <span class='ocrx_word' id='word_1_38' title='bbox 864 549 973 595; x_wconf 87' lang='lat' dir='ltr'>eius,</span> <span class='ocrx_word' id='word_1_39' title='bbox 1006 549 1117 602; x_wconf 88' lang='lat' dir='ltr'>quod</span> <span class='ocrx_word' id='word_1_40' title='bbox 1140 548 1203 588; x_wconf 86' lang='lat' dir='ltr'>hic</span> <span class='ocrx_word' id='word_1_41' title='bbox 1225 549 1346 598; x_wconf 87' lang='lat' dir='ltr'>dicit,</span> <span class='ocrx_word' id='word_1_42' title='bbox 1380 557 1517 605; x_wconf 87' lang='lat' dir='ltr'>partes</span> <span class='ocrx_word' id='word_1_43' title='bbox 1539 551 1806 604; x_wconf 87' lang='lat' dir='ltr'>putabuntur.</span> <span class='ocrx_word' id='word_1_44' title='bbox 1866 552 2025 591; x_wconf 80' lang='lat' dir='ltr'><strong>Deinde</strong></span> 
     </span>
     <span class='ocr_line' id='line_1_6' title="bbox 236 609 2026 667; baseline -0.003 -9"><span class='ocrx_word' id='word_1_45' title='bbox 236 617 299 657; x_wconf 85' lang='lat' dir='ltr'>⁵si</span> <span class='ocrx_word' id='word_1_46' title='bbox 321 614 558 658; x_wconf 87' lang='lat' dir='ltr'>constitutio</span> <span class='ocrx_word' id='word_1_47' title='bbox 592 618 631 652; x_wconf 90' lang='lat' dir='ltr'>et</span> <span class='ocrx_word' id='word_1_48' title='bbox 661 612 749 665; x_wconf 85' lang='lat' dir='ltr'>ipsa</span> <span class='ocrx_word' id='word_1_49' title='bbox 780 615 820 650; x_wconf 92' lang='lat' dir='ltr'>et</span> <span class='ocrx_word' id='word_1_50' title='bbox 849 623 942 664; x_wconf 80' lang='lat' dir='ltr'>pars</span> <span class='ocrx_word' id='word_1_51' title='bbox 973 609 1061 650; x_wconf 89' lang='lat' dir='ltr'>eius</span> <span class='ocrx_word' id='word_1_52' title='bbox 1094 610 1303 663; x_wconf 87' lang='lat' dir='ltr'>quaelibet</span> <span class='ocrx_word' id='word_1_53' title='bbox 1332 612 1571 654; x_wconf 88' lang='lat' dir='ltr'>intentionis</span> <span class='ocrx_word' id='word_1_54' title='bbox 1593 612 1780 667; x_wconf 83' lang='lat' dir='ltr'>depulsio</span> <span class='ocrx_word' id='word_1_55' title='bbox 1805 618 1889 658; x_wconf 89' lang='lat' dir='ltr'>est,</span> <span class='ocrx_word' id='word_1_56' title='bbox 1921 626 2026 666; x_wconf 85' lang='lat' dir='ltr'>quae</span> 
     </span>
    </p>

    <p class='ocr_par' dir='ltr' id='par_1_3' title="bbox 264 673 2030 921">
     <span class='ocr_line' id='line_1_7' title="bbox 266 673 2027 729; baseline -0.003 -10"><span class='ocrx_word' id='word_1_57' title='bbox 266 676 503 719; x_wconf 85' lang='lat' dir='ltr'>intentionis</span> <span class='ocrx_word' id='word_1_58' title='bbox 543 673 732 728; x_wconf 82' lang='lat' dir='ltr'>depulsio</span> <span class='ocrx_word' id='word_1_59' title='bbox 775 686 857 712; x_wconf 90' lang='lat' dir='ltr'>non</span> <span class='ocrx_word' id='word_1_60' title='bbox 898 678 986 720; x_wconf 90' lang='lat' dir='ltr'>est,</span> <span class='ocrx_word' id='word_1_61' title='bbox 1035 686 1081 712; x_wconf 89' lang='lat' dir='ltr'>ea</span> <span class='ocrx_word' id='word_1_62' title='bbox 1122 686 1197 712; x_wconf 91' lang='lat' dir='ltr'>nec</span> <span class='ocrx_word' id='word_1_63' title='bbox 1227 675 1463 715; x_wconf 89' lang='lat' dir='ltr'>constitutio</span> <span class='ocrx_word' id='word_1_64' title='bbox 1495 689 1569 716; x_wconf 92' lang='lat' dir='ltr'>nec</span> <span class='ocrx_word' id='word_1_65' title='bbox 1602 689 1694 729; x_wconf 88' lang='lat' dir='ltr'>pars</span> <span class='ocrx_word' id='word_1_66' title='bbox 1726 674 2027 716; x_wconf 76' lang='lat' dir='ltr'>constitutionis</span> 
     </span>
     <span class='ocr_line' id='line_1_8' title="bbox 265 734 2029 789; baseline -0.003 -7"><span class='ocrx_word' id='word_1_67' title='bbox 265 747 339 782; x_wconf 87' lang='lat' dir='ltr'>est.</span> <span class='ocrx_word' id='word_1_68' title='bbox 400 742 451 780; x_wconf 86' lang='lat' dir='ltr'>At</span> <span class='ocrx_word' id='word_1_69' title='bbox 481 740 544 785; x_wconf 88' lang='lat' dir='ltr'>si,</span> <span class='ocrx_word' id='word_1_70' title='bbox 589 749 694 789; x_wconf 87' lang='lat' dir='ltr'>quae</span> <span class='ocrx_word' id='word_1_71' title='bbox 725 735 961 775; x_wconf 83' lang='lat' dir='ltr'>intentionis</span> <span class='ocrx_word' id='word_1_72' title='bbox 1002 734 1190 789; x_wconf 84' lang='lat' dir='ltr'>depulsio</span> <span class='ocrx_word' id='word_1_73' title='bbox 1232 749 1315 776; x_wconf 89' lang='lat' dir='ltr'>non</span> <span class='ocrx_word' id='word_1_74' title='bbox 1353 742 1441 785; x_wconf 89' lang='lat' dir='ltr'>est,</span> <span class='ocrx_word' id='word_1_75' title='bbox 1490 752 1538 778; x_wconf 83' lang='lat' dir='ltr'>ea</span> <span class='ocrx_word' id='word_1_76' title='bbox 1576 753 1651 778; x_wconf 86' lang='lat' dir='ltr'>nec</span> <span class='ocrx_word' id='word_1_77' title='bbox 1683 736 1922 778; x_wconf 90' lang='lat' dir='ltr'>constitutio</span> <span class='ocrx_word' id='word_1_78' title='bbox 1952 749 2029 776; x_wconf 90' lang='lat' dir='ltr'>nec</span> 
     </span>
     <span class='ocr_line' id='line_1_9' title="bbox 265 796 2030 859; baseline -0.003 -15"><span class='ocrx_word' id='word_1_79' title='bbox 265 818 358 859; x_wconf 87' lang='lat' dir='ltr'>pars</span> <span class='ocrx_word' id='word_1_80' title='bbox 389 797 690 842; x_wconf 78' lang='lat' dir='ltr'>constitutionis</span> <span class='ocrx_word' id='word_1_81' title='bbox 721 803 806 845; x_wconf 90' lang='lat' dir='ltr'>est,</span> <span class='ocrx_word' id='word_1_82' title='bbox 840 797 1139 838; x_wconf 79' lang='lat' dir='ltr'>demonstratio</span> <span class='ocrx_word' id='word_1_83' title='bbox 1172 804 1210 838; x_wconf 92' lang='lat' dir='ltr'>ct</span> <span class='ocrx_word' id='word_1_84' title='bbox 1241 796 1484 840; x_wconf 81' lang='lat' dir='ltr'>deliberatio</span> <span class='ocrx_word' id='word_1_85' title='bbox 1518 813 1653 855; x_wconf 89' lang='lat' dir='ltr'>neque</span> <span class='ocrx_word' id='word_1_86' title='bbox 1683 798 1922 841; x_wconf 89' lang='lat' dir='ltr'>constitutio</span> <span class='ocrx_word' id='word_1_87' title='bbox 1953 811 2030 839; x_wconf 90' lang='lat' dir='ltr'>nec</span> 
     </span>
     <span class='ocr_line' id='line_1_10' title="bbox 264 859 2029 921; baseline -0.003 -14"><span class='ocrx_word' id='word_1_88' title='bbox 264 880 359 921; x_wconf 85' lang='lat' dir='ltr'>pars</span> <span class='ocrx_word' id='word_1_89' title='bbox 391 860 689 905; x_wconf 84' lang='lat' dir='ltr'>constitutionis</span> <span class='ocrx_word' id='word_1_90' title='bbox 718 865 792 902; x_wconf 91' lang='lat' dir='ltr'>est.</span> <span class='ocrx_word' id='word_1_91' title='bbox 856 859 899 900; x_wconf 87' lang='lat' dir='ltr'>Si</span> <span class='ocrx_word' id='word_1_92' title='bbox 919 860 1046 912; x_wconf 84' lang='lat' dir='ltr'>igitur</span> <span class='ocrx_word' id='word_1_93' title='bbox 1070 860 1311 901; x_wconf 86' lang='lat' dir='ltr'>constitutio</span> <span class='ocrx_word' id='word_1_94' title='bbox 1334 867 1374 901; x_wconf 91' lang='lat' dir='ltr'>et</span> <span class='ocrx_word' id='word_1_95' title='bbox 1393 861 1479 915; x_wconf 86' lang='lat' dir='ltr'>ipsa</span> <span class='ocrx_word' id='word_1_96' title='bbox 1502 868 1542 903; x_wconf 87' lang='lat' dir='ltr'>et</span> <span class='ocrx_word' id='word_1_97' title='bbox 1563 877 1658 916; x_wconf 90' lang='lat' dir='ltr'>pars</span> <span class='ocrx_word' id='word_1_98' title='bbox 1680 862 1768 904; x_wconf 90' lang='lat' dir='ltr'>eius</span> <span class='ocrx_word' id='word_1_99' title='bbox 1790 861 2029 902; x_wconf 90' lang='lat' dir='ltr'>intentionis</span> 
     </span>
    </p>

    <p class='ocr_par' dir='ltr' id='par_1_4' title="bbox 214 922 2032 1230">
     <span class='ocr_line' id='line_1_11' title="bbox 214 922 2029 982; baseline -0.003 -13"><span class='ocrx_word' id='word_1_100' title='bbox 214 939 250 963; x_wconf 74' lang='lat'>1⁰</span> <span class='ocrx_word' id='word_1_101' title='bbox 267 926 451 982; x_wconf 87' lang='lat' dir='ltr'>depulsio</span> <span class='ocrx_word' id='word_1_102' title='bbox 483 931 571 973; x_wconf 89' lang='lat' dir='ltr'>est,</span> <span class='ocrx_word' id='word_1_103' title='bbox 624 922 868 964; x_wconf 87' lang='lat' dir='ltr'>deliberatio</span> <span class='ocrx_word' id='word_1_104' title='bbox 913 928 953 964; x_wconf 90' lang='lat' dir='ltr'>et</span> <span class='ocrx_word' id='word_1_105' title='bbox 991 923 1289 964; x_wconf 82' lang='lat' dir='ltr'>demonstratio</span> <span class='ocrx_word' id='word_1_106' title='bbox 1328 937 1462 977; x_wconf 89' lang='lat' dir='ltr'>neque</span> <span class='ocrx_word' id='word_1_107' title='bbox 1495 925 1733 966; x_wconf 90' lang='lat' dir='ltr'>constitutio</span> <span class='ocrx_word' id='word_1_108' title='bbox 1763 938 1902 979; x_wconf 89' lang='lat' dir='ltr'>neque</span> <span class='ocrx_word' id='word_1_109' title='bbox 1934 937 2029 979; x_wconf 85' lang='lat' dir='ltr'>pars</span> 
     </span>
     <span class='ocr_line' id='line_1_12' title="bbox 265 985 2029 1041; baseline -0.002 -11"><span class='ocrx_word' id='word_1_110' title='bbox 265 986 565 1031; x_wconf 86' lang='lat' dir='ltr'>constitutionis</span> <span class='ocrx_word' id='word_1_111' title='bbox 609 991 684 1026; x_wconf 90' lang='lat' dir='ltr'>est.</span> <span class='ocrx_word' id='word_1_112' title='bbox 760 985 897 1026; x_wconf 84' lang='lat' dir='ltr'>Placet</span> <span class='ocrx_word' id='word_1_113' title='bbox 951 990 1088 1026; x_wconf 86' lang='lat' dir='ltr'>autem</span> <span class='ocrx_word' id='word_1_114' title='bbox 1140 985 1217 1041; x_wconf 91' lang='lat' dir='ltr'>ipsi</span> <span class='ocrx_word' id='word_1_115' title='bbox 1275 986 1614 1028; x_wconf 86' lang='lat' dir='ltr'>constitutionem</span> <span class='ocrx_word' id='word_1_116' title='bbox 1656 987 1894 1028; x_wconf 90' lang='lat' dir='ltr'>intentionis</span> <span class='ocrx_word' id='word_1_117' title='bbox 1939 999 2029 1027; x_wconf 88' lang='lat' dir='ltr'>esse</span> 
     </span>
     <span class='ocr_line' id='line_1_13' title="bbox 264 1047 2030 1106; baseline -0.002 -13"><span class='ocrx_word' id='word_1_118' title='bbox 264 1050 573 1106; x_wconf 81' lang='lat' dir='ltr'>depulsionem3</span> <span class='ocrx_word' id='word_1_119' title='bbox 621 1048 778 1102; x_wconf 89' lang='lat' dir='ltr'>placeat</span> <span class='ocrx_word' id='word_1_120' title='bbox 819 1047 944 1101; x_wconf 87' lang='lat' dir='ltr'>igitur</span> <span class='ocrx_word' id='word_1_121' title='bbox 983 1053 1149 1101; x_wconf 90' lang='lat' dir='ltr'>oportet</span> <span class='ocrx_word' id='word_1_122' title='bbox 1188 1048 1587 1090; x_wconf 85' lang='lat' dir='ltr'>demonstrationem</span> <span class='ocrx_word' id='word_1_123' title='bbox 1617 1054 1656 1090; x_wconf 91' lang='lat' dir='ltr'>et</span> <span class='ocrx_word' id='word_1_124' title='bbox 1687 1048 2030 1090; x_wconf 88' lang='lat' dir='ltr'>deliberationem</span> 
     </span>
     <span class='ocr_line' id='line_1_14' title="bbox 263 1110 2029 1165; baseline -0.002 -11"><span class='ocrx_word' id='word_1_125' title='bbox 263 1128 345 1155; x_wconf 92' lang='lat' dir='ltr'>non</span> <span class='ocrx_word' id='word_1_126' title='bbox 388 1126 477 1153; x_wconf 89' lang='lat' dir='ltr'>esse</span> <span class='ocrx_word' id='word_1_127' title='bbox 523 1110 858 1152; x_wconf 89' lang='lat' dir='ltr'>constitutionem</span> <span class='ocrx_word' id='word_1_128' title='bbox 898 1123 974 1150; x_wconf 89' lang='lat' dir='ltr'>nec</span> <span class='ocrx_word' id='word_1_129' title='bbox 1013 1118 1172 1165; x_wconf 85' lang='lat' dir='ltr'>partem</span> <span class='ocrx_word' id='word_1_130' title='bbox 1212 1110 1529 1152; x_wconf 87' lang='lat' dir='ltr'>constitutionis.</span> <span class='ocrx_word' id='word_1_131' title='bbox 1607 1114 1739 1165; x_wconf 87' lang='lat' dir='ltr'>Atque</span> <span class='ocrx_word' id='word_1_132' title='bbox 1770 1114 1851 1152; x_wconf 88' lang='lat' dir='ltr'>hoc</span> <span class='ocrx_word' id='word_1_133' title='bbox 1883 1110 2029 1152; x_wconf 91' lang='lat' dir='ltr'>eodem</span> 
     </span>
     <span class='ocr_line' id='line_1_15' title="bbox 262 1172 2032 1230; baseline -0.001 -14"><span class='ocrx_word' id='word_1_134' title='bbox 262 1174 503 1230; x_wconf 83' lang='lat' dir='ltr'>urgebitur,</span> <span class='ocrx_word' id='word_1_135' title='bbox 537 1173 623 1214; x_wconf 79' lang='lat' dir='ltr'>sive</span> <span class='ocrx_word' id='word_1_136' title='bbox 654 1172 989 1213; x_wconf 87' lang='lat' dir='ltr'>constitutionem</span> <span class='ocrx_word' id='word_1_137' title='bbox 1019 1172 1196 1227; x_wconf 87' lang='lat' dir='ltr'>primam</span> <span class='ocrx_word' id='word_1_138' title='bbox 1226 1187 1374 1213; x_wconf 88' lang='lat' dir='ltr'>causae</span> <span class='ocrx_word' id='word_1_139' title='bbox 1405 1175 1653 1214; x_wconf 88' lang='lat' dir='ltr'>accusatoris</span> <span class='ocrx_word' id='word_1_140' title='bbox 1675 1172 2032 1214; x_wconf 86' lang='lat' dir='ltr'>confirmationem</span> 
     </span>
    </p>

    <p class='ocr_par' dir='ltr' id='par_1_5' title="bbox 213 1234 2032 1352">
     <span class='ocr_line' id='line_1_16' title="bbox 213 1234 2032 1289; baseline -0.002 -10"><span class='ocrx_word' id='word_1_141' title='bbox 213 1249 248 1274; x_wconf 84' lang='lat'>15</span> <span class='ocrx_word' id='word_1_142' title='bbox 265 1237 419 1279; x_wconf 83' lang='lat' dir='ltr'>dixerit</span> <span class='ocrx_word' id='word_1_143' title='bbox 449 1236 536 1278; x_wconf 88' lang='lat' dir='ltr'>sive</span> <span class='ocrx_word' id='word_1_144' title='bbox 569 1234 802 1277; x_wconf 87' lang='lat' dir='ltr'>defensoris</span> <span class='ocrx_word' id='word_1_145' title='bbox 832 1234 1008 1289; x_wconf 87' lang='lat' dir='ltr'>primam</span> <span class='ocrx_word' id='word_1_146' title='bbox 1040 1235 1406 1288; x_wconf 71' lang='lat' dir='ltr'>deprecationeni3</span> <span class='ocrx_word' id='word_1_147' title='bbox 1459 1249 1552 1276; x_wconf 87' lang='lat' dir='ltr'>nam</span> <span class='ocrx_word' id='word_1_148' title='bbox 1585 1249 1681 1277; x_wconf 91' lang='lat' dir='ltr'>eum</span> <span class='ocrx_word' id='word_1_149' title='bbox 1714 1235 1862 1277; x_wconf 87' lang='lat' dir='ltr'>eadem</span> <span class='ocrx_word' id='word_1_150' title='bbox 1893 1238 2032 1277; x_wconf 86' lang='lat' dir='ltr'>omnia</span> 
     </span>
     <span class='ocr_line' id='line_1_17' title="bbox 264 1300 799 1352; baseline -0.007 -11"><span class='ocrx_word' id='word_1_151' title='bbox 264 1300 527 1341; x_wconf 88' lang='lat' dir='ltr'>incommoda</span> <span class='ocrx_word' id='word_1_152' title='bbox 559 1303 799 1352; x_wconf 85' lang='lat' dir='ltr'>sequentur.</span> 
     </span>
    </p>

    <p class='ocr_par' dir='ltr' id='par_1_6' title="bbox 264 1359 2033 1542">
     <span class='ocr_line' id='line_1_18' title="bbox 378 1359 2032 1416; baseline -0.001 -13"><span class='ocrx_word' id='word_1_153' title='bbox 378 1364 442 1414; x_wconf 69' lang='grc'>14.</span> <span class='ocrx_word' id='word_1_154' title='bbox 493 1360 652 1402; x_wconf 90' lang='lat' dir='ltr'>Deinde</span> <span class='ocrx_word' id='word_1_155' title='bbox 696 1359 985 1401; x_wconf 88' lang='lat' dir='ltr'>coniecturalis</span> <span class='ocrx_word' id='word_1_156' title='bbox 1027 1373 1148 1401; x_wconf 86' lang='lat' dir='ltr'>causa</span> <span class='ocrx_word' id='word_1_157' title='bbox 1188 1374 1270 1401; x_wconf 91' lang='lat' dir='ltr'>non</span> <span class='ocrx_word' id='word_1_158' title='bbox 1312 1364 1447 1414; x_wconf 88' lang='lat' dir='ltr'>potest</span> <span class='ocrx_word' id='word_1_159' title='bbox 1477 1359 1600 1401; x_wconf 89' lang='lat' dir='ltr'>simul</span> <span class='ocrx_word' id='word_1_160' title='bbox 1633 1373 1685 1401; x_wconf 79' lang='lat' dir='ltr'>ex</span> <span class='ocrx_word' id='word_1_161' title='bbox 1726 1359 1871 1401; x_wconf 88' lang='lat' dir='ltr'>eadem</span> <span class='ocrx_word' id='word_1_162' title='bbox 1916 1365 2032 1416; x_wconf 90' lang='lat' dir='ltr'>parte</span> 
     </span>
     <span class='ocr_line' id='line_1_19' title="bbox 264 1421 2033 1478; baseline -0.002 -11"><span class='ocrx_word' id='word_1_163' title='bbox 264 1428 412 1468; x_wconf 88' lang='lat' dir='ltr'>eodem</span> <span class='ocrx_word' id='word_1_164' title='bbox 443 1424 484 1465; x_wconf 94' lang='lat' dir='ltr'>in</span> <span class='ocrx_word' id='word_1_165' title='bbox 514 1436 666 1478; x_wconf 81' lang='lat' dir='ltr'>genere</span> <span class='ocrx_word' id='word_1_166' title='bbox 699 1429 738 1463; x_wconf 91' lang='lat' dir='ltr'>et</span> <span class='ocrx_word' id='word_1_167' title='bbox 768 1422 1059 1464; x_wconf 91' lang='lat' dir='ltr'>coniecturalis</span> <span class='ocrx_word' id='word_1_168' title='bbox 1091 1436 1179 1463; x_wconf 88' lang='lat' dir='ltr'>esse</span> <span class='ocrx_word' id='word_1_169' title='bbox 1203 1429 1242 1463; x_wconf 90' lang='lat' dir='ltr'>et</span> <span class='ocrx_word' id='word_1_170' title='bbox 1263 1421 1486 1463; x_wconf 73' lang='lat' dir='ltr'>definitiva.</span> <span class='ocrx_word' id='word_1_171' title='bbox 1549 1426 1706 1464; x_wconf 87' lang='lat' dir='ltr'>Rursus</span> <span class='ocrx_word' id='word_1_172' title='bbox 1728 1436 1804 1463; x_wconf 93' lang='lat' dir='ltr'>nec</span> <span class='ocrx_word' id='word_1_173' title='bbox 1826 1421 2033 1464; x_wconf 86' lang='lat' dir='ltr'>definitiva</span> 
     </span>
     <span class='ocr_line' id='line_1_20' title="bbox 264 1485 2033 1542; baseline -0.002 -12"><span class='ocrx_word' id='word_1_174' title='bbox 264 1502 386 1530; x_wconf 87' lang='lat' dir='ltr'>causa</span> <span class='ocrx_word' id='word_1_175' title='bbox 416 1493 551 1542; x_wconf 90' lang='lat' dir='ltr'>potest</span> <span class='ocrx_word' id='word_1_176' title='bbox 580 1485 702 1527; x_wconf 90' lang='lat' dir='ltr'>simul</span> <span class='ocrx_word' id='word_1_177' title='bbox 732 1499 785 1526; x_wconf 79' lang='lat' dir='ltr'>ex</span> <span class='ocrx_word' id='word_1_178' title='bbox 830 1488 973 1526; x_wconf 87' lang='lat' dir='ltr'>eadem</span> <span class='ocrx_word' id='word_1_179' title='bbox 1014 1492 1132 1538; x_wconf 91' lang='lat' dir='ltr'>parte</span> <span class='ocrx_word' id='word_1_180' title='bbox 1178 1487 1327 1526; x_wconf 89' lang='lat' dir='ltr'>eodem</span> <span class='ocrx_word' id='word_1_181' title='bbox 1366 1485 1408 1526; x_wconf 91' lang='lat' dir='ltr'>in</span> <span class='ocrx_word' id='word_1_182' title='bbox 1449 1499 1599 1539; x_wconf 81' lang='lat' dir='ltr'>genere</span> <span class='ocrx_word' id='word_1_183' title='bbox 1631 1491 1671 1526; x_wconf 88' lang='lat' dir='ltr'>et</span> <span class='ocrx_word' id='word_1_184' title='bbox 1701 1485 1911 1527; x_wconf 87' lang='lat' dir='ltr'>definitiva</span> <span class='ocrx_word' id='word_1_185' title='bbox 1942 1499 2033 1527; x_wconf 90' lang='lat' dir='ltr'>esse</span> 
     </span>
    </p>

    <p class='ocr_par' dir='ltr' id='par_1_7' title="bbox 215 1547 2036 1852">
     <span class='ocr_line' id='line_1_21' title="bbox 215 1547 2034 1602; baseline -0.001 -11"><span class='ocrx_word' id='word_1_186' title='bbox 215 1569 251 1595; x_wconf 84' lang='lat'>20</span> <span class='ocrx_word' id='word_1_187' title='bbox 265 1557 306 1592; x_wconf 93' lang='lat' dir='ltr'>et</span> <span class='ocrx_word' id='word_1_188' title='bbox 335 1548 586 1591; x_wconf 74' lang='lat' dir='ltr'>translativa.</span> <span class='ocrx_word' id='word_1_189' title='bbox 648 1550 699 1588; x_wconf 86' lang='lat' dir='ltr'>Et</span> <span class='ocrx_word' id='word_1_190' title='bbox 729 1547 898 1588; x_wconf 90' lang='lat' dir='ltr'>omnino</span> <span class='ocrx_word' id='word_1_191' title='bbox 930 1547 1039 1588; x_wconf 91' lang='lat' dir='ltr'>nulla</span> <span class='ocrx_word' id='word_1_192' title='bbox 1070 1547 1308 1588; x_wconf 89' lang='lat' dir='ltr'>constitutio</span> <span class='ocrx_word' id='word_1_193' title='bbox 1339 1561 1415 1587; x_wconf 91' lang='lat' dir='ltr'>nec</span> <span class='ocrx_word' id='word_1_194' title='bbox 1444 1561 1539 1602; x_wconf 89' lang='lat' dir='ltr'>pars</span> <span class='ocrx_word' id='word_1_195' title='bbox 1572 1547 1876 1589; x_wconf 89' lang='lat' dir='ltr'>constitutionis</span> <span class='ocrx_word' id='word_1_196' title='bbox 1897 1553 2034 1602; x_wconf 88' lang='lat' dir='ltr'>potest</span> 
     </span>
     <span class='ocr_line' id='line_1_22' title="bbox 267 1609 2034 1665; baseline -0.002 -10"><span class='ocrx_word' id='word_1_197' title='bbox 267 1613 389 1655; x_wconf 88' lang='lat' dir='ltr'>simul</span> <span class='ocrx_word' id='word_1_198' title='bbox 429 1618 467 1652; x_wconf 91' lang='lat' dir='ltr'>et</span> <span class='ocrx_word' id='word_1_199' title='bbox 507 1625 623 1652; x_wconf 91' lang='lat' dir='ltr'>suam</span> <span class='ocrx_word' id='word_1_200' title='bbox 665 1610 815 1651; x_wconf 91' lang='lat' dir='ltr'>habere</span> <span class='ocrx_word' id='word_1_201' title='bbox 858 1616 897 1650; x_wconf 89' lang='lat' dir='ltr'>et</span> <span class='ocrx_word' id='word_1_202' title='bbox 926 1609 1096 1650; x_wconf 88' lang='lat' dir='ltr'>alterius</span> <span class='ocrx_word' id='word_1_203' title='bbox 1126 1609 1169 1650; x_wconf 91' lang='lat' dir='ltr'>in</span> <span class='ocrx_word' id='word_1_204' title='bbox 1200 1623 1243 1650; x_wconf 92' lang='lat' dir='ltr'>se</span> <span class='ocrx_word' id='word_1_205' title='bbox 1274 1609 1358 1649; x_wconf 87' lang='lat' dir='ltr'>vim</span> <span class='ocrx_word' id='word_1_206' title='bbox 1390 1610 1632 1659; x_wconf 88' lang='lat' dir='ltr'>continere;</span> <span class='ocrx_word' id='word_1_207' title='bbox 1681 1609 1778 1651; x_wconf 90' lang='lat' dir='ltr'>ideo</span> <span class='ocrx_word' id='word_1_208' title='bbox 1809 1610 1923 1665; x_wconf 92' lang='lat' dir='ltr'>quod</span> <span class='ocrx_word' id='word_1_209' title='bbox 1952 1624 2034 1651; x_wconf 87' lang='lat' dir='ltr'>una</span> 
     </span>
     <span class='ocr_line' id='line_1_23' title="bbox 268 1671 2032 1730; baseline -0.002 -13"><span class='ocrx_word' id='word_1_210' title='bbox 268 1688 458 1730; x_wconf 86' lang='lat' dir='ltr'>quaeque</span> <span class='ocrx_word' id='word_1_211' title='bbox 490 1688 545 1715; x_wconf 80' lang='lat' dir='ltr'>ex</span> <span class='ocrx_word' id='word_1_212' title='bbox 573 1687 618 1714; x_wconf 89' lang='lat' dir='ltr'>se</span> <span class='ocrx_word' id='word_1_213' title='bbox 649 1678 688 1713; x_wconf 92' lang='lat' dir='ltr'>et</span> <span class='ocrx_word' id='word_1_214' title='bbox 710 1686 760 1712; x_wconf 87' lang='lat' dir='ltr'>ex</span> <span class='ocrx_word' id='word_1_215' title='bbox 785 1686 857 1713; x_wconf 88' lang='lat' dir='ltr'>sua</span> <span class='ocrx_word' id='word_1_216' title='bbox 878 1678 1025 1712; x_wconf 89' lang='lat' dir='ltr'>natura</span> <span class='ocrx_word' id='word_1_217' title='bbox 1046 1671 1286 1726; x_wconf 86' lang='lat' dir='ltr'>simpliciter</span> <span class='ocrx_word' id='word_1_218' title='bbox 1307 1672 1615 1721; x_wconf 86' lang='lat' dir='ltr'>consideratur;</span> <span class='ocrx_word' id='word_1_219' title='bbox 1651 1672 1779 1713; x_wconf 90' lang='lat' dir='ltr'>altera</span> <span class='ocrx_word' id='word_1_220' title='bbox 1808 1678 2032 1728; x_wconf 85' lang='lat' dir='ltr'>assumpta,</span> 
     </span>
     <span class='ocr_line' id='line_1_24' title="bbox 267 1734 2036 1789; baseline -0.002 -10"><span class='ocrx_word' id='word_1_221' title='bbox 267 1751 464 1780; x_wconf 89' lang='lat' dir='ltr'>numerus</span> <span class='ocrx_word' id='word_1_222' title='bbox 496 1736 836 1777; x_wconf 87' lang='lat' dir='ltr'>constitutionum</span> <span class='ocrx_word' id='word_1_223' title='bbox 868 1734 1128 1789; x_wconf 85' lang='lat' dir='ltr'>duplicatur,</span> <span class='ocrx_word' id='word_1_224' title='bbox 1176 1748 1260 1775; x_wconf 88' lang='lat' dir='ltr'>uon</span> <span class='ocrx_word' id='word_1_225' title='bbox 1299 1734 1362 1775; x_wconf 85' lang='lat' dir='ltr'>vis</span> <span class='ocrx_word' id='word_1_226' title='bbox 1396 1734 1701 1776; x_wconf 87' lang='lat' dir='ltr'>constitutionis</span> <span class='ocrx_word' id='word_1_227' title='bbox 1732 1742 1923 1789; x_wconf 88' lang='lat' dir='ltr'>augetur.</span> <span class='ocrx_word' id='word_1_228' title='bbox 1983 1737 2036 1776; x_wconf 86' lang='lat' dir='ltr'>At</span> 
     </span>
     <span class='ocr_line' id='line_1_25' title="bbox 269 1796 2035 1852; baseline -0.002 -11"><span class='ocrx_word' id='word_1_229' title='bbox 269 1799 537 1842; x_wconf 72' lang='lat' dir='ltr'>deliberativa</span> <span class='ocrx_word' id='word_1_230' title='bbox 568 1812 688 1839; x_wconf 89' lang='lat' dir='ltr'>causa</span> <span class='ocrx_word' id='word_1_231' title='bbox 720 1797 841 1838; x_wconf 91' lang='lat' dir='ltr'>simul</span> <span class='ocrx_word' id='word_1_232' title='bbox 872 1811 924 1838; x_wconf 82' lang='lat' dir='ltr'>ex</span> <span class='ocrx_word' id='word_1_233' title='bbox 955 1800 1101 1838; x_wconf 86' lang='lat' dir='ltr'>eadem</span> <span class='ocrx_word' id='word_1_234' title='bbox 1148 1803 1264 1852; x_wconf 89' lang='lat' dir='ltr'>parte</span> <span class='ocrx_word' id='word_1_235' title='bbox 1308 1796 1454 1838; x_wconf 86' lang='lat' dir='ltr'>eodem</span> <span class='ocrx_word' id='word_1_236' title='bbox 1498 1798 1539 1838; x_wconf 91' lang='lat' dir='ltr'>in</span> <span class='ocrx_word' id='word_1_237' title='bbox 1571 1812 1725 1851; x_wconf 83' lang='lat' dir='ltr'>genere</span> <span class='ocrx_word' id='word_1_238' title='bbox 1756 1805 1797 1838; x_wconf 89' lang='lat' dir='ltr'>et</span> <span class='ocrx_word' id='word_1_239' title='bbox 1827 1799 2035 1840; x_wconf 88' lang='lat' dir='ltr'>coniectu-</span> 
     </span>
    </p>

    <p class='ocr_par' dir='ltr' id='par_1_8' title="bbox 218 1859 2037 2477">
     <span class='ocr_line' id='line_1_26' title="bbox 218 1859 2036 1916; baseline -0.003 -10"><span class='ocrx_word' id='word_1_240' title='bbox 218 1863 395 1907; x_wconf 72' lang='lat' dir='ltr'>251¹{llem</span> <span class='ocrx_word' id='word_1_241' title='bbox 436 1867 475 1903; x_wconf 89' lang='lat' dir='ltr'>et</span> <span class='ocrx_word' id='word_1_242' title='bbox 511 1860 746 1916; x_wconf 85' lang='lat' dir='ltr'>generalem</span> <span class='ocrx_word' id='word_1_243' title='bbox 784 1865 824 1901; x_wconf 90' lang='lat' dir='ltr'>et</span> <span class='ocrx_word' id='word_1_244' title='bbox 854 1859 1104 1901; x_wconf 85' lang='lat' dir='ltr'>definitivam</span> <span class='ocrx_word' id='word_1_245' title='bbox 1137 1866 1176 1900; x_wconf 90' lang='lat' dir='ltr'>et</span> <span class='ocrx_word' id='word_1_246' title='bbox 1207 1860 1484 1900; x_wconf 80' lang='lat' dir='ltr'>translativam</span> <span class='ocrx_word' id='word_1_247' title='bbox 1515 1860 1619 1901; x_wconf 88' lang='lat' dir='ltr'>solet</span> <span class='ocrx_word' id='word_1_248' title='bbox 1648 1859 1805 1901; x_wconf 88' lang='lat' dir='ltr'>babere</span> <span class='ocrx_word' id='word_1_249' title='bbox 1836 1860 2036 1902; x_wconf 92' lang='lat' dir='ltr'>eonstitu-</span> 
     </span>
     <span class='ocr_line' id='line_1_27' title="bbox 269 1921 2033 1978; baseline -0.001 -12"><span class='ocrx_word' id='word_1_250' title='bbox 269 1926 452 1973; x_wconf 90' lang='lat' dir='ltr'>tionem,</span> <span class='ocrx_word' id='word_1_251' title='bbox 503 1930 543 1964; x_wconf 88' lang='lat' dir='ltr'>et</span> <span class='ocrx_word' id='word_1_252' title='bbox 582 1937 705 1964; x_wconf 88' lang='lat' dir='ltr'>unam</span> <span class='ocrx_word' id='word_1_253' title='bbox 746 1922 965 1977; x_wconf 86' lang='lat' dir='ltr'>aliquando</span> <span class='ocrx_word' id='word_1_254' title='bbox 1008 1928 1049 1962; x_wconf 89' lang='lat' dir='ltr'>et</span> <span class='ocrx_word' id='word_1_255' title='bbox 1089 1921 1229 1976; x_wconf 90' lang='lat' dir='ltr'>plures</span> <span class='ocrx_word' id='word_1_256' title='bbox 1269 1936 1578 1977; x_wconf 88' lang='lat' dir='ltr'>nonnunquam.</span> <span class='ocrx_word' id='word_1_257' title='bbox 1636 1925 1749 1976; x_wconf 85' lang='lat' dir='ltr'>Ergo</span> <span class='ocrx_word' id='word_1_258' title='bbox 1779 1923 1867 1978; x_wconf 87' lang='lat' dir='ltr'>ipsa</span> <span class='ocrx_word' id='word_1_259' title='bbox 1897 1937 2033 1977; x_wconf 87' lang='lat' dir='ltr'>neque</span> 
     </span>
     <span class='ocr_line' id='line_1_28' title="bbox 268 1984 2035 2039; baseline -0.001 -10"><span class='ocrx_word' id='word_1_260' title='bbox 268 1986 508 2030; x_wconf 85' lang='lat' dir='ltr'>constitutio</span> <span class='ocrx_word' id='word_1_261' title='bbox 541 1992 602 2027; x_wconf 88' lang='lat' dir='ltr'>est</span> <span class='ocrx_word' id='word_1_262' title='bbox 632 1999 706 2026; x_wconf 89' lang='lat' dir='ltr'>nec</span> <span class='ocrx_word' id='word_1_263' title='bbox 735 1999 829 2039; x_wconf 90' lang='lat' dir='ltr'>pars</span> <span class='ocrx_word' id='word_1_264' title='bbox 860 1984 1178 2025; x_wconf 87' lang='lat' dir='ltr'>constitutionis.</span> <span class='ocrx_word' id='word_1_265' title='bbox 1242 1986 1356 2025; x_wconf 87' lang='lat' dir='ltr'>Idem</span> <span class='ocrx_word' id='word_1_266' title='bbox 1386 1985 1428 2026; x_wconf 90' lang='lat' dir='ltr'>in</span> <span class='ocrx_word' id='word_1_267' title='bbox 1449 1984 1800 2027; x_wconf 90' lang='lat' dir='ltr'>demonstratione</span> <span class='ocrx_word' id='word_1_268' title='bbox 1822 1986 1927 2027; x_wconf 89' lang='lat' dir='ltr'>solet</span> <span class='ocrx_word' id='word_1_269' title='bbox 1956 2000 2035 2027; x_wconf 92' lang='lat' dir='ltr'>usu</span> 
     </span>
     <span class='ocr_line' id='line_1_29' title="bbox 267 2046 2033 2102; baseline -0.002 -10"><span class='ocrx_word' id='word_1_270' title='bbox 267 2051 427 2092; x_wconf 82' lang='lat' dir='ltr'>venire.</span> <span class='ocrx_word' id='word_1_271' title='bbox 492 2051 649 2090; x_wconf 89' lang='lat' dir='ltr'>Genera</span> <span class='ocrx_word' id='word_1_272' title='bbox 680 2047 828 2101; x_wconf 89' lang='lat' dir='ltr'>igitur,</span> <span class='ocrx_word' id='word_1_273' title='bbox 876 2054 922 2087; x_wconf 89' lang='lat' dir='ltr'>ut</span> <span class='ocrx_word' id='word_1_274' title='bbox 951 2053 1042 2088; x_wconf 86' lang='lat' dir='ltr'>ante</span> <span class='ocrx_word' id='word_1_275' title='bbox 1074 2046 1279 2096; x_wconf 85' lang='lat' dir='ltr'>diximus,</span> <span class='ocrx_word' id='word_1_276' title='bbox 1325 2047 1425 2089; x_wconf 88' lang='lat' dir='ltr'>haec</span> <span class='ocrx_word' id='word_1_277' title='bbox 1465 2061 1681 2089; x_wconf 88' lang='lat' dir='ltr'>causarum</span> <span class='ocrx_word' id='word_1_278' title='bbox 1712 2051 1892 2102; x_wconf 87' lang='lat' dir='ltr'>putanda</span> <span class='ocrx_word' id='word_1_279' title='bbox 1921 2053 2033 2097; x_wconf 88' lang='lat' dir='ltr'>sunt,</span> 
     </span>
     <span class='ocr_line' id='line_1_30' title="bbox 267 2109 2035 2167; baseline -0.002 -13"><span class='ocrx_word' id='word_1_280' title='bbox 267 2126 351 2154; x_wconf 93' lang='lat' dir='ltr'>non</span> <span class='ocrx_word' id='word_1_281' title='bbox 395 2116 531 2167; x_wconf 89' lang='lat' dir='ltr'>partes</span> <span class='ocrx_word' id='word_1_282' title='bbox 576 2110 748 2151; x_wconf 89' lang='lat' dir='ltr'>alicuius</span> <span class='ocrx_word' id='word_1_283' title='bbox 791 2109 1111 2150; x_wconf 82' lang='lat' dir='ltr'>constitutionis.</span> <span class='ocrx_word' id='word_1_284' title='bbox 1187 2111 1266 2150; x_wconf 84' lang='lat' dir='ltr'>XI.</span> <span class='ocrx_word' id='word_1_285' title='bbox 1315 2112 1429 2151; x_wconf 89' lang='lat' dir='ltr'>Haec</span> <span class='ocrx_word' id='word_1_286' title='bbox 1467 2124 1569 2164; x_wconf 86' lang='lat' dir='ltr'>ergo</span> <span class='ocrx_word' id='word_1_287' title='bbox 1601 2110 1864 2160; x_wconf 88' lang='lat' dir='ltr'>constitutio,</span> <span class='ocrx_word' id='word_1_288' title='bbox 1910 2124 2035 2165; x_wconf 87' lang='lat' dir='ltr'>quam</span> 
     </span>
     <span class='ocr_line' id='line_1_31' title="bbox 219 2172 2035 2229; baseline -0.003 -10"><span class='ocrx_word' id='word_1_289' title='bbox 219 2194 255 2220; x_wconf 76' lang='lat' dir='ltr'>so</span> <span class='ocrx_word' id='word_1_290' title='bbox 270 2174 505 2229; x_wconf 83' lang='lat' dir='ltr'>generalem</span> <span class='ocrx_word' id='word_1_291' title='bbox 535 2173 797 2215; x_wconf 90' lang='lat' dir='ltr'>nominamus</span> <span class='ocrx_word' id='word_1_292' title='bbox 818 2203 828 2221; x_wconf 90' lang='lat'>,</span> <span class='ocrx_word' id='word_1_293' title='bbox 875 2177 1015 2226; x_wconf 87' lang='lat' dir='ltr'>partes</span> <span class='ocrx_word' id='word_1_294' title='bbox 1058 2172 1222 2214; x_wconf 70' lang='lat' dir='ltr'>videtur</span> <span class='ocrx_word' id='word_1_295' title='bbox 1252 2173 1371 2214; x_wconf 90' lang='lat' dir='ltr'>nobis</span> <span class='ocrx_word' id='word_1_296' title='bbox 1403 2175 1503 2214; x_wconf 89' lang='lat' dir='ltr'>duas</span> <span class='ocrx_word' id='word_1_297' title='bbox 1535 2172 1711 2221; x_wconf 86' lang='lat' dir='ltr'>habere,</span> <span class='ocrx_word' id='word_1_298' title='bbox 1755 2172 2035 2214; x_wconf 87' lang='lat' dir='ltr'>iuridicialem</span> 
     </span>
     <span class='ocr_line' id='line_1_32' title="bbox 270 2234 2037 2292; baseline -0.002 -13"><span class='ocrx_word' id='word_1_299' title='bbox 270 2243 312 2279; x_wconf 86' lang='lat' dir='ltr'>et</span> <span class='ocrx_word' id='word_1_300' title='bbox 340 2236 604 2292; x_wconf 89' lang='lat' dir='ltr'>negotialem.</span> <span class='ocrx_word' id='word_1_301' title='bbox 667 2234 914 2277; x_wconf 87' lang='lat' dir='ltr'>Iuridicialis</span> <span class='ocrx_word' id='word_1_302' title='bbox 946 2240 1030 2283; x_wconf 88' lang='lat' dir='ltr'>est,</span> <span class='ocrx_word' id='word_1_303' title='bbox 1063 2234 1106 2275; x_wconf 93' lang='lat' dir='ltr'>in</span> <span class='ocrx_word' id='word_1_304' title='bbox 1137 2249 1218 2288; x_wconf 86' lang='lat' dir='ltr'>qua</span> <span class='ocrx_word' id='word_1_305' title='bbox 1246 2235 1366 2290; x_wconf 89' lang='lat' dir='ltr'>aequi</span> <span class='ocrx_word' id='word_1_306' title='bbox 1387 2241 1426 2276; x_wconf 90' lang='lat' dir='ltr'>et</span> <span class='ocrx_word' id='word_1_307' title='bbox 1447 2238 1550 2276; x_wconf 89' lang='lat' dir='ltr'>recti</span> <span class='ocrx_word' id='word_1_308' title='bbox 1573 2241 1740 2283; x_wconf 86' lang='lat' dir='ltr'>natura,</span> <span class='ocrx_word' id='word_1_309' title='bbox 1773 2241 1842 2276; x_wconf 88' lang='lat' dir='ltr'>aut</span> <span class='ocrx_word' id='word_1_310' title='bbox 1860 2234 2037 2290; x_wconf 86' lang='lat' dir='ltr'>praemii</span> 
     </span>
     <span class='ocr_line' id='line_1_33' title="bbox 270 2297 2036 2356; baseline -0.002 -15"><span class='ocrx_word' id='word_1_311' title='bbox 270 2306 340 2342; x_wconf 87' lang='lat' dir='ltr'>aut</span> <span class='ocrx_word' id='word_1_312' title='bbox 370 2313 528 2356; x_wconf 89' lang='lat' dir='ltr'>poenae</span> <span class='ocrx_word' id='word_1_313' title='bbox 559 2298 664 2340; x_wconf 88' lang='lat' dir='ltr'>ratio</span> <span class='ocrx_word' id='word_1_314' title='bbox 696 2298 931 2354; x_wconf 90' lang='lat' dir='ltr'>quaeritur;</span> <span class='ocrx_word' id='word_1_315' title='bbox 965 2297 1202 2351; x_wconf 86' lang='lat' dir='ltr'>negotialis,</span> <span class='ocrx_word' id='word_1_316' title='bbox 1236 2297 1277 2338; x_wconf 90' lang='lat' dir='ltr'>in</span> <span class='ocrx_word' id='word_1_317' title='bbox 1300 2312 1402 2352; x_wconf 89' lang='lat' dir='ltr'>qua,</span> <span class='ocrx_word' id='word_1_318' title='bbox 1438 2298 1536 2352; x_wconf 90' lang='lat' dir='ltr'>quid</span> <span class='ocrx_word' id='word_1_319' title='bbox 1566 2297 1669 2338; x_wconf 89' lang='lat' dir='ltr'>iuris</span> <span class='ocrx_word' id='word_1_320' title='bbox 1701 2312 1752 2338; x_wconf 87' lang='lat' dir='ltr'>ex</span> <span class='ocrx_word' id='word_1_321' title='bbox 1783 2297 1894 2339; x_wconf 88' lang='lat' dir='ltr'>civili</span> <span class='ocrx_word' id='word_1_322' title='bbox 1918 2311 2036 2339; x_wconf 89' lang='lat' dir='ltr'>more</span> 
     </span>
     <span class='ocr_line' id='line_1_34' title="bbox 271 2359 2035 2417; baseline -0.002 -13"><span class='ocrx_word' id='word_1_323' title='bbox 271 2370 312 2405; x_wconf 87' lang='lat' dir='ltr'>et</span> <span class='ocrx_word' id='word_1_324' title='bbox 350 2362 555 2417; x_wconf 86' lang='lat' dir='ltr'>aequitate</span> <span class='ocrx_word' id='word_1_325' title='bbox 593 2363 669 2410; x_wconf 87' lang='lat' dir='ltr'>sit,</span> <span class='ocrx_word' id='word_1_326' title='bbox 716 2360 1024 2410; x_wconf 85' lang='lat' dir='ltr'>consideratu1·;</span> <span class='ocrx_word' id='word_1_327' title='bbox 1071 2360 1137 2401; x_wconf 85' lang='lat' dir='ltr'>cui</span> <span class='ocrx_word' id='word_1_328' title='bbox 1168 2359 1403 2414; x_wconf 88' lang='lat' dir='ltr'>diligentiae</span> <span class='ocrx_word' id='word_1_329' title='bbox 1434 2372 1626 2414; x_wconf 89' lang='lat' dir='ltr'>praeesse</span> <span class='ocrx_word' id='word_1_330' title='bbox 1667 2361 1778 2413; x_wconf 91' lang='lat' dir='ltr'>apud</span> <span class='ocrx_word' id='word_1_331' title='bbox 1818 2374 1895 2401; x_wconf 90' lang='lat' dir='ltr'>nos</span> <span class='ocrx_word' id='word_1_332' title='bbox 1932 2359 2035 2401; x_wconf 91' lang='lat' dir='ltr'>iuris</span> 
     </span>
     <span class='ocr_line' id='line_1_35' title="bbox 272 2421 2037 2477; baseline -0.002 -10"><span class='ocrx_word' id='word_1_333' title='bbox 272 2426 449 2467; x_wconf 90' lang='lat' dir='ltr'>consulti</span> <span class='ocrx_word' id='word_1_334' title='bbox 471 2424 773 2468; x_wconf 78' lang='lat' dir='ltr'>existimantur.</span> <span class='ocrx_word' id='word_1_335' title='bbox 836 2426 899 2464; x_wconf 80' lang='lat'>15.</span> <span class='ocrx_word' id='word_1_336' title='bbox 932 2425 990 2463; x_wconf 85' lang='lat' dir='ltr'>Ac</span> <span class='ocrx_word' id='word_1_337' title='bbox 1011 2422 1250 2463; x_wconf 85' lang='lat' dir='ltr'>iuridicialis</span> <span class='ocrx_word' id='word_1_338' title='bbox 1272 2422 1439 2476; x_wconf 86' lang='lat' dir='ltr'>quidem</span> <span class='ocrx_word' id='word_1_339' title='bbox 1460 2424 1548 2477; x_wconf 86' lang='lat' dir='ltr'>ipsa</span> <span class='ocrx_word' id='word_1_340' title='bbox 1569 2423 1611 2463; x_wconf 91' lang='lat' dir='ltr'>in</span> <span class='ocrx_word' id='word_1_341' title='bbox 1642 2422 1744 2464; x_wconf 87' lang='lat' dir='ltr'>duas</span> <span class='ocrx_word' id='word_1_342' title='bbox 1775 2421 2037 2463; x_wconf 90' lang='lat' dir='ltr'>distribuitur</span> 
     </span>
    </p>

    <p class='ocr_par' dir='ltr' id='par_1_9' title="bbox 224 2484 2037 2793">
     <span class='ocr_line' id='line_1_36' title="bbox 224 2484 2037 2545; baseline -0.003 -15"><span class='ocrx_word' id='word_1_343' title='bbox 224 2507 258 2533; x_wconf 79' lang='lat'>35</span> <span class='ocrx_word' id='word_1_344' title='bbox 273 2494 434 2545; x_wconf 87' lang='lat' dir='ltr'>partes,</span> <span class='ocrx_word' id='word_1_345' title='bbox 476 2486 703 2528; x_wconf 86' lang='lat' dir='ltr'>absolutam</span> <span class='ocrx_word' id='word_1_346' title='bbox 736 2492 775 2526; x_wconf 91' lang='lat' dir='ltr'>et</span> <span class='ocrx_word' id='word_1_347' title='bbox 805 2485 1113 2540; x_wconf 82' lang='lat' dir='ltr'>assumptivam.</span> <span class='ocrx_word' id='word_1_348' title='bbox 1175 2484 1372 2525; x_wconf 85' lang='lat' dir='ltr'>Absoluta</span> <span class='ocrx_word' id='word_1_349' title='bbox 1405 2490 1487 2533; x_wconf 85' lang='lat' dir='ltr'>est,</span> <span class='ocrx_word' id='word_1_350' title='bbox 1535 2499 1642 2539; x_wconf 86' lang='lat' dir='ltr'>quae</span> <span class='ocrx_word' id='word_1_351' title='bbox 1671 2485 1760 2540; x_wconf 85' lang='lat' dir='ltr'>ipsa</span> <span class='ocrx_word' id='word_1_352' title='bbox 1790 2484 1833 2525; x_wconf 92' lang='lat' dir='ltr'>in</span> <span class='ocrx_word' id='word_1_353' title='bbox 1864 2498 1907 2525; x_wconf 90' lang='lat' dir='ltr'>se</span> <span class='ocrx_word' id='word_1_354' title='bbox 1938 2498 2037 2525; x_wconf 89' lang='lat' dir='ltr'>con-</span> 
     </span>
     <span class='ocr_line' id='line_1_37' title="bbox 273 2545 2036 2602; baseline -0.004 -9"><span class='ocrx_word' id='word_1_355' title='bbox 273 2551 375 2593; x_wconf 79' lang='lat' dir='ltr'>tinet</span> <span class='ocrx_word' id='word_1_356' title='bbox 404 2550 504 2591; x_wconf 90' lang='lat' dir='ltr'>iuris</span> <span class='ocrx_word' id='word_1_357' title='bbox 536 2555 576 2591; x_wconf 92' lang='lat' dir='ltr'>et</span> <span class='ocrx_word' id='word_1_358' title='bbox 603 2548 780 2590; x_wconf 89' lang='lat' dir='ltr'>iniuriae</span> <span class='ocrx_word' id='word_1_359' title='bbox 814 2548 1128 2602; x_wconf 82' lang='lat' dir='ltr'>quaestionem3</span> <span class='ocrx_word' id='word_1_360' title='bbox 1181 2547 1457 2602; x_wconf 81' lang='lat' dir='ltr'>assumptiva,</span> <span class='ocrx_word' id='word_1_361' title='bbox 1506 2562 1611 2601; x_wconf 90' lang='lat' dir='ltr'>quae</span> <span class='ocrx_word' id='word_1_362' title='bbox 1657 2547 1746 2602; x_wconf 87' lang='lat' dir='ltr'>ipsa</span> <span class='ocrx_word' id='word_1_363' title='bbox 1776 2560 1829 2587; x_wconf 82' lang='lat' dir='ltr'>ex</span> <span class='ocrx_word' id='word_1_364' title='bbox 1859 2560 1902 2587; x_wconf 93' lang='lat' dir='ltr'>se</span> <span class='ocrx_word' id='word_1_365' title='bbox 1931 2545 2036 2587; x_wconf 91' lang='lat' dir='ltr'>nihil</span> 
     </span>
     <span class='ocr_line' id='line_1_38' title="bbox 274 2607 2035 2665; baseline -0.003 -10"><span class='ocrx_word' id='word_1_366' title='bbox 274 2614 342 2656; x_wconf 86' lang='lat' dir='ltr'>dat</span> <span class='ocrx_word' id='word_1_367' title='bbox 371 2612 479 2654; x_wconf 87' lang='lat' dir='ltr'>firmi</span> <span class='ocrx_word' id='word_1_368' title='bbox 508 2615 559 2653; x_wconf 83' lang='lat' dir='ltr'>ad</span> <span class='ocrx_word' id='word_1_369' title='bbox 588 2612 910 2659; x_wconf 87' lang='lat' dir='ltr'>recusationem,</span> <span class='ocrx_word' id='word_1_370' title='bbox 942 2611 1043 2652; x_wconf 90' lang='lat' dir='ltr'>soris</span> <span class='ocrx_word' id='word_1_371' title='bbox 1074 2614 1211 2651; x_wconf 87' lang='lat' dir='ltr'>autem</span> <span class='ocrx_word' id='word_1_372' title='bbox 1242 2609 1397 2665; x_wconf 88' lang='lat' dir='ltr'>aliquid</span> <span class='ocrx_word' id='word_1_373' title='bbox 1428 2610 1679 2651; x_wconf 87' lang='lat' dir='ltr'>defensionis</span> <span class='ocrx_word' id='word_1_374' title='bbox 1709 2607 1893 2650; x_wconf 83' lang='lat' dir='ltr'>assumit.</span> <span class='ocrx_word' id='word_1_375' title='bbox 1934 2608 2035 2650; x_wconf 88' lang='lat' dir='ltr'>Eius</span> 
     </span>
     <span class='ocr_line' id='line_1_39' title="bbox 273 2670 2032 2732; baseline -0.003 -15"><span class='ocrx_word' id='word_1_376' title='bbox 273 2682 414 2732; x_wconf 87' lang='lat' dir='ltr'>partes</span> <span class='ocrx_word' id='word_1_377' title='bbox 454 2682 548 2716; x_wconf 89' lang='lat' dir='ltr'>sunt</span> <span class='ocrx_word' id='word_1_378' title='bbox 589 2681 809 2730; x_wconf 86' lang='lat' dir='ltr'>quattuor,</span> <span class='ocrx_word' id='word_1_379' title='bbox 857 2673 1089 2721; x_wconf 87' lang='lat' dir='ltr'>concessio,</span> <span class='ocrx_word' id='word_1_380' title='bbox 1137 2672 1314 2714; x_wconf 89' lang='lat' dir='ltr'>remotio</span> <span class='ocrx_word' id='word_1_381' title='bbox 1355 2672 1569 2721; x_wconf 87' lang='lat' dir='ltr'>criminis,</span> <span class='ocrx_word' id='word_1_382' title='bbox 1627 2671 1774 2713; x_wconf 88' lang='lat' dir='ltr'>relatio</span> <span class='ocrx_word' id='word_1_383' title='bbox 1820 2670 2032 2719; x_wconf 90' lang='lat' dir='ltr'>criminis,</span> 
     </span>
     <span class='ocr_line' id='line_1_40' title="bbox 276 2733 2036 2793; baseline -0.003 -13"><span class='ocrx_word' id='word_1_384' title='bbox 276 2738 542 2793; x_wconf 88' lang='lat' dir='ltr'>comparatio.</span> <span class='ocrx_word' id='word_1_385' title='bbox 605 2737 826 2778; x_wconf 84' lang='lat' dir='ltr'>Concessio</span> <span class='ocrx_word' id='word_1_386' title='bbox 857 2742 937 2783; x_wconf 87' lang='lat' dir='ltr'>est,</span> <span class='ocrx_word' id='word_1_387' title='bbox 970 2750 1063 2777; x_wconf 87' lang='lat' dir='ltr'>cum</span> <span class='ocrx_word' id='word_1_388' title='bbox 1096 2750 1191 2776; x_wconf 88' lang='lat' dir='ltr'>reus</span> <span class='ocrx_word' id='word_1_389' title='bbox 1221 2748 1304 2775; x_wconf 90' lang='lat' dir='ltr'>non</span> <span class='ocrx_word' id='word_1_390' title='bbox 1334 2734 1405 2783; x_wconf 86' lang='lat' dir='ltr'>id,</span> <span class='ocrx_word' id='word_1_391' title='bbox 1441 2734 1552 2789; x_wconf 91' lang='lat' dir='ltr'>quod</span> <span class='ocrx_word' id='word_1_392' title='bbox 1583 2733 1735 2775; x_wconf 86' lang='lat' dir='ltr'>sactum</span> <span class='ocrx_word' id='word_1_393' title='bbox 1767 2739 1850 2781; x_wconf 91' lang='lat' dir='ltr'>est,</span> <span class='ocrx_word' id='word_1_394' title='bbox 1894 2735 2036 2775; x_wconf 88' lang='lat' dir='ltr'>desen-</span> 
     </span>
    </p>

    <p class='ocr_par' dir='ltr' id='par_1_10' title="bbox 228 2795 2037 2854">
     <span class='ocr_line' id='line_1_41' title="bbox 228 2795 2037 2854; baseline -0.004 -9"><span class='ocrx_word' id='word_1_395' title='bbox 228 2820 263 2845; x_wconf 50' lang='grc' dir='ltr'>[ιο</span> <span class='ocrx_word' id='word_1_396' title='bbox 279 2802 360 2850; x_wconf 90' lang='lat' dir='ltr'>dit,</span> <span class='ocrx_word' id='word_1_397' title='bbox 399 2801 471 2843; x_wconf 90' lang='lat' dir='ltr'>sed</span> <span class='ocrx_word' id='word_1_398' title='bbox 501 2806 545 2842; x_wconf 85' lang='lat' dir='ltr'>ut</span> <span class='ocrx_word' id='word_1_399' title='bbox 574 2799 838 2854; x_wconf 88' lang='lat' dir='ltr'>ignoscatur,</span> <span class='ocrx_word' id='word_1_400' title='bbox 880 2799 1073 2854; x_wconf 86' lang='lat' dir='ltr'>postulat.</span> <span class='ocrx_word' id='word_1_401' title='bbox 1153 2800 1264 2839; x_wconf 90' lang='lat' dir='ltr'>Haec</span> <span class='ocrx_word' id='word_1_402' title='bbox 1294 2797 1335 2838; x_wconf 91' lang='lat' dir='ltr'>in</span> <span class='ocrx_word' id='word_1_403' title='bbox 1368 2797 1468 2838; x_wconf 90' lang='lat' dir='ltr'>duas</span> <span class='ocrx_word' id='word_1_404' title='bbox 1500 2803 1636 2852; x_wconf 89' lang='lat' dir='ltr'>partes</span> <span class='ocrx_word' id='word_1_405' title='bbox 1667 2795 1893 2845; x_wconf 74' lang='lat' dir='ltr'>dividitur,</span> <span class='ocrx_word' id='word_1_406' title='bbox 1938 2810 2037 2851; x_wconf 87' lang='lat' dir='ltr'>pur-</span> 
     </span>
    </p>
   </div>
   <div class='ocr_carea' id='block_1_3' title="bbox 551 2882 1062 2887">
    <p class='ocr_par' dir='ltr' id='par_1_11' title="bbox 551 2882 1062 2887">
     <span class='ocr_line' id='line_1_42' title="bbox 551 2882 1062 2887; baseline 0 0"><span class='ocrx_word' id='word_1_407' title='bbox 551 2882 1062 2887; x_wconf 95' lang='lat' dir='ltr'> </span> 
     </span>
    </p>
   </div>
   <div class='ocr_carea' id='block_1_4' title="bbox 280 2922 2036 3294">
    <p class='ocr_par' dir='ltr' id='par_1_12' title="bbox 280 2922 2036 3294">
     <span class='ocr_line' id='line_1_43' title="bbox 373 2922 2033 2964; baseline -0.004 -5"><span class='ocrx_word' id='word_1_408' title='bbox 373 2929 405 2959; x_wconf 87' lang='lat'>1.</span> <span class='ocrx_word' id='word_1_409' title='bbox 434 2931 483 2959; x_wconf 83' lang='lat' dir='ltr'>est</span> <span class='ocrx_word' id='word_1_410' title='bbox 508 2928 711 2959; x_wconf 73' lang='lat' dir='ltr'>constitutio</span> <span class='ocrx_word' id='word_1_411' title='bbox 736 2926 878 2957; x_wconf 71' lang='lat' dir='ltr'><strong>PART:</strong></span> <span class='ocrx_word' id='word_1_412' title='bbox 918 2926 1118 2956; x_wconf 79' lang='lat' dir='ltr'>constitutio</span> <span class='ocrx_word' id='word_1_413' title='bbox 1145 2930 1193 2956; x_wconf 82' lang='lat' dir='ltr'>est</span> <span class='ocrx_word' id='word_1_414' title='bbox 1218 2925 1288 2956; x_wconf 84' lang='lat' dir='ltr'>VE.</span> <span class='ocrx_word' id='word_1_415' title='bbox 1319 2941 1358 2947; x_wconf 92' lang='lat'>—</span> <span class='ocrx_word' id='word_1_416' title='bbox 1400 2924 1434 2955; x_wconf 77' lang='lat'>2.</span> <span class='ocrx_word' id='word_1_417' title='bbox 1461 2922 1541 2964; x_wconf 80' lang='lat' dir='ltr'>Sed]</span> <span class='ocrx_word' id='word_1_418' title='bbox 1569 2925 1599 2954; x_wconf 85' lang='lat' dir='ltr'>et</span> <span class='ocrx_word' id='word_1_419' title='bbox 1625 2922 1683 2953; x_wconf 82' lang='grc' dir='ltr'>ΑΤ</span> <span class='ocrx_word' id='word_1_420' title='bbox 1712 2926 1745 2954; x_wconf 86' lang='lat' dir='ltr'>et</span> <span class='ocrx_word' id='word_1_421' title='bbox 1771 2931 1823 2962; x_wconf 86' lang='lat' dir='ltr'>pr.</span> <span class='ocrx_word' id='word_1_422' title='bbox 1850 2922 1899 2958; x_wconf 90' lang='lat' dir='ltr'>P,</span> <span class='ocrx_word' id='word_1_423' title='bbox 1928 2927 1966 2953; x_wconf 86' lang='lat' dir='ltr'>at</span> <span class='ocrx_word' id='word_1_424' title='bbox 1992 2922 2033 2961; x_wconf 88' lang='lat' dir='ltr'>L,</span> 
     </span>
     <span class='ocr_line' id='line_1_44' title="bbox 280 2969 2036 3014; baseline -0.004 -8"><span class='ocrx_word' id='word_1_425' title='bbox 280 2975 337 3006; x_wconf 79' lang='lat' dir='ltr'>sed</span> <span class='ocrx_word' id='word_1_426' title='bbox 364 2979 394 3005; x_wconf 79' lang='lat' dir='ltr'>et</span> <span class='ocrx_word' id='word_1_427' title='bbox 420 2975 461 3006; x_wconf 90' lang='lat' dir='ltr'>V.</span> <span class='ocrx_word' id='word_1_428' title='bbox 487 2992 529 2996; x_wconf 92' lang='lat'><em>-</em></span> <span class='ocrx_word' id='word_1_429' title='bbox 555 2975 589 3005; x_wconf 70' lang='lat'>4.</span> <span class='ocrx_word' id='word_1_430' title='bbox 621 2972 728 3014; x_wconf 80' lang='lat' dir='ltr'>quod]</span> <span class='ocrx_word' id='word_1_431' title='bbox 758 2983 860 3014; x_wconf 74' lang='lat' dir='ltr'>quam</span> <span class='ocrx_word' id='word_1_432' title='bbox 887 2972 986 3003; x_wconf 69' lang='lat' dir='ltr'>PAT.</span> <span class='ocrx_word' id='word_1_433' title='bbox 1037 2972 1080 3002; x_wconf 79' lang='lat' dir='ltr'>Ut</span> <span class='ocrx_word' id='word_1_434' title='bbox 1106 2981 1166 3003; x_wconf 88' lang='lat' dir='ltr'>nos</span> <span class='ocrx_word' id='word_1_435' title='bbox 1183 2995 1191 3007; x_wconf 81' lang='grc'>,</span> <span class='ocrx_word' id='word_1_436' title='bbox 1229 2972 1270 3003; x_wconf 91' lang='lat' dir='ltr'>V.</span> <span class='ocrx_word' id='word_1_437' title='bbox 1302 2989 1338 2994; x_wconf 92' lang='lat'>—</span> <span class='ocrx_word' id='word_1_438' title='bbox 1377 2971 1410 3001; x_wconf 90' lang='lat'>5.</span> <span class='ocrx_word' id='word_1_439' title='bbox 1436 2979 1522 3008; x_wconf 81' lang='lat' dir='ltr'>pars</span> <span class='ocrx_word' id='word_1_440' title='bbox 1547 2970 1618 3000; x_wconf 78' lang='lat' dir='ltr'>eius</span> <span class='ocrx_word' id='word_1_441' title='bbox 1643 2969 1728 3000; x_wconf 78' lang='lat' dir='ltr'>VR:</span> <span class='ocrx_word' id='word_1_442' title='bbox 1763 2978 1848 3008; x_wconf 81' lang='lat' dir='ltr'>pars</span> <span class='ocrx_word' id='word_1_443' title='bbox 1873 2970 2036 3000; x_wconf 78' lang='lat' dir='ltr'>constitu-</span> 
     </span>
     <span class='ocr_line' id='line_1_45' title="bbox 282 3017 2033 3059; baseline -0.003 -7"><span class='ocrx_word' id='word_1_444' title='bbox 282 3023 389 3052; x_wconf 68' lang='lat' dir='ltr'>tionis</span> <span class='ocrx_word' id='word_1_445' title='bbox 427 3023 499 3052; x_wconf 78' lang='lat' dir='ltr'>cius</span> <span class='ocrx_word' id='word_1_446' title='bbox 525 3022 654 3052; x_wconf 79' lang='lat' dir='ltr'>PATE.</span> <span class='ocrx_word' id='word_1_447' title='bbox 698 3038 735 3043; x_wconf 91' lang='lat'>—</span> <span class='ocrx_word' id='word_1_448' title='bbox 779 3020 811 3051; x_wconf 72' lang='lat' dir='ltr'>t).</span> <span class='ocrx_word' id='word_1_449' title='bbox 851 3020 921 3050; x_wconf 75' lang='lat' dir='ltr'>eius</span> <span class='ocrx_word' id='word_1_450' title='bbox 954 3019 1123 3059; x_wconf 75' lang='lat' dir='ltr'>quaelibet</span> <span class='ocrx_word' id='word_1_451' title='bbox 1148 3019 1350 3049; x_wconf 72' lang='lat' dir='ltr'>intentionis</span> <span class='ocrx_word' id='word_1_452' title='bbox 1384 3018 1457 3047; x_wconf 88' lang='lat' dir='ltr'>VR.</span> <span class='ocrx_word' id='word_1_453' title='bbox 1485 3034 1525 3039; x_wconf 89' lang='lat'>—</span> <span class='ocrx_word' id='word_1_454' title='bbox 1568 3017 1623 3047; x_wconf 88' lang='lat'>11.</span> <span class='ocrx_word' id='word_1_455' title='bbox 1653 3017 1935 3047; x_wconf 75' lang='lat' dir='ltr'>constitucionem</span> <span class='ocrx_word' id='word_1_456' title='bbox 1963 3024 2033 3047; x_wconf 88' lang='lat' dir='ltr'>om.</span> 
     </span>
     <span class='ocr_line' id='line_1_46' title="bbox 282 3061 2034 3101; baseline -0.004 -2"><span class='ocrx_word' id='word_1_457' title='bbox 282 3068 384 3100; x_wconf 81' lang='grc' dir='ltr'><strong>ΡΑΤ.</strong></span> <span class='ocrx_word' id='word_1_458' title='bbox 415 3085 449 3093; x_wconf 72' lang='lat'><em>-</em></span> <span class='ocrx_word' id='word_1_459' title='bbox 494 3069 548 3099; x_wconf 75' lang='lat'>12.</span> <span class='ocrx_word' id='word_1_460' title='bbox 576 3069 902 3098; x_wconf 77' lang='lat' dir='ltr'>demonstrationem</span> <span class='ocrx_word' id='word_1_461' title='bbox 927 3069 957 3096; x_wconf 78' lang='lat' dir='ltr'>et</span> <span class='ocrx_word' id='word_1_462' title='bbox 983 3065 1259 3096; x_wconf 72' lang='lat' dir='ltr'>deliberationem</span> <span class='ocrx_word' id='word_1_463' title='bbox 1285 3074 1352 3096; x_wconf 89' lang='lat' dir='ltr'>om.</span> <span class='ocrx_word' id='word_1_464' title='bbox 1381 3063 1481 3094; x_wconf 64' lang='lat' dir='ltr'>PAT.</span> <span class='ocrx_word' id='word_1_465' title='bbox 1512 3080 1547 3085; x_wconf 98' lang='lat'><strong>—</strong></span> <span class='ocrx_word' id='word_1_466' title='bbox 1594 3063 1648 3094; x_wconf 85' lang='lat'>18.</span> <span class='ocrx_word' id='word_1_467' title='bbox 1675 3062 1808 3093; x_wconf 65' lang='lat' dir='ltr'>Rursus</span> <span class='ocrx_word' id='word_1_468' title='bbox 1833 3072 1901 3094; x_wconf 89' lang='lat' dir='ltr'>om.</span> <span class='ocrx_word' id='word_1_469' title='bbox 1930 3070 1981 3101; x_wconf 82' lang='lat' dir='ltr'>pr.</span> <span class='ocrx_word' id='word_1_470' title='bbox 2007 3061 2034 3092; x_wconf 91' lang='lat' dir='ltr'><strong>P</strong></span> 
     </span>
     <span class='ocr_line' id='line_1_47' title="bbox 284 3109 2032 3153; baseline -0.005 -7"><span class='ocrx_word' id='word_1_471' title='bbox 284 3120 317 3147; x_wconf 83' lang='lat' dir='ltr'>et</span> <span class='ocrx_word' id='word_1_472' title='bbox 345 3114 498 3145; x_wconf 85' lang='lat' dir='ltr'>Schedae</span> <span class='ocrx_word' id='word_1_473' title='bbox 526 3115 788 3153; x_wconf 81' lang='lat' dir='ltr'>Oudendorpti‚</span> <span class='ocrx_word' id='word_1_474' title='bbox 816 3116 890 3152; x_wconf 84' lang='lat' dir='ltr'>ipso</span> <span class='ocrx_word' id='word_1_475' title='bbox 917 3112 1098 3151; x_wconf 78' lang='lat' dir='ltr'>probante.</span> <span class='ocrx_word' id='word_1_476' title='bbox 1129 3128 1167 3133; x_wconf 91' lang='lat'><em>-</em></span> <span class='ocrx_word' id='word_1_477' title='bbox 1194 3112 1250 3141; x_wconf 75' lang='lat'>22.</span> <span class='ocrx_word' id='word_1_478' title='bbox 1278 3111 1390 3142; x_wconf 79' lang='lat' dir='ltr'>altera</span> <span class='ocrx_word' id='word_1_479' title='bbox 1417 3114 1532 3140; x_wconf 76' lang='lat' dir='ltr'>autem</span> <span class='ocrx_word' id='word_1_480' title='bbox 1557 3114 1739 3149; x_wconf 79' lang='lat' dir='ltr'>assumpta</span> <span class='ocrx_word' id='word_1_481' title='bbox 1764 3109 1817 3147; x_wconf 86' lang='lat' dir='ltr'>V,</span> <span class='ocrx_word' id='word_1_482' title='bbox 1843 3109 1963 3140; x_wconf 84' lang='lat' dir='ltr'>Lamb.</span> <span class='ocrx_word' id='word_1_483' title='bbox 1994 3125 2032 3131; x_wconf 94' lang='lat'>—-</span> 
     </span>
     <span class='ocr_line' id='line_1_48' title="bbox 283 3155 2035 3199; baseline -0.003 -7"><span class='ocrx_word' id='word_1_484' title='bbox 283 3161 340 3192; x_wconf 74' lang='lat'>26.</span> <span class='ocrx_word' id='word_1_485' title='bbox 381 3169 489 3199; x_wconf 74' lang='lat' dir='ltr'>neque</span> <span class='ocrx_word' id='word_1_486' title='bbox 523 3161 663 3192; x_wconf 70' lang='lat' dir='ltr'>PART:</span> <span class='ocrx_word' id='word_1_487' title='bbox 708 3171 767 3192; x_wconf 71' lang='lat' dir='ltr'>uec</span> <span class='ocrx_word' id='word_1_488' title='bbox 795 3160 834 3191; x_wconf 88' lang='lat' dir='ltr'>E.</span> <span class='ocrx_word' id='word_1_489' title='bbox 878 3176 918 3182; x_wconf 94' lang='lat'>—</span> <span class='ocrx_word' id='word_1_490' title='bbox 957 3159 1015 3190; x_wconf 72' lang='lat'>28.</span> <span class='ocrx_word' id='word_1_491' title='bbox 1050 3158 1164 3189; x_wconf 66' lang='lat' dir='ltr'>venire</span> <span class='ocrx_word' id='word_1_492' title='bbox 1200 3158 1314 3188; x_wconf 65' lang='lat' dir='ltr'><strong>PAT:</strong></span> <span class='ocrx_word' id='word_1_493' title='bbox 1352 3159 1484 3188; x_wconf 75' lang='lat' dir='ltr'>evenire</span> <span class='ocrx_word' id='word_1_494' title='bbox 1511 3156 1584 3187; x_wconf 84' lang='lat' dir='ltr'>RE.</span> <span class='ocrx_word' id='word_1_495' title='bbox 1612 3174 1654 3180; x_wconf 92' lang='lat'>—</span> <span class='ocrx_word' id='word_1_496' title='bbox 1694 3156 1749 3188; x_wconf 89' lang='lat'>30.</span> <span class='ocrx_word' id='word_1_497' title='bbox 1779 3156 1915 3186; x_wconf 82' lang='lat' dir='ltr'>videtur</span> <span class='ocrx_word' id='word_1_498' title='bbox 1938 3155 2035 3186; x_wconf 75' lang='lat' dir='ltr'>‘nobis</span> 
     </span>
     <span class='ocr_line' id='line_1_49' title="bbox 282 3201 2032 3244; baseline -0.003 -5"><span class='ocrx_word' id='word_1_499' title='bbox 282 3207 461 3239; x_wconf 79' lang='lat' dir='ltr'>VPART:</span> <span class='ocrx_word' id='word_1_500' title='bbox 488 3207 588 3237; x_wconf 79' lang='lat' dir='ltr'>nobis</span> <span class='ocrx_word' id='word_1_501' title='bbox 613 3208 750 3239; x_wconf 48' lang='lat' dir='ltr'>&#39;videtur</span> <span class='ocrx_word' id='word_1_502' title='bbox 776 3208 813 3239; x_wconf 90' lang='lat' dir='ltr'>E.</span> <span class='ocrx_word' id='word_1_503' title='bbox 846 3224 882 3230; x_wconf 95' lang='lat'>—</span> <span class='ocrx_word' id='word_1_504' title='bbox 912 3206 968 3238; x_wconf 88' lang='lat'>31.</span> <span class='ocrx_word' id='word_1_505' title='bbox 997 3207 1079 3237; x_wconf 74' lang='lat' dir='ltr'>recti</span> <span class='ocrx_word' id='word_1_506' title='bbox 1106 3204 1227 3235; x_wconf 68' lang='lat' dir='ltr'>VART</span> <span class='ocrx_word' id='word_1_507' title='bbox 1254 3209 1287 3235; x_wconf 89' lang='lat' dir='ltr'>et</span> <span class='ocrx_word' id='word_1_508' title='bbox 1314 3213 1365 3244; x_wconf 82' lang='lat' dir='ltr'>pr.</span> <span class='ocrx_word' id='word_1_509' title='bbox 1392 3204 1443 3235; x_wconf 89' lang='lat' dir='ltr'>P:</span> <span class='ocrx_word' id='word_1_510' title='bbox 1479 3204 1594 3243; x_wconf 67' lang='lat' dir='ltr'>ianai</span> <span class='ocrx_word' id='word_1_511' title='bbox 1618 3203 1644 3234; x_wconf 88' lang='lat' dir='ltr'>E</span> <span class='ocrx_word' id='word_1_512' title='bbox 1671 3211 1747 3234; x_wconf 90' lang='lat' dir='ltr'>cum</span> <span class='ocrx_word' id='word_1_513' title='bbox 1777 3204 1895 3240; x_wconf 84' lang='lat' dir='ltr'>paucis</span> <span class='ocrx_word' id='word_1_514' title='bbox 1921 3201 2032 3233; x_wconf 87' lang='lat' dir='ltr'>Codd.</span> 
     </span>
     <span class='ocr_line' id='line_1_50' title="bbox 285 3249 2036 3294; baseline -0.003 -9"><span class='ocrx_word' id='word_1_515' title='bbox 285 3254 388 3293; x_wconf 85' lang='lat' dir='ltr'>(corr.</span> <span class='ocrx_word' id='word_1_516' title='bbox 417 3250 471 3293; x_wconf 90' lang='lat' dir='ltr'>P.)</span> <span class='ocrx_word' id='word_1_517' title='bbox 510 3254 636 3294; x_wconf 80' lang='lat' dir='ltr'>Exigua</span> <span class='ocrx_word' id='word_1_518' title='bbox 670 3264 750 3286; x_wconf 87' lang='lat' dir='ltr'>sane</span> <span class='ocrx_word' id='word_1_519' title='bbox 787 3258 837 3286; x_wconf 84' lang='lat' dir='ltr'>est</span> <span class='ocrx_word' id='word_1_520' title='bbox 862 3254 962 3285; x_wconf 82' lang='lat' dir='ltr'>huius</span> <span class='ocrx_word' id='word_1_521' title='bbox 990 3254 1069 3285; x_wconf 83' lang='lat' dir='ltr'>lect.</span> <span class='ocrx_word' id='word_1_522' title='bbox 1097 3254 1301 3283; x_wconf 81' lang='lat' dir='ltr'>auctoritas.</span> <span class='ocrx_word' id='word_1_523' title='bbox 1331 3268 1367 3273; x_wconf 78' lang='lat'>—</span> <span class='ocrx_word' id='word_1_524' title='bbox 1413 3254 1475 3281; x_wconf 74' lang='grc' dir='ltr'><strong><em>ιιιιε</em></strong></span> <span class='ocrx_word' id='word_1_525' title='bbox 1498 3251 1648 3290; x_wconf 70' lang='lat' dir='ltr'>praemii</span> <span class='ocrx_word' id='word_1_526' title='bbox 1673 3249 1850 3280; x_wconf 77' lang='lat' dir='ltr'>VPART:</span> <span class='ocrx_word' id='word_1_527' title='bbox 1886 3249 2036 3288; x_wconf 76' lang='lat' dir='ltr'>praemii</span> 
     </span>
    </p>
   </div>
   <div class='ocr_carea' id='block_1_5' title="bbox 285 3294 2031 3388">
    <p class='ocr_par' dir='ltr' id='par_1_13' title="bbox 285 3294 2031 3388">
     <span class='ocr_line' id='line_1_51' title="bbox 285 3294 2031 3342; baseline -0.004 -9"><span class='ocrx_word' id='word_1_528' title='bbox 285 3302 312 3333; x_wconf 90' lang='lat' dir='ltr'><strong>E</strong></span> <span class='ocrx_word' id='word_1_529' title='bbox 339 3302 428 3332; x_wconf 86' lang='lat' dir='ltr'>coni.</span> <span class='ocrx_word' id='word_1_530' title='bbox 456 3316 498 3320; x_wconf 76' lang='lat'>—-</span> <span class='ocrx_word' id='word_1_531' title='bbox 525 3299 580 3329; x_wconf 80' lang='lat'>32.</span> <span class='ocrx_word' id='word_1_532' title='bbox 607 3302 791 3341; x_wconf 70' lang='lat' dir='ltr'>neqotialis</span> <span class='ocrx_word' id='word_1_533' title='bbox 816 3300 956 3334; x_wconf 73' lang='lat' dir='ltr'>PART:</span> <span class='ocrx_word' id='word_1_534' title='bbox 984 3299 1167 3342; x_wconf 66' lang='lat' dir='ltr'>neqotialts</span> <span class='ocrx_word' id='word_1_535' title='bbox 1192 3303 1239 3331; x_wconf 81' lang='lat' dir='ltr'>esc</span> <span class='ocrx_word' id='word_1_536' title='bbox 1265 3298 1335 3330; x_wconf 88' lang='lat' dir='ltr'>VE.</span> <span class='ocrx_word' id='word_1_537' title='bbox 1365 3315 1402 3322; x_wconf 90' lang='lat'>--</span> <span class='ocrx_word' id='word_1_538' title='bbox 1432 3297 1489 3329; x_wconf 83' lang='lat'>33.</span> <span class='ocrx_word' id='word_1_539' title='bbox 1518 3297 1742 3329; x_wconf 37' lang='lat' dir='ltr'>&#39;iureconsulti</span> <span class='ocrx_word' id='word_1_540' title='bbox 1766 3305 1818 3336; x_wconf 90' lang='lat' dir='ltr'>pr.</span> <span class='ocrx_word' id='word_1_541' title='bbox 1838 3294 1877 3326; x_wconf 92' lang='lat' dir='ltr'>P.</span> <span class='ocrx_word' id='word_1_542' title='bbox 1907 3312 1946 3319; x_wconf 93' lang='lat'>-—</span> <span class='ocrx_word' id='word_1_543' title='bbox 1974 3295 2031 3327; x_wconf 79' lang='lat'>37.</span> 
     </span>
     <span class='ocr_line' id='line_1_52' title="bbox 287 3346 902 3388; baseline 0 -8"><span class='ocrx_word' id='word_1_544' title='bbox 287 3349 349 3380; x_wconf 80' lang='lat' dir='ltr'>dac</span> <span class='ocrx_word' id='word_1_545' title='bbox 373 3347 464 3388; x_wconf 79' lang='lat' dir='ltr'>firmi</span> <span class='ocrx_word' id='word_1_546' title='bbox 488 3346 598 3378; x_wconf 74' lang='lat' dir='ltr'>PAT:</span> <span class='ocrx_word' id='word_1_547' title='bbox 624 3348 716 3388; x_wconf 66' lang='lat' dir='ltr'>firmi</span> <span class='ocrx_word' id='word_1_548' title='bbox 741 3348 802 3380; x_wconf 79' lang='lat' dir='ltr'>(lac</span> <span class='ocrx_word' id='word_1_549' title='bbox 827 3348 902 3380; x_wconf 81' lang='lat' dir='ltr'>RE.</span> 
     </span>
    </p>
   </div>
  </div>
 </body>
</html>
