2117 3762
649 212 717 250 Al)
750 211 803 249 M.
838 208 1047 249 But-TUM
1079 210 1119 250 C.
1151 210 1216 249 57.
1250 207 1315 249 58.
1807 210 1885 251 '455

138 329 220 357 non
252 314 413 357 habeat.
494 317 552 356 lta
591 327 745 370 paeana
783 315 933 368 probat
973 327 1105 369 eoque
1145 314 1199 356 ait
1239 316 1297 355 uti
1341 327 1507 362 omnes,
1559 315 1630 354 sed
1662 314 1773 368 ipsos
1805 330 1886 357 non

137 377 316 426 sentire,
364 391 456 419 cum
487 383 680 426 utantur;
729 389 820 416 esse
852 382 988 416 autem
1022 379 1185 418 tertium
1217 392 1263 418 ac
1295 378 1477 418 medium
1511 375 1618 417 inter
1658 376 1775 426 illos,
1817 381 1887 420 sed

138 440 193 480 ita
225 439 352 481 factos
384 454 455 481 eos
486 441 612 495 pedes
645 452 733 480 esse
756 469 766 485 ,
809 444 853 479 ut
890 439 929 478 in
962 440 1020 479 eis
1050 438 1220 493 singulis
1253 442 1398 481 modus
1429 440 1524 480 insit
1553 444 1623 480 aut
1652 439 1888 493 sesquiplex

137 508 207 542 aut
248 502 401 555 duplex
441 508 511 543 aut
550 515 637 555 par.
715 502 856 555 ltaque
900 500 980 547 illi,
1034 500 1084 542 de
1124 503 1274 556 quibus
1311 508 1404 542 ante
1446 501 1556 549 dixi,
1604 504 1889 543 tantummodo

138 565 441 606 commoditatis
471 563 704 606 habuerunt
733 563 961 610 rationem,
997 564 1147 605 nullam
1179 563 1399 617 dignitatis.
1464 566 1558 606 194.
1592 564 1755 608 Iambus
1778 567 1920 608 enims

139 635 178 669 et
209 629 393 684 dactylus
425 628 465 668 in
498 640 660 667 versum
705 628 855 666 cadunt
894 626 1089 667 maxime.
1166 629 1308 681 ltaque
1347 633 1392 667 ut
1428 641 1593 667 versum
1631 627 1811 682 sugimus
1850 629 1891 671 in

138 692 348 739 oratione,
395 689 453 731 sic
494 688 536 729 hi
577 694 671 728 sunt
711 689 891 728 evitandi
934 688 1157 730 continuati
1197 691 1339 741 pedes.
1400 689 1522 731 Aliud
1553 692 1661 731 enim
1694 690 1890 746 quiddam

138 760 200 795 est
244 754 374 795 oratio
418 765 494 793 nec
534 752 760 806 quidquam
805 750 1009 792 inimicius
1048 764 1169 806 quam
1211 750 1278 792 illa
1323 753 1525 793 versibus.
1587 754 1721 795 Paean
1753 761 1890 796 autem

138 816 306 857 minime
337 820 397 856 est
427 819 546 868 aptus
577 815 626 854 ad
649 827 836 862 versuni;
868 827 949 868 quo
973 812 1166 854 libentius
1189 826 1282 854 eum
1306 815 1463 868 recepit
1484 816 1632 857 oratio.
1695 818 1891 871 Ephorus

138 892 237 920 vero
270 891 321 919 ne
350 878 580 932 spondeum
613 875 800 931 quidem,
833 888 955 931 quem
987 874 1109 928 sugit,
1142 874 1332 928 intelligit
1353 889 1442 916 esse
1477 878 1690 930 aequalem
1712 882 1942 936 dactylo,¹o

138 954 261 997 quem
288 941 451 994 probat.
514 938 687 993 Syllabis
722 937 831 979 enim
864 937 1093 978 metiendos
1116 936 1264 992 pedeS,
1298 950 1380 978 non
1411 937 1636 981 intervallis
1657 942 1887 995 existimat3

137 1003 249 1056 quod
280 1001 391 1042 idem
421 1000 519 1041 facit
549 1000 591 1041 in
622 1003 838 1047 trochaeo,
877 999 947 1054 qui
978 998 1235 1053 temporibus
1258 1004 1299 1040 et
1320 1000 1541 1041 intervallis
1563 1007 1623 1043 est
1642 1016 1715 1057 par
1735 1004 1889 1055 iambo,

137 1063 210 1106 sed
251 1076 302 1105 eo
344 1062 514 1104 vitiosus
551 1064 592 1103 in
632 1062 846 1110 oratione,
894 1062 928 1102 si
960 1068 1138 1116 ponatur
1167 1067 1397 1111 extremus,
1446 1065 1557 1117 quod
1587 1064 1715 1106 verba
1747 1067 1893 1110 melius

135 1127 178 1168 in
207 1124 383 1181 syllabas
413 1125 623 1180 longiores
655 1128 819 1167 cadunt.
881 1126 1014 1179 Atque
1044 1126 1171 1173 haec,
1215 1138 1319 1180 quae
1351 1130 1444 1166 sunt
1473 1128 1582 1181 apud
1610 1127 1890 1180 Aristotelem,

136 1191 281 1230 eadem
326 1203 349 1230 a
395 1188 680 1244 Theophrasto
728 1188 1053 1243 Theodecteque
1095 1187 1145 1229 de
1174 1200 1333 1243 paeane
1375 1187 1582 1231 dicuntur.
1664 1193 1757 1233 195.
1805 1196 1940 1248 Egois

135 1257 273 1293 autem
303 1252 435 1293 sentio
468 1264 610 1292 omnes
641 1250 683 1291 in
715 1249 904 1292 oratione
938 1263 1027 1291 esse
1059 1251 1177 1305 quasi
1208 1252 1439 1304 permixtos
1471 1257 1511 1293 et
1532 1253 1728 1296 confusos
1748 1258 1889 1311 pedes.

135 1315 220 1355 Nec
251 1316 360 1355 enim
393 1313 576 1368 effugere
607 1326 820 1368 possemus
850 1313 1276 1363 animadversionem,
1310 1315 1344 1356 si
1374 1328 1541 1368 semper
1570 1315 1725 1358 eisdem
1756 1325 1894 1362 utere-

135 1390 248 1424 mur,
293 1376 389 1432 quia
435 1390 510 1417 nec
549 1388 771 1417 numerosa
816 1388 906 1416 esse
945 1381 990 1417 ut
1036 1381 1186 1431 poema
1223 1391 1359 1432 neque
1400 1384 1517 1419 extra
1554 1393 1799 1431 numerum,
1849 1388 1894 1425 ut

136 1451 273 1480 sermo
312 1439 423 1493 vulgi
464 1443 546 1487 est,
595 1436 718 1479 debet
758 1437 907 1482 oratio.
966 1437 1150 1480 Alterum
1181 1440 1303 1481 nimis
1334 1446 1397 1482 est
1425 1440 1626 1491 vinctum,
1674 1450 1719 1486 ut
1751 1447 1802 1486 de
1831 1445 1894 1487 in-

136 1500 294 1542 dustria
332 1502 485 1542 factum
525 1505 737 1556 appareat,
782 1500 960 1542 alterum
990 1502 1113 1542 nimis
1144 1501 1416 1553 dissolutum,
1463 1510 1509 1546 ut
1545 1514 1814 1562 pervagatum
1844 1523 1892 1550 ac
1906 1526 1942 1551 20

134 1564 307 1618 vulgare
338 1562 552 1613 videatur3
586 1569 631 1604 ut
660 1565 711 1604 ab
743 1562 872 1604 altero
904 1577 988 1605 non
1019 1562 1246 1614 delectere,
1280 1567 1460 1608 alterum
1483 1570 1638 1611 oderis.
1702 1573 1796 1612 196.
1831 1573 1894 1613 Sit

135 1624 290 1680 igitur,
333 1631 379 1666 ut
408 1639 531 1681 supra
561 1625 671 1673 dixi,
708 1625 912 1679 permixta
942 1631 983 1668 et
1013 1632 1239 1683 temperata
1268 1631 1454 1671 numeris
1485 1644 1561 1673 nec
1590 1631 1788 1675 dissoluta
1817 1648 1895 1676 nec

134 1693 221 1729 tota
251 1701 494 1737 numerosa,
536 1701 693 1742 paeane
724 1688 930 1738 maxime,
978 1690 1176 1745 quoniam
1217 1693 1399 1747 optimus
1436 1699 1583 1736 auctor
1626 1695 1681 1738 ita
1722 1703 1890 1747 censet,

135 1752 209 1792 sed
241 1750 410 1805 reliquis
441 1751 565 1792 etiam
595 1752 799 1798 numeris,
832 1765 937 1805 quos
966 1751 1035 1811 ilie
1067 1756 1288 1807 praeterit,
1321 1756 1350 1807 †
1374 1761 1617 1811 temperata.

247 1815 390 1855 LVIII.
422 1814 537 1863 Quos
567 1820 703 1855 autem
735 1828 931 1855 numeros
963 1828 1056 1856 cum
1079 1815 1231 1872 quibus
1252 1823 1460 1872 tamquam
1481 1833 1706 1875 purpuram
1728 1822 1892 1864 misceri
1906 1837 1942 1864 25

136 1880 349 1930 oporteat,
397 1889 507 1917 nunc
547 1877 766 1917 dicendum
801 1882 882 1925 est,
932 1883 1054 1932 atque
1097 1878 1218 1920 etiam
1249 1878 1400 1936 quibus
1442 1883 1642 1924 orationis
1671 1883 1893 1938 generibus

136 1939 217 1979 sint
245 1939 400 1994 quique
432 1938 864 1981 accommodatissimi.
936 1942 1100 1982 Iambus
1133 1942 1241 1983 enim
1272 1941 1632 1997 frequentissimus
1663 1952 1725 1988 est
1751 1948 1794 1989 in
1823 1947 1890 1997 iis,

135 2013 242 2056 quae
286 1999 467 2044 demisso
512 2007 634 2058 atque
680 2003 827 2043 humili
871 2015 1065 2044 sermone
1096 2002 1312 2054 dicuntur;
1368 2006 1461 2047 197.
1508 2020 1641 2060 paean
1680 2015 1820 2051 autem
1850 2012 1894 2052 in

135 2063 432 2119 amplioribus,
463 2063 506 2106 in
535 2070 715 2119 utroque
746 2063 945 2119 dactylus.
1013 2066 1157 2121 Itaque
1187 2065 1229 2107 in
1258 2067 1373 2108 varia
1403 2073 1446 2109 et
1473 2076 1675 2124 perpetua
1706 2072 1894 2115 oratione

135 2127 179 2167 hi
223 2132 318 2167 sunt
360 2128 468 2169 inter
512 2140 556 2168 se
596 2127 796 2169 miscendi
839 2132 880 2168 et
910 2129 1181 2183 temperandi.
1244 2129 1310 2170 Sic
1340 2129 1510 2172 minime
1540 2131 1943 2178 animadverteturso

138 2186 422 2231 delectationis
461 2188 684 2243 aucupium
727 2195 768 2231 et
808 2189 1073 2245 quadrandae
1108 2191 1310 2233 orationis
1340 2192 1568 2245 industria;
1615 2209 1722 2251 quae
1751 2196 1896 2242 latebit

138 2263 189 2292 eo
211 2251 365 2305 magis,
397 2253 430 2293 si
462 2257 503 2294 et
523 2250 749 2293 verborum
780 2257 821 2293 et
849 2253 1146 2296 sententiarum
1176 2256 1431 2310 ponderibus
1461 2261 1640 2300 utemur.
1699 2261 1801 2302 Nam
1823 2261 1895 2317 qui

138 2313 310 2356 audiunt
338 2313 440 2356 haec
471 2317 554 2356 duo
583 2313 914 2356 animadvertunt
942 2321 982 2357 et
1009 2315 1190 2359 iucunda
1219 2316 1297 2359 sibi
1328 2324 1518 2369 censent,
1563 2322 1691 2363 verba
1729 2322 1821 2365 dieo
1853 2329 1893 2366 et

138 2377 389 2427 sententias,
436 2390 566 2433 eaque
604 2378 702 2418 dum
739 2376 888 2419 animis
927 2378 1088 2420 attentis
1119 2379 1370 2423 admirantes
1401 2384 1634 2438 excipiunt,
1677 2386 1784 2441 fugit
1821 2400 1893 2429 eos

140 2445 181 2480 et
208 2441 488 2495 praetervolat
516 2453 738 2491 numerus;
778 2440 849 2495 qui
879 2446 1017 2482 tamen
1048 2441 1082 2482 si
1112 2441 1299 2493 abesset,
1333 2444 1401 2487 illa
1431 2445 1519 2501 ipsa
1550 2447 1685 2491 minus
1717 2449 1892 2491 delecta·
1907 2462 1942 2490 35

137 2508 244 2544 rent.
318 2505 412 2549 198.
461 2505 548 2545 Nec
576 2516 676 2545 vero
705 2504 740 2544 is
770 2517 914 2545 cursus
944 2510 1006 2546 est
1034 2518 1325 2556 numerorum,
1364 2510 1564 2551 orationis
1595 2509 1686 2552 dico
1716 2535 1770 2543 —
1799 2526 1894 2554 nam

141 2570 204 2607 est
232 2566 356 2622 longe
386 2565 507 2608 aliter
535 2567 578 2607 in
609 2564 799 2609 versibus
826 2589 894 2614 —·,
926 2566 1031 2608 nihil
1060 2573 1105 2608 ut
1133 2566 1202 2611 fiat
1232 2576 1351 2612 extra
1380 2573 1574 2625 modum;
1607 2587 1701 2616 nam
1729 2573 1772 2615 id
1804 2574 1894 2630 qui-

231 2733 265 2766 9.
291 2734 415 2774 recipit
438 2734 506 2767 Vit.
532 2733 630 2766 Mon.
660 2734 704 2765 R.
751 2734 809 2768 (Ut
834 2743 895 2767 nos
913 2758 921 2771 ,
949 2734 1048 2767 Eius.
1076 2735 1142 2768 Gu.
1171 2737 1204 2768 1.
1232 2735 1284 2778 2.)
1325 2755 1364 2762 -
1411 2738 1466 2771 13.
1495 2742 1657 2774 vitiosius
1692 2742 1760 2773 Vit.
1792 2742 1890 2775 Eius.

141 2777 265 2814 Dresd.
292 2781 341 2818 R,
366 2782 512 2812 vitiosus
534 2784 582 2813 est
607 2781 716 2821 Marg.
743 2781 882 2820 Repett.
909 2781 1032 2814 Lamb.
1062 2798 1102 2805 -
1130 2783 1186 2815 18.
1211 2793 1272 2816 nec
1295 2785 1392 2817 Eius·
1420 2787 1473 2819 R:
1507 2797 1616 2829 neque
1641 2797 1720 2820 eum
1748 2790 1823 2820 aliis
1848 2790 1889 2822 E.

141 2842 187 2849 —
223 2826 280 2859 19,
317 2827 414 2868 vulyi
439 2832 488 2859 est
515 2827 583 2859 vn.
611 2828 708 2860 Eins.
735 2827 796 2859 Dr.
825 2827 893 2859 Gu.
922 2829 954 2860 1.
980 2829 1042 2860 2.:
1080 2830 1202 2872 vulgi,
1240 2840 1306 2864 esse
1333 2832 1403 2864 RE.
1446 2851 1482 2857 —
1528 2834 1584 2868 24.
1612 2833 1819 2876 temperata]
1848 2836 1889 2868 V.

144 2877 345 2914 suspectum
383 2878 523 2913 propter
560 2874 804 2914 praecedentia
838 2876 1017 2915 permioeta
1043 2879 1072 2906 et
1098 2881 1311 2917 temper-acm
1354 2880 1448 2912 unde
1485 2881 1587 2920 vide,
1631 2891 1673 2914 ne
1701 2891 1820 2914 verum
1847 2884 1892 2915 sit

142 2920 258 2953 viteb.
285 2926 491 2960 comparata
518 2925 626 2960 prima
651 2921 725 2954 scil.
753 2919 847 2953 verbi
873 2922 1149 2962 significatione,
1189 2933 1279 2964 quae
1306 2929 1478 2965 reperitur
1503 2929 1606 2960 etiam
1633 2929 1726 2968 apud
1754 2928 1892 2962 Cicero-

144 2976 250 3000 nem:
295 2968 545 3006 «aequabiliter
581 2967 682 3007 (scita
718 2968 792 3000 scil.
830 2976 907 3000 cum
943 2969 1147 3010 variatione)
1183 2975 1393 3012 composita,
1433 2974 1672 3017 qleichmdssiq
1705 2984 1749 3006 zu
1784 2977 1892 3008 einem

143 3015 290 3046 schonen
316 3011 457 3046 Ganzen
491 3015 658 3046 vercint.»
694 3031 738 3039 —
778 3014 834 3047 19.
862 3015 985 3056 ltaque
1011 3016 1157 3049 Rufinus
1183 3018 1247 3049 Ed.
1276 3025 1413 3052 nostrae
1441 3029 1474 3059 p.
1504 3020 1585 3052 194.
1613 3026 1648 3053 et
1674 3022 1796 3054 Eius.:
1832 3023 1892 3055 Ita

144 3069 222 3093 cum
249 3060 322 3092 anis
341 3059 412 3091 RE.
442 3076 481 3083 —
508 3060 565 3092 30.
592 3065 671 3093 sunt
696 3061 952 3094 intermiscendi
975 3062 1036 3093 Dr.
1067 3063 1133 3095 Gn.
1163 3064 1194 3095 1.
1222 3064 1257 3096 2.
1284 3066 1324 3097 R.
1352 3083 1396 3088 —
1421 3066 1477 3098 35.
1505 3067 1584 3107 ipsa
1607 3069 1721 3100 minus
1747 3068 1893 3101 delecta-

143 3112 222 3140 rent
247 3106 462 3147 Purgoldus:
504 3108 581 3148 ipsa
605 3108 815 3140 delectarent
841 3111 928 3147 (om.
955 3108 1080 3149 minus)
1120 3118 1198 3142 cum
1235 3111 1328 3144 libris
1355 3112 1380 3144 E
1407 3117 1441 3145 et
1464 3112 1579 3146 Peter.
1631 3114 1758 3148 Verum
1797 3121 1891 3149 recte

145 3154 203 3186 ille
227 3162 267 3186 ex
291 3161 368 3192 seq.
393 3154 530 3192 minus,
557 3154 600 3185 at.
626 3155 782 3190 nimius,
816 3155 964 3187 luxatam
990 3158 1184 3190 orationem
1210 3160 1372 3190 correxit.
1402 3176 1438 3184 -
1468 3159 1525 3191 36.
1552 3161 1583 3192 is
1608 3170 1724 3195 cursus
1748 3162 1891 3204 Purgol-

145 3203 237 3233 dus:
280 3201 310 3231 is
342 3199 457 3230 minus
482 3208 603 3231 cursus
628 3199 698 3231 Vit.
725 3201 821 3233 Eins.
847 3201 972 3234 Dresd.
1000 3202 1066 3234 Gu.
1094 3205 1127 3235 1.
1155 3205 1190 3235 2.
1234 3209 1267 3238 et
1294 3205 1418 3245 Regii,
1453 3206 1582 3239 nimius
1605 3209 1635 3241 is
1659 3209 1689 3241 R
1715 3214 1749 3243 et
1773 3209 1889 3248 Peter,

144 3249 175 3279 is
198 3248 328 3278 nimius
352 3255 470 3278 cursus
497 3255 573 3278 cum
600 3247 687 3278 Aldu
712 3247 738 3278 E
756 3270 764 3285 ,
804 3249 896 3287 quod
922 3254 1111 3291 utrumque
1137 3255 1171 3283 et
1195 3251 1372 3284 Latinitati
1398 3259 1568 3294 repugnat
1593 3260 1628 3288 et
1651 3265 1755 3290 sensu
1782 3261 1888 3289 caret.

149 3311 187 3318 —
217 3293 258 3327 V.
284 3301 511 3326 numerorum
535 3296 609 3326 stne
635 3301 736 3326 causa
761 3293 904 3327 seclusit
928 3295 968 3328 E.
