<?xml version="1.0" encoding="UTF-8"?>
<!DOCTYPE html PUBLIC "-//W3C//DTD XHTML 1.0 Transitional//EN"
    "http://www.w3.org/TR/xhtml1/DTD/xhtml1-transitional.dtd">
<html xmlns="http://www.w3.org/1999/xhtml" xml:lang="en" lang="en">
 <head>
  <title>
</title>
<meta http-equiv="Content-Type" content="text/html;charset=utf-8" />
  <meta name='ocr-system' content='tesseract 3.04.00' />
  <meta name='ocr-capabilities' content='ocr_page ocr_carea ocr_par ocr_line ocrx_word'/>
</head>
<body>
  <div class='ocr_page' id='page_1' title='image "./operaquaesupersu01ciceuoft/operaquaesupersu01ciceuoft_0315.png"; bbox 0 0 2117 3762; ppageno 0'>
   <div class='ocr_carea' id='block_1_1' title="bbox 706 274 1892 322">
    <p class='ocr_par' dir='ltr' id='par_1_1' title="bbox 706 274 1892 322">
     <span class='ocr_line' id='line_1_1' title="bbox 706 274 1892 322; baseline 0.006 -8"><span class='ocrx_word' id='word_1_1' title='bbox 706 275 806 315; x_wconf 88' lang='lat' dir='ltr'>LIB.</span> <span class='ocrx_word' id='word_1_2' title='bbox 842 275 915 315; x_wconf 87' lang='lat'>111.</span> <span class='ocrx_word' id='word_1_3' title='bbox 978 274 1022 316; x_wconf 89' lang='lat' dir='ltr'>C.</span> <span class='ocrx_word' id='word_1_4' title='bbox 1061 278 1123 320; x_wconf 76' lang='lat'><strong>12.</strong></span> <span class='ocrx_word' id='word_1_5' title='bbox 1159 278 1223 318; x_wconf 88' lang='lat'><strong>13.</strong></span> <span class='ocrx_word' id='word_1_6' title='bbox 1256 277 1321 317; x_wconf 65' lang='lat'><strong>14.</strong></span> <span class='ocrx_word' id='word_1_7' title='bbox 1812 282 1892 322; x_wconf 90' lang='grc'>303</span> 
     </span>
    </p>
   </div>
   <div class='ocr_carea' id='block_1_2' title="bbox 130 378 1944 1875">
    <p class='ocr_par' dir='ltr' id='par_1_2' title="bbox 130 378 1944 1875">
     <span class='ocr_line' id='line_1_2' title="bbox 139 378 1891 434; baseline 0.002 -12"><span class='ocrx_word' id='word_1_8' title='bbox 139 378 270 422; x_wconf 86' lang='lat' dir='ltr'>verbo</span> <span class='ocrx_word' id='word_1_9' title='bbox 301 385 371 422; x_wconf 90' lang='lat' dir='ltr'>aut</span> <span class='ocrx_word' id='word_1_10' title='bbox 399 393 616 428; x_wconf 87' lang='lat' dir='ltr'>sermone,</span> <span class='ocrx_word' id='word_1_11' title='bbox 650 394 732 421; x_wconf 92' lang='lat' dir='ltr'>non</span> <span class='ocrx_word' id='word_1_12' title='bbox 762 379 884 421; x_wconf 90' lang='lat' dir='ltr'>nimis</span> <span class='ocrx_word' id='word_1_13' title='bbox 914 380 1033 434; x_wconf 80' lang='lat' dir='ltr'>longa</span> <span class='ocrx_word' id='word_1_14' title='bbox 1058 382 1367 423; x_wconf 80' lang='lat' dir='ltr'>continuatione</span> <span class='ocrx_word' id='word_1_15' title='bbox 1388 383 1637 433; x_wconf 85' lang='lat' dir='ltr'>verborum,</span> <span class='ocrx_word' id='word_1_16' title='bbox 1667 396 1750 424; x_wconf 95' lang='lat' dir='ltr'>non</span> <span class='ocrx_word' id='word_1_17' title='bbox 1773 386 1891 426; x_wconf 81' lang='lat' dir='ltr'>valde</span> 
     </span>
     <span class='ocr_line' id='line_1_3' title="bbox 139 442 1892 498; baseline 0.002 -15"><span class='ocrx_word' id='word_1_18' title='bbox 139 442 351 498; x_wconf 79' lang='lat' dir='ltr'>productis</span> <span class='ocrx_word' id='word_1_19' title='bbox 381 444 449 492; x_wconf 88' lang='lat' dir='ltr'>iis,</span> <span class='ocrx_word' id='word_1_20' title='bbox 491 457 596 498; x_wconf 89' lang='lat' dir='ltr'>quae</span> <span class='ocrx_word' id='word_1_21' title='bbox 626 442 903 484; x_wconf 81' lang='lat' dir='ltr'>similitudinis</span> <span class='ocrx_word' id='word_1_22' title='bbox 934 459 1056 485; x_wconf 84' lang='lat' dir='ltr'>causa</span> <span class='ocrx_word' id='word_1_23' title='bbox 1088 459 1139 486; x_wconf 86' lang='lat' dir='ltr'>ex</span> <span class='ocrx_word' id='word_1_24' title='bbox 1170 446 1260 485; x_wconf 90' lang='lat' dir='ltr'>aliis</span> <span class='ocrx_word' id='word_1_25' title='bbox 1291 447 1415 486; x_wconf 91' lang='lat' dir='ltr'>rebus</span> <span class='ocrx_word' id='word_1_26' title='bbox 1446 443 1765 493; x_wconf 81' lang='lat' dir='ltr'>transferuntur,</span> <span class='ocrx_word' id='word_1_27' title='bbox 1809 461 1892 487; x_wconf 93' lang='lat' dir='ltr'>non</span> 
     </span>
     <span class='ocr_line' id='line_1_4' title="bbox 137 505 1891 563; baseline 0.001 -17"><span class='ocrx_word' id='word_1_28' title='bbox 137 505 356 562; x_wconf 77' lang='lat' dir='ltr'>discerptis</span> <span class='ocrx_word' id='word_1_29' title='bbox 388 507 624 553; x_wconf 80' lang='lat' dir='ltr'>sententiis,</span> <span class='ocrx_word' id='word_1_30' title='bbox 657 520 739 547; x_wconf 91' lang='lat' dir='ltr'>non</span> <span class='ocrx_word' id='word_1_31' title='bbox 762 507 1040 561; x_wconf 72' lang='lat' dir='ltr'>praeposteris</span> <span class='ocrx_word' id='word_1_32' title='bbox 1061 506 1319 560; x_wconf 84' lang='lat' dir='ltr'>temporibus</span> <span class='ocrx_word' id='word_1_33' title='bbox 1334 538 1344 555; x_wconf 95' lang='lat'>,</span> <span class='ocrx_word' id='word_1_34' title='bbox 1377 520 1460 549; x_wconf 91' lang='lat' dir='ltr'>non</span> <span class='ocrx_word' id='word_1_35' title='bbox 1481 507 1664 548; x_wconf 86' lang='lat' dir='ltr'>confusis</span> <span class='ocrx_word' id='word_1_36' title='bbox 1685 510 1891 563; x_wconf 71' lang='lat' dir='ltr'>personis,</span> 
     </span>
     <span class='ocr_line' id='line_1_5' title="bbox 137 568 1892 623; baseline 0.001 -14"><span class='ocrx_word' id='word_1_37' title='bbox 137 583 221 610; x_wconf 90' lang='lat' dir='ltr'>non</span> <span class='ocrx_word' id='word_1_38' title='bbox 253 572 496 623; x_wconf 87' lang='lat' dir='ltr'>perturbato</span> <span class='ocrx_word' id='word_1_39' title='bbox 527 568 688 610; x_wconf 86' lang='lat' dir='ltr'>ordine.</span> <span class='ocrx_word' id='word_1_40' title='bbox 752 568 859 618; x_wconf 88' lang='lat' dir='ltr'>Quid</span> <span class='ocrx_word' id='word_1_41' title='bbox 890 569 1044 610; x_wconf 75' lang='lat' dir='ltr'>multa?</span> <span class='ocrx_word' id='word_1_42' title='bbox 1096 575 1178 610; x_wconf 90' lang='lat' dir='ltr'>tam</span> <span class='ocrx_word' id='word_1_43' title='bbox 1214 569 1344 610; x_wconf 82' lang='lat' dir='ltr'>facilis</span> <span class='ocrx_word' id='word_1_44' title='bbox 1375 576 1436 611; x_wconf 90' lang='lat' dir='ltr'>est</span> <span class='ocrx_word' id='word_1_45' title='bbox 1466 575 1549 611; x_wconf 90' lang='lat' dir='ltr'>tota</span> <span class='ocrx_word' id='word_1_46' title='bbox 1580 583 1669 619; x_wconf 86' lang='lat' dir='ltr'>res,</span> <span class='ocrx_word' id='word_1_47' title='bbox 1717 577 1762 611; x_wconf 92' lang='lat' dir='ltr'>ut</span> <span class='ocrx_word' id='word_1_48' title='bbox 1794 572 1892 611; x_wconf 89' lang='lat' dir='ltr'>mihi</span> 
     </span>
     <span class='ocr_line' id='line_1_6' title="bbox 137 630 1924 687; baseline 0.002 -15"><span class='ocrx_word' id='word_1_49' title='bbox 137 633 365 684; x_wconf 89' lang='lat' dir='ltr'>permirum</span> <span class='ocrx_word' id='word_1_50' title='bbox 396 645 516 687; x_wconf 84' lang='lat' dir='ltr'>saepe</span> <span class='ocrx_word' id='word_1_51' title='bbox 547 632 759 678; x_wconf 81' lang='lat' dir='ltr'>videatur,</span> <span class='ocrx_word' id='word_1_52' title='bbox 792 645 883 672; x_wconf 92' lang='lat' dir='ltr'>cum</span> <span class='ocrx_word' id='word_1_53' title='bbox 915 630 1122 672; x_wconf 81' lang='lat' dir='ltr'>difficilius</span> <span class='ocrx_word' id='word_1_54' title='bbox 1145 631 1418 684; x_wconf 81' lang='lat' dir='ltr'>intelligatur,</span> <span class='ocrx_word' id='word_1_55' title='bbox 1454 631 1551 687; x_wconf 86' lang='lat' dir='ltr'>quid</span> <span class='ocrx_word' id='word_1_56' title='bbox 1576 638 1775 686; x_wconf 89' lang='lat' dir='ltr'>patronus</span> <span class='ocrx_word' id='word_1_57' title='bbox 1796 633 1924 679; x_wconf 78' lang='lat' dir='ltr'>velit5</span> 
     </span>
     <span class='ocr_line' id='line_1_7' title="bbox 136 692 1889 749; baseline 0.002 -15"><span class='ocrx_word' id='word_1_58' title='bbox 136 693 294 742; x_wconf 89' lang='lat' dir='ltr'>dicere,</span> <span class='ocrx_word' id='word_1_59' title='bbox 339 708 463 748; x_wconf 91' lang='lat' dir='ltr'>quam</span> <span class='ocrx_word' id='word_1_60' title='bbox 494 693 527 734; x_wconf 91' lang='lat' dir='ltr'>si</span> <span class='ocrx_word' id='word_1_61' title='bbox 559 695 647 746; x_wconf 85' lang='lat' dir='ltr'>ipse</span> <span class='ocrx_word' id='word_1_62' title='bbox 679 693 769 741; x_wconf 84' lang='lat' dir='ltr'>illc,</span> <span class='ocrx_word' id='word_1_63' title='bbox 817 695 885 749; x_wconf 90' lang='lat' dir='ltr'>qui</span> <span class='ocrx_word' id='word_1_64' title='bbox 929 700 1147 747; x_wconf 88' lang='lat' dir='ltr'>patronum</span> <span class='ocrx_word' id='word_1_65' title='bbox 1188 692 1377 741; x_wconf 87' lang='lat' dir='ltr'>adhibet,</span> <span class='ocrx_word' id='word_1_66' title='bbox 1428 696 1478 736; x_wconf 88' lang='lat' dir='ltr'>de</span> <span class='ocrx_word' id='word_1_67' title='bbox 1521 708 1567 736; x_wconf 89' lang='lat' dir='ltr'>re</span> <span class='ocrx_word' id='word_1_68' title='bbox 1605 709 1678 737; x_wconf 89' lang='lat' dir='ltr'>sua</span> <span class='ocrx_word' id='word_1_69' title='bbox 1718 695 1889 737; x_wconf 88' lang='lat' dir='ltr'>diceret.</span> 
     </span>
     <span class='ocr_line' id='line_1_8' title="bbox 136 753 1894 813; baseline 0.002 -16"><span class='ocrx_word' id='word_1_70' title='bbox 136 758 202 797; x_wconf 89' lang='lat'>50.</span> <span class='ocrx_word' id='word_1_71' title='bbox 233 756 304 798; x_wconf 86' lang='lat' dir='ltr'>Isti</span> <span class='ocrx_word' id='word_1_72' title='bbox 336 757 468 803; x_wconf 89' lang='lat' dir='ltr'>enim,</span> <span class='ocrx_word' id='word_1_73' title='bbox 514 755 585 810; x_wconf 90' lang='lat' dir='ltr'>qui</span> <span class='ocrx_word' id='word_1_74' title='bbox 616 753 668 795; x_wconf 85' lang='lat' dir='ltr'>ad</span> <span class='ocrx_word' id='word_1_75' title='bbox 699 769 773 795; x_wconf 87' lang='lat' dir='ltr'>nos</span> <span class='ocrx_word' id='word_1_76' title='bbox 804 768 947 796; x_wconf 86' lang='lat' dir='ltr'>causas</span> <span class='ocrx_word' id='word_1_77' title='bbox 979 755 1192 803; x_wconf 89' lang='lat' dir='ltr'>deferunt,</span> <span class='ocrx_word' id='word_1_78' title='bbox 1240 758 1293 796; x_wconf 91' lang='lat' dir='ltr'>ita</span> <span class='ocrx_word' id='word_1_79' title='bbox 1324 771 1400 797; x_wconf 87' lang='lat' dir='ltr'>nos</span> <span class='ocrx_word' id='word_1_80' title='bbox 1429 757 1672 813; x_wconf 88' lang='lat' dir='ltr'>plerumque</span> <span class='ocrx_word' id='word_1_81' title='bbox 1703 758 1780 813; x_wconf 89' lang='lat' dir='ltr'>ipsi</span> <span class='ocrx_word' id='word_1_82' title='bbox 1821 760 1894 800; x_wconf 93' lang='lat' dir='ltr'>do-</span> 
     </span>
     <span class='ocr_line' id='line_1_9' title="bbox 135 816 1890 872; baseline 0.002 -13"><span class='ocrx_word' id='word_1_83' title='bbox 135 824 252 866; x_wconf 85' lang='lat' dir='ltr'>cent,</span> <span class='ocrx_word' id='word_1_84' title='bbox 302 824 347 859; x_wconf 96' lang='lat' dir='ltr'>ut</span> <span class='ocrx_word' id='word_1_85' title='bbox 378 831 459 859; x_wconf 92' lang='lat' dir='ltr'>non</span> <span class='ocrx_word' id='word_1_86' title='bbox 492 816 702 858; x_wconf 84' lang='lat' dir='ltr'>desideres</span> <span class='ocrx_word' id='word_1_87' title='bbox 733 819 894 872; x_wconf 90' lang='lat' dir='ltr'>planius</span> <span class='ocrx_word' id='word_1_88' title='bbox 925 816 1018 859; x_wconf 86' lang='lat' dir='ltr'>dici.</span> <span class='ocrx_word' id='word_1_89' title='bbox 1075 820 1251 858; x_wconf 89' lang='lat' dir='ltr'>Easdem</span> <span class='ocrx_word' id='word_1_90' title='bbox 1282 832 1350 859; x_wconf 91' lang='lat' dir='ltr'>res</span> <span class='ocrx_word' id='word_1_91' title='bbox 1381 826 1517 860; x_wconf 83' lang='lat' dir='ltr'>autem</span> <span class='ocrx_word' id='word_1_92' title='bbox 1550 820 1721 862; x_wconf 90' lang='lat' dir='ltr'>simulac</span> <span class='ocrx_word' id='word_1_93' title='bbox 1754 820 1890 863; x_wconf 88' lang='lat' dir='ltr'>Fufius</span> 
     </span>
     <span class='ocr_line' id='line_1_10' title="bbox 135 879 1891 938; baseline 0.003 -17"><span class='ocrx_word' id='word_1_94' title='bbox 135 887 205 921; x_wconf 89' lang='lat' dir='ltr'>aut</span> <span class='ocrx_word' id='word_1_95' title='bbox 234 886 373 922; x_wconf 87' lang='lat' dir='ltr'>vester</span> <span class='ocrx_word' id='word_1_96' title='bbox 401 879 584 935; x_wconf 89' lang='lat' dir='ltr'>aequalis</span> <span class='ocrx_word' id='word_1_97' title='bbox 616 881 868 935; x_wconf 88' lang='lat' dir='ltr'>Pomponius</span> <span class='ocrx_word' id='word_1_98' title='bbox 898 894 1022 934; x_wconf 86' lang='lat' dir='ltr'>agere</span> <span class='ocrx_word' id='word_1_99' title='bbox 1054 881 1212 935; x_wconf 87' lang='lat' dir='ltr'>coepit,</span> <span class='ocrx_word' id='word_1_100' title='bbox 1261 895 1344 922; x_wconf 90' lang='lat' dir='ltr'>non</span> <span class='ocrx_word' id='word_1_101' title='bbox 1386 895 1540 937; x_wconf 87' lang='lat' dir='ltr'>aeque,</span> <span class='ocrx_word' id='word_1_102' title='bbox 1590 885 1688 938; x_wconf 91' lang='lat' dir='ltr'>quid</span> <span class='ocrx_word' id='word_1_103' title='bbox 1732 883 1891 933; x_wconf 91' lang='lat' dir='ltr'>dicant,</span> 
     </span>
     <span class='ocr_line' id='line_1_11' title="bbox 135 941 1944 1001; baseline 0.003 -17"><span class='ocrx_word' id='word_1_104' title='bbox 135 943 214 984; x_wconf 89' lang='lat' dir='ltr'>nisi</span> <span class='ocrx_word' id='word_1_105' title='bbox 243 941 467 984; x_wconf 85' lang='lat' dir='ltr'>admodum</span> <span class='ocrx_word' id='word_1_106' title='bbox 499 941 674 989; x_wconf 86' lang='lat' dir='ltr'>attendi,</span> <span class='ocrx_word' id='word_1_107' title='bbox 709 942 920 996; x_wconf 80' lang='lat' dir='ltr'>intellig03</span> <span class='ocrx_word' id='word_1_108' title='bbox 967 943 1021 983; x_wconf 90' lang='lat' dir='ltr'>ita</span> <span class='ocrx_word' id='word_1_109' title='bbox 1053 942 1224 984; x_wconf 87' lang='lat' dir='ltr'>consusa</span> <span class='ocrx_word' id='word_1_110' title='bbox 1255 949 1317 984; x_wconf 90' lang='lat' dir='ltr'>est</span> <span class='ocrx_word' id='word_1_111' title='bbox 1348 944 1503 992; x_wconf 86' lang='lat' dir='ltr'>oratio,</span> <span class='ocrx_word' id='word_1_112' title='bbox 1543 947 1596 986; x_wconf 91' lang='lat' dir='ltr'>ita</span> <span class='ocrx_word' id='word_1_113' title='bbox 1627 949 1944 1001; x_wconf 69' lang='lat' dir='ltr'>perturbata,10</span> 
     </span>
     <span class='ocr_line' id='line_1_12' title="bbox 135 1004 1891 1062; baseline 0.003 -17"><span class='ocrx_word' id='word_1_114' title='bbox 135 1004 237 1045; x_wconf 87' lang='lat' dir='ltr'>nihil</span> <span class='ocrx_word' id='word_1_115' title='bbox 277 1010 322 1046; x_wconf 90' lang='lat' dir='ltr'>ut</span> <span class='ocrx_word' id='word_1_116' title='bbox 360 1004 413 1046; x_wconf 88' lang='lat' dir='ltr'>sit</span> <span class='ocrx_word' id='word_1_117' title='bbox 450 1005 654 1058; x_wconf 89' lang='lat' dir='ltr'>primum,</span> <span class='ocrx_word' id='word_1_118' title='bbox 707 1005 808 1046; x_wconf 85' lang='lat' dir='ltr'>nihil</span> <span class='ocrx_word' id='word_1_119' title='bbox 840 1011 884 1045; x_wconf 93' lang='lat' dir='ltr'>ut</span> <span class='ocrx_word' id='word_1_120' title='bbox 914 1006 1163 1052; x_wconf 88' lang='lat' dir='ltr'>secundum,</span> <span class='ocrx_word' id='word_1_121' title='bbox 1214 1011 1406 1062; x_wconf 85' lang='lat' dir='ltr'>tantaque</span> <span class='ocrx_word' id='word_1_122' title='bbox 1448 1007 1665 1049; x_wconf 88' lang='lat' dir='ltr'>insolentia</span> <span class='ocrx_word' id='word_1_123' title='bbox 1696 1022 1742 1050; x_wconf 88' lang='lat' dir='ltr'>ac</span> <span class='ocrx_word' id='word_1_124' title='bbox 1772 1011 1891 1051; x_wconf 88' lang='lat' dir='ltr'>turba</span> 
     </span>
     <span class='ocr_line' id='line_1_13' title="bbox 133 1065 1890 1123; baseline 0.004 -16"><span class='ocrx_word' id='word_1_125' title='bbox 133 1065 384 1114; x_wconf 84' lang='lat' dir='ltr'>verborum,</span> <span class='ocrx_word' id='word_1_126' title='bbox 416 1073 461 1108; x_wconf 90' lang='lat' dir='ltr'>ut</span> <span class='ocrx_word' id='word_1_127' title='bbox 480 1069 610 1108; x_wconf 90' lang='lat' dir='ltr'>oratio</span> <span class='ocrx_word' id='word_1_128' title='bbox 630 1099 640 1115; x_wconf 95' lang='lat'><strong><em>‚</em></strong></span> <span class='ocrx_word' id='word_1_129' title='bbox 675 1081 778 1123; x_wconf 84' lang='lat' dir='ltr'>quae</span> <span class='ocrx_word' id='word_1_130' title='bbox 799 1069 937 1108; x_wconf 91' lang='lat' dir='ltr'>lumen</span> <span class='ocrx_word' id='word_1_131' title='bbox 967 1066 1168 1108; x_wconf 88' lang='lat' dir='ltr'>adhibere</span> <span class='ocrx_word' id='word_1_132' title='bbox 1198 1067 1322 1109; x_wconf 87' lang='lat' dir='ltr'>rebus</span> <span class='ocrx_word' id='word_1_133' title='bbox 1353 1068 1496 1117; x_wconf 89' lang='lat' dir='ltr'>debet,</span> <span class='ocrx_word' id='word_1_134' title='bbox 1529 1085 1577 1111; x_wconf 92' lang='lat' dir='ltr'>ea</span> <span class='ocrx_word' id='word_1_135' title='bbox 1598 1071 1890 1114; x_wconf 83' lang='lat' dir='ltr'>obscuritatem</span> 
     </span>
     <span class='ocr_line' id='line_1_14' title="bbox 133 1129 1891 1189; baseline 0.004 -20"><span class='ocrx_word' id='word_1_136' title='bbox 133 1134 174 1169; x_wconf 89' lang='lat' dir='ltr'>et</span> <span class='ocrx_word' id='word_1_137' title='bbox 204 1131 398 1170; x_wconf 86' lang='lat' dir='ltr'>tenebras</span> <span class='ocrx_word' id='word_1_138' title='bbox 430 1129 573 1170; x_wconf 80' lang='lat' dir='ltr'>afferat</span> <span class='ocrx_word' id='word_1_139' title='bbox 602 1136 727 1184; x_wconf 90' lang='lat' dir='ltr'>atque</span> <span class='ocrx_word' id='word_1_140' title='bbox 757 1134 802 1170; x_wconf 94' lang='lat' dir='ltr'>ut</span> <span class='ocrx_word' id='word_1_141' title='bbox 831 1129 1137 1185; x_wconf 89' lang='lat' dir='ltr'>quodammodo</span> <span class='ocrx_word' id='word_1_142' title='bbox 1170 1132 1247 1185; x_wconf 92' lang='lat' dir='ltr'>ipsi</span> <span class='ocrx_word' id='word_1_143' title='bbox 1279 1131 1358 1172; x_wconf 91' lang='lat' dir='ltr'>sibi</span> <span class='ocrx_word' id='word_1_144' title='bbox 1388 1133 1430 1172; x_wconf 91' lang='lat' dir='ltr'>in</span> <span class='ocrx_word' id='word_1_145' title='bbox 1456 1131 1631 1175; x_wconf 91' lang='lat' dir='ltr'>dicendo</span> <span class='ocrx_word' id='word_1_146' title='bbox 1652 1135 1891 1189; x_wconf 86' lang='lat' dir='ltr'>obstrepere</span> 
     </span>
     <span class='ocr_line' id='line_1_15' title="bbox 131 1191 1890 1253; baseline 0.003 -21"><span class='ocrx_word' id='word_1_147' title='bbox 131 1191 365 1233; x_wconf 79' lang='lat' dir='ltr'>videantur.</span> <span class='ocrx_word' id='word_1_148' title='bbox 427 1194 495 1233; x_wconf 89' lang='lat'>51.</span> <span class='ocrx_word' id='word_1_149' title='bbox 531 1196 710 1240; x_wconf 78' lang='lat' dir='ltr'>Verum,</span> <span class='ocrx_word' id='word_1_150' title='bbox 745 1192 779 1233; x_wconf 91' lang='lat' dir='ltr'>si</span> <span class='ocrx_word' id='word_1_151' title='bbox 809 1191 968 1245; x_wconf 89' lang='lat' dir='ltr'>placet,</span> <span class='ocrx_word' id='word_1_152' title='bbox 1013 1194 1207 1247; x_wconf 89' lang='lat' dir='ltr'>quoniam</span> <span class='ocrx_word' id='word_1_153' title='bbox 1239 1192 1342 1234; x_wconf 87' lang='lat' dir='ltr'>baec</span> <span class='ocrx_word' id='word_1_154' title='bbox 1371 1194 1468 1235; x_wconf 90' lang='lat' dir='ltr'>satis</span> <span class='ocrx_word' id='word_1_155' title='bbox 1499 1208 1621 1250; x_wconf 90' lang='lat' dir='ltr'>spero</span> <span class='ocrx_word' id='word_1_156' title='bbox 1652 1198 1770 1237; x_wconf 84' lang='lat' dir='ltr'>vobis</span> <span class='ocrx_word' id='word_1_157' title='bbox 1801 1199 1890 1253; x_wconf 89' lang='lat' dir='ltr'>qui-</span> 
     </span>
     <span class='ocr_line' id='line_1_16' title="bbox 133 1253 1942 1312; baseline 0.004 -18"><span class='ocrx_word' id='word_1_158' title='bbox 133 1254 226 1294; x_wconf 91' lang='lat' dir='ltr'>dem</span> <span class='ocrx_word' id='word_1_159' title='bbox 258 1261 368 1295; x_wconf 90' lang='lat' dir='ltr'>certe</span> <span class='ocrx_word' id='word_1_160' title='bbox 399 1253 626 1296; x_wconf 90' lang='lat' dir='ltr'>maioribus</span> <span class='ocrx_word' id='word_1_161' title='bbox 657 1254 830 1297; x_wconf 83' lang='lat' dir='ltr'>molesta</span> <span class='ocrx_word' id='word_1_162' title='bbox 860 1261 900 1296; x_wconf 93' lang='lat' dir='ltr'>et</span> <span class='ocrx_word' id='word_1_163' title='bbox 930 1255 1072 1308; x_wconf 90' lang='lat' dir='ltr'>putida</span> <span class='ocrx_word' id='word_1_164' title='bbox 1097 1255 1253 1304; x_wconf 84' lang='lat' dir='ltr'>videri,</span> <span class='ocrx_word' id='word_1_165' title='bbox 1286 1255 1337 1297; x_wconf 93' lang='lat' dir='ltr'>ad</span> <span class='ocrx_word' id='word_1_166' title='bbox 1362 1257 1521 1311; x_wconf 88' lang='lat' dir='ltr'>reliqua</span> <span class='ocrx_word' id='word_1_167' title='bbox 1541 1257 1751 1312; x_wconf 89' lang='lat' dir='ltr'>aliquanto</span> <span class='ocrx_word' id='word_1_168' title='bbox 1773 1260 1942 1303; x_wconf 81' lang='lat' dir='ltr'>odio-15</span> 
     </span>
     <span class='ocr_line' id='line_1_17' title="bbox 132 1317 1889 1375; baseline 0.003 -18"><span class='ocrx_word' id='word_1_169' title='bbox 132 1317 242 1358; x_wconf 91' lang='lat' dir='ltr'>siora</span> <span class='ocrx_word' id='word_1_170' title='bbox 279 1331 519 1371; x_wconf 86' lang='lat' dir='ltr'>pergamus.</span> <span class='ocrx_word' id='word_1_171' title='bbox 579 1319 689 1358; x_wconf 80' lang='lat' dir='ltr'>xlv.</span> <span class='ocrx_word' id='word_1_172' title='bbox 738 1318 861 1372; x_wconf 82' lang='lat' dir='ltr'>Atqui</span> <span class='ocrx_word' id='word_1_173' title='bbox 900 1319 1044 1367; x_wconf 39' lang='lat' dir='ltr'>vide&amp;</span> <span class='ocrx_word' id='word_1_174' title='bbox 1090 1318 1224 1372; x_wconf 90' lang='lat' dir='ltr'>inquit</span> <span class='ocrx_word' id='word_1_175' title='bbox 1263 1319 1491 1368; x_wconf 88' lang='lat' dir='ltr'>Antonius,</span> <span class='ocrx_word' id='word_1_176' title='bbox 1540 1334 1662 1375; x_wconf 91' lang='lat' dir='ltr'>quam</span> <span class='ocrx_word' id='word_1_177' title='bbox 1694 1323 1793 1362; x_wconf 89' lang='lat' dir='ltr'>alias</span> <span class='ocrx_word' id='word_1_178' title='bbox 1825 1336 1889 1363; x_wconf 90' lang='lat' dir='ltr'>res</span> 
     </span>
     <span class='ocr_line' id='line_1_18' title="bbox 131 1379 1888 1435; baseline 0.003 -15"><span class='ocrx_word' id='word_1_179' title='bbox 131 1392 324 1433; x_wconf 85' lang='lat' dir='ltr'>agamus,</span> <span class='ocrx_word' id='word_1_180' title='bbox 357 1393 479 1435; x_wconf 93' lang='lat' dir='ltr'>quam</span> <span class='ocrx_word' id='word_1_181' title='bbox 507 1386 546 1420; x_wconf 92' lang='lat' dir='ltr'>te</span> <span class='ocrx_word' id='word_1_182' title='bbox 577 1379 693 1420; x_wconf 84' lang='lat' dir='ltr'>inviti</span> <span class='ocrx_word' id='word_1_183' title='bbox 716 1381 956 1429; x_wconf 86' lang='lat' dir='ltr'>audiamus,</span> <span class='ocrx_word' id='word_1_184' title='bbox 1005 1381 1074 1434; x_wconf 87' lang='lat' dir='ltr'>qui</span> <span class='ocrx_word' id='word_1_185' title='bbox 1097 1381 1246 1422; x_wconf 87' lang='lat' dir='ltr'>adduci</span> <span class='ocrx_word' id='word_1_186' title='bbox 1269 1383 1501 1434; x_wconf 86' lang='lat' dir='ltr'>possimus,</span> <span class='ocrx_word' id='word_1_187' title='bbox 1537 1403 1589 1411; x_wconf 80' lang='lat'><em>—</em></span> <span class='ocrx_word' id='word_1_188' title='bbox 1623 1382 1673 1424; x_wconf 90' lang='lat' dir='ltr'>de</span> <span class='ocrx_word' id='word_1_189' title='bbox 1695 1397 1759 1425; x_wconf 87' lang='lat' dir='ltr'>me</span> <span class='ocrx_word' id='word_1_190' title='bbox 1781 1384 1888 1426; x_wconf 90' lang='lat' dir='ltr'>enim</span> 
     </span>
     <span class='ocr_line' id='line_1_19' title="bbox 131 1441 1889 1497; baseline 0.004 -15"><span class='ocrx_word' id='word_1_191' title='bbox 131 1442 308 1484; x_wconf 91' lang='lat' dir='ltr'>coniicio</span> <span class='ocrx_word' id='word_1_192' title='bbox 339 1466 419 1492; x_wconf 89' lang='lat'>—‚</span> <span class='ocrx_word' id='word_1_193' title='bbox 450 1441 601 1483; x_wconf 87' lang='lat' dir='ltr'>relictis</span> <span class='ocrx_word' id='word_1_194' title='bbox 631 1447 676 1483; x_wconf 92' lang='lat' dir='ltr'>ut</span> <span class='ocrx_word' id='word_1_195' title='bbox 706 1441 831 1483; x_wconf 89' lang='lat' dir='ltr'>rebus</span> <span class='ocrx_word' id='word_1_196' title='bbox 862 1441 1053 1484; x_wconf 90' lang='lat' dir='ltr'>omnibus</span> <span class='ocrx_word' id='word_1_197' title='bbox 1085 1448 1125 1484; x_wconf 90' lang='lat' dir='ltr'>te</span> <span class='ocrx_word' id='word_1_198' title='bbox 1156 1448 1385 1493; x_wconf 84' lang='lat' dir='ltr'>sectemur,</span> <span class='ocrx_word' id='word_1_199' title='bbox 1422 1444 1451 1496; x_wconf 62' lang='grc' dir='ltr'>-ξ-</span> <span class='ocrx_word' id='word_1_200' title='bbox 1482 1451 1522 1486; x_wconf 93' lang='lat' dir='ltr'>te</span> <span class='ocrx_word' id='word_1_201' title='bbox 1553 1447 1795 1497; x_wconf 89' lang='lat' dir='ltr'>audiamus;</span> <span class='ocrx_word' id='word_1_202' title='bbox 1835 1447 1889 1490; x_wconf 90' lang='lat' dir='ltr'>ita</span> 
     </span>
     <span class='ocr_line' id='line_1_20' title="bbox 131 1502 1884 1565; baseline 0.004 -20"><span class='ocrx_word' id='word_1_203' title='bbox 131 1502 182 1545; x_wconf 90' lang='lat' dir='ltr'>de</span> <span class='ocrx_word' id='word_1_204' title='bbox 211 1503 392 1546; x_wconf 88' lang='lat' dir='ltr'>horridis</span> <span class='ocrx_word' id='word_1_205' title='bbox 422 1507 547 1546; x_wconf 88' lang='lat' dir='ltr'>rebus</span> <span class='ocrx_word' id='word_1_206' title='bbox 577 1503 728 1554; x_wconf 88' lang='lat' dir='ltr'>nitida,</span> <span class='ocrx_word' id='word_1_207' title='bbox 762 1506 812 1546; x_wconf 89' lang='lat' dir='ltr'>de</span> <span class='ocrx_word' id='word_1_208' title='bbox 845 1505 994 1547; x_wconf 91' lang='lat' dir='ltr'>ieiunis</span> <span class='ocrx_word' id='word_1_209' title='bbox 1025 1507 1170 1561; x_wconf 89' lang='lat' dir='ltr'>plena,</span> <span class='ocrx_word' id='word_1_210' title='bbox 1207 1507 1257 1547; x_wconf 89' lang='lat' dir='ltr'>de</span> <span class='ocrx_word' id='word_1_211' title='bbox 1277 1506 1530 1562; x_wconf 83' lang='lat' dir='ltr'>pervulgatis</span> <span class='ocrx_word' id='word_1_212' title='bbox 1551 1522 1660 1551; x_wconf 72' lang='lat' dir='ltr'>nova</span> <span class='ocrx_word' id='word_1_213' title='bbox 1681 1512 1884 1565; x_wconf 86' lang='lat' dir='ltr'>quaedam</span> 
     </span>
     <span class='ocr_line' id='line_1_21' title="bbox 132 1568 1942 1618; baseline 0.005 -10"><span class='ocrx_word' id='word_1_214' title='bbox 132 1571 194 1608; x_wconf 91' lang='lat' dir='ltr'>est</span> <span class='ocrx_word' id='word_1_215' title='bbox 224 1568 358 1608; x_wconf 89' lang='lat' dir='ltr'>oratio</span> <span class='ocrx_word' id='word_1_216' title='bbox 389 1574 470 1609; x_wconf 90' lang='lat' dir='ltr'>tua.</span> <span class='ocrx_word' id='word_1_217' title='bbox 1907 1590 1942 1618; x_wconf 81' lang='lat'>20</span> 
     </span>
     <span class='ocr_line' id='line_1_22' title="bbox 243 1629 1891 1692; baseline 0.005 -22"><span class='ocrx_word' id='word_1_218' title='bbox 243 1631 311 1671; x_wconf 84' lang='lat'>52.</span> <span class='ocrx_word' id='word_1_219' title='bbox 359 1631 516 1671; x_wconf 90' lang='lat' dir='ltr'>Faciles</span> <span class='ocrx_word' id='word_1_220' title='bbox 548 1631 680 1679; x_wconf 87' lang='lat' dir='ltr'>enim,</span> <span class='ocrx_word' id='word_1_221' title='bbox 727 1629 879 1686; x_wconf 87' lang='lat' dir='ltr'>inquit,</span> <span class='ocrx_word' id='word_1_222' title='bbox 921 1630 1097 1680; x_wconf 84' lang='lat' dir='ltr'>Antoni,</span> <span class='ocrx_word' id='word_1_223' title='bbox 1143 1636 1283 1685; x_wconf 89' lang='lat' dir='ltr'>partes</span> <span class='ocrx_word' id='word_1_224' title='bbox 1314 1645 1386 1672; x_wconf 90' lang='lat' dir='ltr'>eae</span> <span class='ocrx_word' id='word_1_225' title='bbox 1416 1629 1585 1673; x_wconf 89' lang='lat' dir='ltr'>fuerunt</span> <span class='ocrx_word' id='word_1_226' title='bbox 1615 1635 1745 1684; x_wconf 89' lang='lat' dir='ltr'>duae,</span> <span class='ocrx_word' id='word_1_227' title='bbox 1790 1650 1891 1692; x_wconf 91' lang='lat' dir='ltr'>quas</span> 
     </span>
     <span class='ocr_line' id='line_1_23' title="bbox 132 1693 1892 1755; baseline 0.004 -22"><span class='ocrx_word' id='word_1_228' title='bbox 132 1693 257 1733; x_wconf 91' lang='lat' dir='ltr'>modo</span> <span class='ocrx_word' id='word_1_229' title='bbox 289 1694 532 1745; x_wconf 89' lang='lat' dir='ltr'>percucurri</span> <span class='ocrx_word' id='word_1_230' title='bbox 561 1693 626 1735; x_wconf 78' lang='lat' dir='ltr'>vel</span> <span class='ocrx_word' id='word_1_231' title='bbox 655 1693 794 1749; x_wconf 91' lang='lat' dir='ltr'>potius</span> <span class='ocrx_word' id='word_1_232' title='bbox 832 1707 962 1747; x_wconf 89' lang='lat' dir='ltr'>paene</span> <span class='ocrx_word' id='word_1_233' title='bbox 1004 1694 1221 1747; x_wconf 84' lang='lat' dir='ltr'>praeterii,</span> <span class='ocrx_word' id='word_1_234' title='bbox 1268 1696 1412 1736; x_wconf 85' lang='lat' dir='ltr'>Latine</span> <span class='ocrx_word' id='word_1_235' title='bbox 1452 1694 1649 1750; x_wconf 92' lang='lat' dir='ltr'>loquendi</span> <span class='ocrx_word' id='word_1_236' title='bbox 1687 1699 1892 1755; x_wconf 89' lang='lat' dir='ltr'>planeque</span> 
     </span>
     <span class='ocr_line' id='line_1_24' title="bbox 132 1753 1891 1812; baseline 0.004 -17"><span class='ocrx_word' id='word_1_237' title='bbox 132 1753 314 1804; x_wconf 91' lang='lat' dir='ltr'>dicendi;</span> <span class='ocrx_word' id='word_1_238' title='bbox 345 1756 531 1809; x_wconf 90' lang='lat' dir='ltr'>reliquae</span> <span class='ocrx_word' id='word_1_239' title='bbox 552 1761 648 1798; x_wconf 90' lang='lat' dir='ltr'>sunt</span> <span class='ocrx_word' id='word_1_240' title='bbox 667 1770 862 1811; x_wconf 86' lang='lat' dir='ltr'>magnae,</span> <span class='ocrx_word' id='word_1_241' title='bbox 895 1756 1150 1810; x_wconf 86' lang='lat' dir='ltr'>implicatae,</span> <span class='ocrx_word' id='word_1_242' title='bbox 1182 1755 1346 1804; x_wconf 88' lang='lat' dir='ltr'>variae,</span> <span class='ocrx_word' id='word_1_243' title='bbox 1381 1770 1549 1811; x_wconf 87' lang='lat' dir='ltr'>graves,</span> <span class='ocrx_word' id='word_1_244' title='bbox 1583 1759 1732 1812; x_wconf 91' lang='lat' dir='ltr'>quibus</span> <span class='ocrx_word' id='word_1_245' title='bbox 1757 1762 1891 1802; x_wconf 91' lang='lat' dir='ltr'>omnis</span> 
     </span>
     <span class='ocr_line' id='line_1_25' title="bbox 130 1816 1892 1875; baseline 0.003 -18"><span class='ocrx_word' id='word_1_246' title='bbox 130 1816 348 1858; x_wconf 89' lang='lat' dir='ltr'>admiratio</span> <span class='ocrx_word' id='word_1_247' title='bbox 387 1819 566 1872; x_wconf 84' lang='lat' dir='ltr'>ingenii,</span> <span class='ocrx_word' id='word_1_248' title='bbox 620 1821 754 1860; x_wconf 88' lang='lat' dir='ltr'>omnis</span> <span class='ocrx_word' id='word_1_249' title='bbox 797 1819 885 1860; x_wconf 89' lang='lat' dir='ltr'>laus</span> <span class='ocrx_word' id='word_1_250' title='bbox 917 1819 1180 1875; x_wconf 84' lang='lat' dir='ltr'>eloquentiae</span> <span class='ocrx_word' id='word_1_251' title='bbox 1212 1820 1458 1861; x_wconf 87' lang='lat' dir='ltr'>continetur.</span> <span class='ocrx_word' id='word_1_252' title='bbox 1517 1822 1647 1861; x_wconf 90' lang='lat' dir='ltr'>Nemo</span> <span class='ocrx_word' id='word_1_253' title='bbox 1679 1821 1787 1863; x_wconf 89' lang='lat' dir='ltr'>enim</span> <span class='ocrx_word' id='word_1_254' title='bbox 1818 1837 1892 1864; x_wconf 92' lang='lat' dir='ltr'>un-</span> 
     </span>
    </p>
   </div>
   <div class='ocr_carea' id='block_1_3' title="bbox 59 1880 1941 1938">
    <p class='ocr_par' dir='ltr' id='par_1_3' title="bbox 59 1880 1941 1938">
     <span class='ocr_line' id='line_1_26' title="bbox 59 1880 1941 1938; baseline 0.004 -19"><span class='ocrx_word' id='word_1_255' title='bbox 59 1925 66 1931; x_wconf 45' lang='lat'>,</span> <span class='ocrx_word' id='word_1_256' title='bbox 130 1893 254 1934; x_wconf 88' lang='lat' dir='ltr'>quam</span> <span class='ocrx_word' id='word_1_257' title='bbox 284 1886 346 1922; x_wconf 89' lang='lat' dir='ltr'>est</span> <span class='ocrx_word' id='word_1_258' title='bbox 375 1887 607 1929; x_wconf 88' lang='lat' dir='ltr'>oratorem,</span> <span class='ocrx_word' id='word_1_259' title='bbox 655 1881 768 1938; x_wconf 89' lang='lat' dir='ltr'>quod</span> <span class='ocrx_word' id='word_1_260' title='bbox 797 1883 941 1923; x_wconf 88' lang='lat' dir='ltr'>Latine</span> <span class='ocrx_word' id='word_1_261' title='bbox 980 1881 1239 1936; x_wconf 91' lang='lat' dir='ltr'>loqueretur,</span> <span class='ocrx_word' id='word_1_262' title='bbox 1287 1880 1523 1926; x_wconf 80' lang='lat' dir='ltr'>admiratus„</span> <span class='ocrx_word' id='word_1_263' title='bbox 1585 1884 1626 1924; x_wconf 92' lang='lat' dir='ltr'>Si</span> <span class='ocrx_word' id='word_1_264' title='bbox 1657 1890 1719 1925; x_wconf 92' lang='lat' dir='ltr'>est</span> <span class='ocrx_word' id='word_1_265' title='bbox 1748 1885 1886 1933; x_wconf 89' lang='lat' dir='ltr'>aliter,</span> <span class='ocrx_word' id='word_1_266' title='bbox 1906 1901 1941 1927; x_wconf 84' lang='lat'>25</span> 
     </span>
    </p>
   </div>
   <div class='ocr_carea' id='block_1_4' title="bbox 129 1941 1941 2876">
    <p class='ocr_par' dir='ltr' id='par_1_4' title="bbox 129 1941 1941 2876">
     <span class='ocr_line' id='line_1_27' title="bbox 129 1941 1887 2000; baseline 0.003 -17"><span class='ocrx_word' id='word_1_267' title='bbox 129 1941 322 1993; x_wconf 89' lang='lat' dir='ltr'>irrident;</span> <span class='ocrx_word' id='word_1_268' title='bbox 371 1957 507 1999; x_wconf 87' lang='lat' dir='ltr'>neque</span> <span class='ocrx_word' id='word_1_269' title='bbox 552 1957 647 1985; x_wconf 91' lang='lat' dir='ltr'>eum</span> <span class='ocrx_word' id='word_1_270' title='bbox 689 1948 901 1985; x_wconf 89' lang='lat' dir='ltr'>oratorem</span> <span class='ocrx_word' id='word_1_271' title='bbox 943 1945 1227 1985; x_wconf 91' lang='lat' dir='ltr'>tantummodo</span> <span class='ocrx_word' id='word_1_272' title='bbox 1269 1943 1342 1985; x_wconf 90' lang='lat' dir='ltr'>sed</span> <span class='ocrx_word' id='word_1_273' title='bbox 1371 1944 1584 1986; x_wconf 89' lang='lat' dir='ltr'>hominem</span> <span class='ocrx_word' id='word_1_274' title='bbox 1614 1960 1699 1987; x_wconf 92' lang='lat' dir='ltr'>non</span> <span class='ocrx_word' id='word_1_275' title='bbox 1730 1952 1887 2000; x_wconf 91' lang='lat' dir='ltr'>putant.</span> 
     </span>
     <span class='ocr_line' id='line_1_28' title="bbox 129 2005 1892 2064; baseline 0.003 -19"><span class='ocrx_word' id='word_1_276' title='bbox 129 2006 262 2046; x_wconf 91' lang='lat' dir='ltr'>Nemo</span> <span class='ocrx_word' id='word_1_277' title='bbox 296 2005 442 2047; x_wconf 87' lang='lat' dir='ltr'>extulit</span> <span class='ocrx_word' id='word_1_278' title='bbox 471 2019 565 2047; x_wconf 91' lang='lat' dir='ltr'>eum</span> <span class='ocrx_word' id='word_1_279' title='bbox 594 2006 757 2054; x_wconf 87' lang='lat' dir='ltr'>verbis,</span> <span class='ocrx_word' id='word_1_280' title='bbox 806 2005 877 2060; x_wconf 89' lang='lat' dir='ltr'>qui</span> <span class='ocrx_word' id='word_1_281' title='bbox 907 2007 964 2047; x_wconf 92' lang='lat' dir='ltr'>ita</span> <span class='ocrx_word' id='word_1_282' title='bbox 995 2005 1188 2053; x_wconf 80' lang='lat' dir='ltr'>dixisset,</span> <span class='ocrx_word' id='word_1_283' title='bbox 1220 2011 1284 2054; x_wconf 89' lang='lat' dir='ltr'>ut,</span> <span class='ocrx_word' id='word_1_284' title='bbox 1328 2006 1398 2061; x_wconf 92' lang='lat' dir='ltr'>qui</span> <span class='ocrx_word' id='word_1_285' title='bbox 1427 2009 1641 2057; x_wconf 88' lang='lat' dir='ltr'>adessent,</span> <span class='ocrx_word' id='word_1_286' title='bbox 1688 2008 1892 2064; x_wconf 86' lang='lat' dir='ltr'>intellige-</span> 
     </span>
     <span class='ocr_line' id='line_1_29' title="bbox 130 2068 1885 2126; baseline 0.003 -17"><span class='ocrx_word' id='word_1_287' title='bbox 130 2073 242 2116; x_wconf 90' lang='lat' dir='ltr'>rent,</span> <span class='ocrx_word' id='word_1_288' title='bbox 274 2069 374 2124; x_wconf 89' lang='lat' dir='ltr'>quid</span> <span class='ocrx_word' id='word_1_289' title='bbox 405 2068 586 2117; x_wconf 87' lang='lat' dir='ltr'>diceret,</span> <span class='ocrx_word' id='word_1_290' title='bbox 621 2070 694 2109; x_wconf 92' lang='lat' dir='ltr'>sed</span> <span class='ocrx_word' id='word_1_291' title='bbox 727 2068 976 2122; x_wconf 88' lang='lat' dir='ltr'>contempsit</span> <span class='ocrx_word' id='word_1_292' title='bbox 1007 2082 1121 2116; x_wconf 91' lang='lat' dir='ltr'>eum,</span> <span class='ocrx_word' id='word_1_293' title='bbox 1160 2069 1231 2123; x_wconf 88' lang='lat' dir='ltr'>qui</span> <span class='ocrx_word' id='word_1_294' title='bbox 1261 2071 1396 2111; x_wconf 90' lang='lat' dir='ltr'>minus</span> <span class='ocrx_word' id='word_1_295' title='bbox 1427 2069 1471 2111; x_wconf 91' lang='lat' dir='ltr'>id</span> <span class='ocrx_word' id='word_1_296' title='bbox 1500 2069 1639 2112; x_wconf 85' lang='lat' dir='ltr'>facere</span> <span class='ocrx_word' id='word_1_297' title='bbox 1668 2073 1885 2126; x_wconf 89' lang='lat' dir='ltr'>potuisset.</span> 
     </span>
     <span class='ocr_line' id='line_1_30' title="bbox 130 2130 1894 2186; baseline 0.003 -15"><span class='ocrx_word' id='word_1_298' title='bbox 130 2133 199 2172; x_wconf 89' lang='lat'>53.</span> <span class='ocrx_word' id='word_1_299' title='bbox 234 2132 281 2172; x_wconf 92' lang='lat' dir='ltr'>In</span> <span class='ocrx_word' id='word_1_300' title='bbox 311 2144 392 2186; x_wconf 93' lang='lat' dir='ltr'>quo</span> <span class='ocrx_word' id='word_1_301' title='bbox 423 2132 552 2186; x_wconf 89' lang='lat' dir='ltr'>igitur</span> <span class='ocrx_word' id='word_1_302' title='bbox 582 2133 772 2172; x_wconf 90' lang='lat' dir='ltr'>homines</span> <span class='ocrx_word' id='word_1_303' title='bbox 804 2130 1133 2172; x_wconf 74' lang='lat' dir='ltr'>exhorrescunt?</span> <span class='ocrx_word' id='word_1_304' title='bbox 1179 2145 1304 2185; x_wconf 89' lang='lat' dir='ltr'>quem</span> <span class='ocrx_word' id='word_1_305' title='bbox 1343 2131 1557 2185; x_wconf 84' lang='lat' dir='ltr'>stupefacti</span> <span class='ocrx_word' id='word_1_306' title='bbox 1595 2132 1800 2176; x_wconf 90' lang='lat' dir='ltr'>dicentem</span> <span class='ocrx_word' id='word_1_307' title='bbox 1830 2136 1894 2175; x_wconf 92' lang='lat' dir='ltr'>in—</span> 
     </span>
     <span class='ocr_line' id='line_1_31' title="bbox 131 2192 1941 2248; baseline 0.003 -14"><span class='ocrx_word' id='word_1_308' title='bbox 131 2196 326 2235; x_wconf 76' lang='lat' dir='ltr'>tuentur?</span> <span class='ocrx_word' id='word_1_309' title='bbox 375 2193 419 2235; x_wconf 88' lang='lat' dir='ltr'>in</span> <span class='ocrx_word' id='word_1_310' title='bbox 450 2207 532 2248; x_wconf 91' lang='lat' dir='ltr'>quo</span> <span class='ocrx_word' id='word_1_311' title='bbox 566 2193 822 2234; x_wconf 75' lang='lat' dir='ltr'>exclamant?</span> <span class='ocrx_word' id='word_1_312' title='bbox 869 2207 990 2248; x_wconf 92' lang='lat' dir='ltr'>quem</span> <span class='ocrx_word' id='word_1_313' title='bbox 1022 2192 1164 2241; x_wconf 89' lang='lat' dir='ltr'>deum,</span> <span class='ocrx_word' id='word_1_314' title='bbox 1207 2200 1254 2235; x_wconf 95' lang='lat' dir='ltr'>ut</span> <span class='ocrx_word' id='word_1_315' title='bbox 1282 2196 1338 2236; x_wconf 91' lang='lat' dir='ltr'>ita</span> <span class='ocrx_word' id='word_1_316' title='bbox 1368 2197 1517 2242; x_wconf 87' lang='lat' dir='ltr'>dicam,</span> <span class='ocrx_word' id='word_1_317' title='bbox 1563 2195 1672 2237; x_wconf 89' lang='lat' dir='ltr'>inter</span> <span class='ocrx_word' id='word_1_318' title='bbox 1701 2198 1941 2239; x_wconf 65' lang='lat' dir='ltr'>hominesne</span> 
     </span>
     <span class='ocr_line' id='line_1_32' title="bbox 130 2255 1891 2313; baseline 0.004 -17"><span class='ocrx_word' id='word_1_319' title='bbox 130 2259 304 2309; x_wconf 74' lang='lat' dir='ltr'>putant?</span> <span class='ocrx_word' id='word_1_320' title='bbox 357 2256 438 2305; x_wconf 91' lang='lat' dir='ltr'>Qui</span> <span class='ocrx_word' id='word_1_321' title='bbox 469 2255 685 2304; x_wconf 84' lang='lat' dir='ltr'>distincte,</span> <span class='ocrx_word' id='word_1_322' title='bbox 726 2255 798 2310; x_wconf 91' lang='lat' dir='ltr'>qui</span> <span class='ocrx_word' id='word_1_323' title='bbox 828 2255 1052 2310; x_wconf 84' lang='lat' dir='ltr'>explicate,</span> <span class='ocrx_word' id='word_1_324' title='bbox 1084 2255 1156 2312; x_wconf 93' lang='lat' dir='ltr'>qui</span> <span class='ocrx_word' id='word_1_325' title='bbox 1185 2258 1460 2306; x_wconf 90' lang='lat' dir='ltr'>abundanter,</span> <span class='ocrx_word' id='word_1_326' title='bbox 1494 2257 1565 2313; x_wconf 92' lang='lat' dir='ltr'>qui</span> <span class='ocrx_word' id='word_1_327' title='bbox 1594 2258 1820 2303; x_wconf 90' lang='lat' dir='ltr'>illuminate</span> <span class='ocrx_word' id='word_1_328' title='bbox 1852 2266 1891 2302; x_wconf 91' lang='lat' dir='ltr'>ct</span> 
     </span>
     <span class='ocr_line' id='line_1_33' title="bbox 132 2317 1893 2374; baseline 0.003 -15"><span class='ocrx_word' id='word_1_329' title='bbox 132 2320 256 2360; x_wconf 91' lang='lat' dir='ltr'>rebus</span> <span class='ocrx_word' id='word_1_330' title='bbox 287 2323 327 2360; x_wconf 91' lang='lat' dir='ltr'>et</span> <span class='ocrx_word' id='word_1_331' title='bbox 354 2318 494 2360; x_wconf 88' lang='lat' dir='ltr'>verbis</span> <span class='ocrx_word' id='word_1_332' title='bbox 523 2320 666 2360; x_wconf 87' lang='lat' dir='ltr'>dicunt</span> <span class='ocrx_word' id='word_1_333' title='bbox 696 2323 737 2359; x_wconf 88' lang='lat' dir='ltr'>et</span> <span class='ocrx_word' id='word_1_334' title='bbox 765 2319 808 2358; x_wconf 88' lang='lat' dir='ltr'>in</span> <span class='ocrx_word' id='word_1_335' title='bbox 835 2317 926 2373; x_wconf 88' lang='lat' dir='ltr'>ipsa</span> <span class='ocrx_word' id='word_1_336' title='bbox 957 2318 1144 2360; x_wconf 89' lang='lat' dir='ltr'>oratione</span> <span class='ocrx_word' id='word_1_337' title='bbox 1177 2318 1293 2374; x_wconf 90' lang='lat' dir='ltr'>quasi</span> <span class='ocrx_word' id='word_1_338' title='bbox 1325 2319 1532 2374; x_wconf 89' lang='lat' dir='ltr'>quendam</span> <span class='ocrx_word' id='word_1_339' title='bbox 1560 2335 1778 2364; x_wconf 91' lang='lat' dir='ltr'>numerum</span> <span class='ocrx_word' id='word_1_340' title='bbox 1800 2337 1893 2365; x_wconf 89' lang='lat' dir='ltr'>ver-</span> 
     </span>
     <span class='ocr_line' id='line_1_34' title="bbox 132 2380 1888 2437; baseline 0.003 -14"><span class='ocrx_word' id='word_1_341' title='bbox 132 2395 308 2437; x_wconf 92' lang='lat' dir='ltr'>sumque</span> <span class='ocrx_word' id='word_1_342' title='bbox 338 2380 585 2423; x_wconf 87' lang='lat' dir='ltr'>conficiunt:</span> <span class='ocrx_word' id='word_1_343' title='bbox 637 2381 666 2433; x_wconf 78' lang='lat'><strong>†</strong></span> <span class='ocrx_word' id='word_1_344' title='bbox 696 2380 739 2422; x_wconf 91' lang='lat' dir='ltr'>id</span> <span class='ocrx_word' id='word_1_345' title='bbox 771 2385 851 2428; x_wconf 90' lang='lat' dir='ltr'>est,</span> <span class='ocrx_word' id='word_1_346' title='bbox 891 2380 1003 2436; x_wconf 91' lang='lat' dir='ltr'>quod</span> <span class='ocrx_word' id='word_1_347' title='bbox 1033 2383 1149 2430; x_wconf 90' lang='lat' dir='ltr'>dico,</span> <span class='ocrx_word' id='word_1_348' title='bbox 1189 2386 1345 2424; x_wconf 87' lang='lat' dir='ltr'>ornate.</span> <span class='ocrx_word' id='word_1_349' title='bbox 1408 2384 1487 2432; x_wconf 89' lang='lat' dir='ltr'>Qui</span> <span class='ocrx_word' id='word_1_350' title='bbox 1519 2383 1630 2426; x_wconf 89' lang='lat' dir='ltr'>idem</span> <span class='ocrx_word' id='word_1_351' title='bbox 1660 2384 1715 2427; x_wconf 90' lang='lat' dir='ltr'>ita</span> <span class='ocrx_word' id='word_1_352' title='bbox 1746 2385 1888 2428; x_wconf 91' lang='lat' dir='ltr'>mode-</span> 
     </span>
     <span class='ocr_line' id='line_1_35' title="bbox 131 2442 1887 2502; baseline 0.003 -17"><span class='ocrx_word' id='word_1_353' title='bbox 131 2450 291 2492; x_wconf 89' lang='lat' dir='ltr'>rantur,</span> <span class='ocrx_word' id='word_1_354' title='bbox 325 2450 368 2486; x_wconf 92' lang='lat' dir='ltr'>ut</span> <span class='ocrx_word' id='word_1_355' title='bbox 395 2457 560 2492; x_wconf 89' lang='lat' dir='ltr'>rerum,</span> <span class='ocrx_word' id='word_1_356' title='bbox 593 2450 639 2485; x_wconf 91' lang='lat' dir='ltr'>ut</span> <span class='ocrx_word' id='word_1_357' title='bbox 667 2456 919 2498; x_wconf 92' lang='lat' dir='ltr'>peronarum</span> <span class='ocrx_word' id='word_1_358' title='bbox 951 2444 1170 2498; x_wconf 87' lang='lat' dir='ltr'>dignitates</span> <span class='ocrx_word' id='word_1_359' title='bbox 1200 2442 1362 2494; x_wconf 85' lang='lat' dir='ltr'>ferunt,</span> <span class='ocrx_word' id='word_1_360' title='bbox 1399 2444 1429 2487; x_wconf 86' lang='lat' dir='ltr'>ii</span> <span class='ocrx_word' id='word_1_361' title='bbox 1459 2452 1554 2488; x_wconf 91' lang='lat' dir='ltr'>sunt</span> <span class='ocrx_word' id='word_1_362' title='bbox 1580 2446 1624 2488; x_wconf 92' lang='lat' dir='ltr'>in</span> <span class='ocrx_word' id='word_1_363' title='bbox 1655 2461 1704 2489; x_wconf 93' lang='lat' dir='ltr'>eo</span> <span class='ocrx_word' id='word_1_364' title='bbox 1739 2462 1887 2502; x_wconf 85' lang='lat' dir='ltr'>genere</span> 
     </span>
     <span class='ocr_line' id='line_1_36' title="bbox 132 2505 1938 2560; baseline 0.001 -12"><span class='ocrx_word' id='word_1_365' title='bbox 132 2506 328 2548; x_wconf 90' lang='lat' dir='ltr'>laudandi</span> <span class='ocrx_word' id='word_1_366' title='bbox 369 2506 526 2552; x_wconf 90' lang='lat' dir='ltr'>laudis,</span> <span class='ocrx_word' id='word_1_367' title='bbox 572 2505 685 2560; x_wconf 92' lang='lat' dir='ltr'>quod</span> <span class='ocrx_word' id='word_1_368' title='bbox 728 2518 806 2560; x_wconf 85' lang='lat' dir='ltr'>ego</span> <span class='ocrx_word' id='word_1_369' title='bbox 845 2510 985 2560; x_wconf 89' lang='lat' dir='ltr'>aptum</span> <span class='ocrx_word' id='word_1_370' title='bbox 1027 2510 1067 2546; x_wconf 84' lang='lat' dir='ltr'>et</span> <span class='ocrx_word' id='word_1_371' title='bbox 1102 2519 1337 2559; x_wconf 87' lang='lat' dir='ltr'>congruens</span> <span class='ocrx_word' id='word_1_372' title='bbox 1370 2508 1554 2549; x_wconf 91' lang='lat' dir='ltr'>nomino.</span> <span class='ocrx_word' id='word_1_373' title='bbox 1614 2513 1679 2552; x_wconf 75' lang='grc'>54.</span> <span class='ocrx_word' id='word_1_374' title='bbox 1724 2511 1804 2560; x_wconf 89' lang='lat' dir='ltr'>Qui</span> <span class='ocrx_word' id='word_1_375' title='bbox 1834 2512 1890 2553; x_wconf 89' lang='lat' dir='ltr'>ita</span> <span class='ocrx_word' id='word_1_376' title='bbox 1905 2524 1938 2550; x_wconf 78' lang='lat'>35</span> 
     </span>
     <span class='ocr_line' id='line_1_37' title="bbox 132 2566 1890 2622; baseline 0.002 -11"><span class='ocrx_word' id='word_1_377' title='bbox 132 2571 340 2616; x_wconf 88' lang='lat' dir='ltr'>dicerent,</span> <span class='ocrx_word' id='word_1_378' title='bbox 389 2582 461 2609; x_wconf 87' lang='lat' dir='ltr'>eos</span> <span class='ocrx_word' id='word_1_379' title='bbox 492 2568 657 2622; x_wconf 87' lang='lat' dir='ltr'>negavit</span> <span class='ocrx_word' id='word_1_380' title='bbox 686 2569 821 2608; x_wconf 87' lang='lat' dir='ltr'>adhuc</span> <span class='ocrx_word' id='word_1_381' title='bbox 851 2580 894 2608; x_wconf 90' lang='lat' dir='ltr'>se</span> <span class='ocrx_word' id='word_1_382' title='bbox 925 2566 1080 2609; x_wconf 82' lang='lat' dir='ltr'>vidisse</span> <span class='ocrx_word' id='word_1_383' title='bbox 1109 2569 1313 2610; x_wconf 91' lang='lat' dir='ltr'>Antonius</span> <span class='ocrx_word' id='word_1_384' title='bbox 1344 2574 1385 2611; x_wconf 89' lang='lat' dir='ltr'>et</span> <span class='ocrx_word' id='word_1_385' title='bbox 1414 2570 1464 2611; x_wconf 91' lang='lat' dir='ltr'>iis</span> <span class='ocrx_word' id='word_1_386' title='bbox 1495 2572 1575 2612; x_wconf 92' lang='lat' dir='ltr'>hoc</span> <span class='ocrx_word' id='word_1_387' title='bbox 1607 2586 1757 2614; x_wconf 91' lang='lat' dir='ltr'>nomen</span> <span class='ocrx_word' id='word_1_388' title='bbox 1788 2573 1890 2615; x_wconf 89' lang='lat' dir='ltr'>dixit</span> 
     </span>
     <span class='ocr_line' id='line_1_38' title="bbox 132 2628 1890 2688; baseline 0.001 -14"><span class='ocrx_word' id='word_1_389' title='bbox 132 2631 393 2688; x_wconf 87' lang='lat' dir='ltr'>eloquentiae</span> <span class='ocrx_word' id='word_1_390' title='bbox 423 2630 523 2673; x_wconf 89' lang='lat' dir='ltr'>solis</span> <span class='ocrx_word' id='word_1_391' title='bbox 554 2644 643 2672; x_wconf 91' lang='lat' dir='ltr'>esse</span> <span class='ocrx_word' id='word_1_392' title='bbox 674 2628 950 2671; x_wconf 89' lang='lat' dir='ltr'>tribuendum.</span> <span class='ocrx_word' id='word_1_393' title='bbox 1010 2631 1149 2679; x_wconf 87' lang='lat' dir='ltr'>Quare</span> <span class='ocrx_word' id='word_1_394' title='bbox 1180 2645 1324 2674; x_wconf 91' lang='lat' dir='ltr'>omnes</span> <span class='ocrx_word' id='word_1_395' title='bbox 1353 2632 1454 2675; x_wconf 90' lang='lat' dir='ltr'>istos</span> <span class='ocrx_word' id='word_1_396' title='bbox 1487 2649 1553 2675; x_wconf 92' lang='lat' dir='ltr'>me</span> <span class='ocrx_word' id='word_1_397' title='bbox 1584 2640 1749 2676; x_wconf 90' lang='lat' dir='ltr'>auctore</span> <span class='ocrx_word' id='word_1_398' title='bbox 1781 2636 1890 2676; x_wconf 91' lang='lat' dir='ltr'>deri-</span> 
     </span>
     <span class='ocr_line' id='line_1_39' title="bbox 133 2692 1889 2751; baseline 0.002 -15"><span class='ocrx_word' id='word_1_399' title='bbox 133 2696 226 2736; x_wconf 90' lang='lat' dir='ltr'>dete</span> <span class='ocrx_word' id='word_1_400' title='bbox 256 2700 378 2750; x_wconf 90' lang='lat' dir='ltr'>atque</span> <span class='ocrx_word' id='word_1_401' title='bbox 410 2693 685 2741; x_wconf 88' lang='lat' dir='ltr'>contemnite,</span> <span class='ocrx_word' id='word_1_402' title='bbox 719 2694 789 2748; x_wconf 91' lang='lat' dir='ltr'>qui</span> <span class='ocrx_word' id='word_1_403' title='bbox 820 2707 863 2734; x_wconf 92' lang='lat' dir='ltr'>se</span> <span class='ocrx_word' id='word_1_404' title='bbox 895 2694 1065 2742; x_wconf 88' lang='lat' dir='ltr'>horum,</span> <span class='ocrx_word' id='word_1_405' title='bbox 1110 2692 1180 2748; x_wconf 94' lang='lat' dir='ltr'>qui</span> <span class='ocrx_word' id='word_1_406' title='bbox 1212 2707 1319 2735; x_wconf 90' lang='lat' dir='ltr'>nunc</span> <span class='ocrx_word' id='word_1_407' title='bbox 1347 2694 1405 2736; x_wconf 90' lang='lat' dir='ltr'>ita</span> <span class='ocrx_word' id='word_1_408' title='bbox 1436 2696 1716 2751; x_wconf 86' lang='lat' dir='ltr'>appellantur,</span> <span class='ocrx_word' id='word_1_409' title='bbox 1750 2699 1889 2739; x_wconf 87' lang='lat' dir='ltr'>rheto-</span> 
     </span>
     <span class='ocr_line' id='line_1_40' title="bbox 132 2756 1887 2815; baseline 0.002 -17"><span class='ocrx_word' id='word_1_410' title='bbox 132 2770 226 2798; x_wconf 89' lang='lat' dir='ltr'>rum</span> <span class='ocrx_word' id='word_1_411' title='bbox 255 2756 483 2812; x_wconf 87' lang='lat' dir='ltr'>praeceptis</span> <span class='ocrx_word' id='word_1_412' title='bbox 514 2769 679 2798; x_wconf 86' lang='lat' dir='ltr'>omnem</span> <span class='ocrx_word' id='word_1_413' title='bbox 710 2760 923 2797; x_wconf 89' lang='lat' dir='ltr'>oratorum</span> <span class='ocrx_word' id='word_1_414' title='bbox 953 2756 1036 2797; x_wconf 87' lang='lat' dir='ltr'>vim</span> <span class='ocrx_word' id='word_1_415' title='bbox 1076 2756 1316 2811; x_wconf 85' lang='lat' dir='ltr'>complexos</span> <span class='ocrx_word' id='word_1_416' title='bbox 1348 2772 1438 2799; x_wconf 90' lang='lat' dir='ltr'>esse</span> <span class='ocrx_word' id='word_1_417' title='bbox 1468 2757 1720 2801; x_wconf 88' lang='lat' dir='ltr'>arbitrantur</span> <span class='ocrx_word' id='word_1_418' title='bbox 1750 2773 1887 2815; x_wconf 91' lang='lat' dir='ltr'>neque</span> 
     </span>
     <span class='ocr_line' id='line_1_41' title="bbox 133 2817 1939 2876; baseline 0.001 -16"><span class='ocrx_word' id='word_1_419' title='bbox 133 2820 291 2868; x_wconf 86' lang='lat' dir='ltr'>adhuc,</span> <span class='ocrx_word' id='word_1_420' title='bbox 324 2833 448 2875; x_wconf 91' lang='lat' dir='ltr'>quam</span> <span class='ocrx_word' id='word_1_421' title='bbox 476 2831 698 2874; x_wconf 89' lang='lat' dir='ltr'>personam</span> <span class='ocrx_word' id='word_1_422' title='bbox 728 2823 893 2859; x_wconf 88' lang='lat' dir='ltr'>teneant</span> <span class='ocrx_word' id='word_1_423' title='bbox 923 2824 991 2859; x_wconf 92' lang='lat' dir='ltr'>aut</span> <span class='ocrx_word' id='word_1_424' title='bbox 1022 2819 1121 2872; x_wconf 90' lang='lat' dir='ltr'>quid</span> <span class='ocrx_word' id='word_1_425' title='bbox 1152 2817 1446 2874; x_wconf 90' lang='lat' dir='ltr'>profiteantur,</span> <span class='ocrx_word' id='word_1_426' title='bbox 1482 2821 1708 2876; x_wconf 85' lang='lat' dir='ltr'>intelligere</span> <span class='ocrx_word' id='word_1_427' title='bbox 1739 2828 1888 2875; x_wconf 88' lang='lat' dir='ltr'>potue·</span> <span class='ocrx_word' id='word_1_428' title='bbox 1902 2835 1939 2861; x_wconf 66' lang='grc' dir='ltr'>ιο</span> 
     </span>
    </p>
   </div>
   <div class='ocr_carea' id='block_1_5' title="bbox 135 2986 1891 3396">
    <p class='ocr_par' dir='ltr' id='par_1_5' title="bbox 135 2986 1891 3396">
     <span class='ocr_line' id='line_1_42' title="bbox 225 2986 1887 3030; baseline 0.002 -10"><span class='ocrx_word' id='word_1_429' title='bbox 225 2988 258 3021; x_wconf 91' lang='grc'>8.</span> <span class='ocrx_word' id='word_1_430' title='bbox 287 2987 407 3030; x_wconf 77' lang='lat' dir='ltr'>Fufius</span> <span class='ocrx_word' id='word_1_431' title='bbox 435 2987 647 3020; x_wconf 85' lang='lat' dir='ltr'>Lambinus:</span> <span class='ocrx_word' id='word_1_432' title='bbox 685 2987 808 3020; x_wconf 79' lang='lat' dir='ltr'>Fusius</span> <span class='ocrx_word' id='word_1_433' title='bbox 831 2987 902 3019; x_wconf 84' lang='lat' dir='ltr'>BR.</span> <span class='ocrx_word' id='word_1_434' title='bbox 957 2986 1026 3019; x_wconf 87' lang='lat' dir='ltr'>Cl&#39;r.</span> <span class='ocrx_word' id='word_1_435' title='bbox 1055 2987 1153 3019; x_wconf 86' lang='lat' dir='ltr'>Brut.</span> <span class='ocrx_word' id='word_1_436' title='bbox 1180 2987 1238 3020; x_wconf 75' lang='lat'><strong>62.</strong></span> <span class='ocrx_word' id='word_1_437' title='bbox 1267 3005 1307 3012; x_wconf 91' lang='lat'>—</span> <span class='ocrx_word' id='word_1_438' title='bbox 1351 2990 1407 3021; x_wconf 77' lang='lat'><strong>12.</strong></span> <span class='ocrx_word' id='word_1_439' title='bbox 1432 2993 1470 3020; x_wconf 84' lang='lat' dir='ltr'>ut</span> <span class='ocrx_word' id='word_1_440' title='bbox 1496 2990 1652 3022; x_wconf 81' lang='lat' dir='ltr'>oratione</span> <span class='ocrx_word' id='word_1_441' title='bbox 1676 2990 1716 3022; x_wconf 92' lang='lat' dir='ltr'>B.</span> <span class='ocrx_word' id='word_1_442' title='bbox 1744 3007 1788 3012; x_wconf 87' lang='lat'>-—</span> <span class='ocrx_word' id='word_1_443' title='bbox 1829 2993 1887 3026; x_wconf 67' lang='lat'><strong>14.</strong></span> 
     </span>
     <span class='ocr_line' id='line_1_43' title="bbox 135 3033 1887 3076; baseline 0.001 -8"><span class='ocrx_word' id='word_1_444' title='bbox 135 3033 230 3076; x_wconf 85' lang='lat' dir='ltr'>haec]</span> <span class='ocrx_word' id='word_1_445' title='bbox 259 3034 413 3074; x_wconf 72' lang='lat' dir='ltr'>equidem</span> <span class='ocrx_word' id='word_1_446' title='bbox 439 3035 481 3066; x_wconf 80' lang='lat' dir='ltr'><strong>R.</strong></span> <span class='ocrx_word' id='word_1_447' title='bbox 508 3051 552 3056; x_wconf 91' lang='lat'>—</span> <span class='ocrx_word' id='word_1_448' title='bbox 576 3035 676 3067; x_wconf 79' lang='lat' dir='ltr'>nobis</span> <span class='ocrx_word' id='word_1_449' title='bbox 703 3035 741 3066; x_wconf 82' lang='lat' dir='ltr'>R.</span> <span class='ocrx_word' id='word_1_450' title='bbox 770 3051 810 3056; x_wconf 90' lang='lat'>—</span> <span class='ocrx_word' id='word_1_451' title='bbox 838 3035 893 3066; x_wconf 90' lang='lat'><strong>15.</strong></span> <span class='ocrx_word' id='word_1_452' title='bbox 921 3039 1016 3066; x_wconf 85' lang='lat' dir='ltr'>certa</span> <span class='ocrx_word' id='word_1_453' title='bbox 1041 3034 1080 3066; x_wconf 89' lang='lat' dir='ltr'>B.</span> <span class='ocrx_word' id='word_1_454' title='bbox 1112 3053 1148 3058; x_wconf 92' lang='lat'>—</span> <span class='ocrx_word' id='word_1_455' title='bbox 1179 3036 1235 3067; x_wconf 85' lang='lat'><strong>16.</strong></span> <span class='ocrx_word' id='word_1_456' title='bbox 1263 3045 1366 3076; x_wconf 85' lang='lat' dir='ltr'>quam</span> <span class='ocrx_word' id='word_1_457' title='bbox 1391 3035 1500 3067; x_wconf 90' lang='lat' dir='ltr'>Codd.</span> <span class='ocrx_word' id='word_1_458' title='bbox 1529 3036 1599 3067; x_wconf 64' lang='lat' dir='ltr'>ab:</span> <span class='ocrx_word' id='word_1_459' title='bbox 1627 3045 1702 3068; x_wconf 82' lang='lat' dir='ltr'>cum</span> <span class='ocrx_word' id='word_1_460' title='bbox 1725 3037 1827 3070; x_wconf 84' lang='lat' dir='ltr'>BRE.</span> <span class='ocrx_word' id='word_1_461' title='bbox 1848 3057 1887 3064; x_wconf 90' lang='lat'>-</span> 
     </span>
     <span class='ocr_line' id='line_1_44' title="bbox 135 3080 1888 3123; baseline 0.002 -8"><span class='ocrx_word' id='word_1_462' title='bbox 135 3084 191 3116; x_wconf 88' lang='lat'><strong>17.</strong></span> <span class='ocrx_word' id='word_1_463' title='bbox 219 3082 405 3114; x_wconf 78' lang='lat' dir='ltr'>audiamus</span> <span class='ocrx_word' id='word_1_464' title='bbox 432 3081 467 3112; x_wconf 83' lang='lat' dir='ltr'>h.</span> <span class='ocrx_word' id='word_1_465' title='bbox 495 3080 517 3112; x_wconf 88' lang='grc' dir='ltr'>Ι.</span> <span class='ocrx_word' id='word_1_466' title='bbox 545 3089 614 3113; x_wconf 90' lang='lat' dir='ltr'>om.</span> <span class='ocrx_word' id='word_1_467' title='bbox 641 3082 681 3114; x_wconf 88' lang='grc' dir='ltr'>Β.</span> <span class='ocrx_word' id='word_1_468' title='bbox 709 3081 828 3122; x_wconf 85' lang='lat' dir='ltr'>(quam</span> <span class='ocrx_word' id='word_1_469' title='bbox 853 3081 913 3112; x_wconf 81' lang='lat' dir='ltr'>abs</span> <span class='ocrx_word' id='word_1_470' title='bbox 933 3085 965 3112; x_wconf 88' lang='lat' dir='ltr'>te</span> <span class='ocrx_word' id='word_1_471' title='bbox 990 3089 1060 3112; x_wconf 76' lang='lat' dir='ltr'>non</span> <span class='ocrx_word' id='word_1_472' title='bbox 1083 3082 1187 3114; x_wconf 78' lang='lat' dir='ltr'>inviti</span> <span class='ocrx_word' id='word_1_473' title='bbox 1211 3083 1348 3123; x_wconf 84' lang='lat' dir='ltr'>quidem</span> <span class='ocrx_word' id='word_1_474' title='bbox 1373 3082 1501 3113; x_wconf 85' lang='lat' dir='ltr'>adduci</span> <span class='ocrx_word' id='word_1_475' title='bbox 1525 3080 1582 3122; x_wconf 81' lang='lat' dir='ltr'>R.)</span> <span class='ocrx_word' id='word_1_476' title='bbox 1608 3099 1651 3104; x_wconf 94' lang='lat'>—</span> <span class='ocrx_word' id='word_1_477' title='bbox 1677 3083 1823 3117; x_wconf 74' lang='lat' dir='ltr'>adducti</span> <span class='ocrx_word' id='word_1_478' title='bbox 1846 3087 1888 3119; x_wconf 88' lang='lat' dir='ltr'>B.</span> 
     </span>
     <span class='ocr_line' id='line_1_45' title="bbox 139 3126 1890 3170; baseline 0.004 -11"><span class='ocrx_word' id='word_1_479' title='bbox 139 3147 177 3153; x_wconf 96' lang='lat'>—</span> <span class='ocrx_word' id='word_1_480' title='bbox 204 3130 375 3170; x_wconf 75' lang='lat' dir='ltr'>possimus</span> <span class='ocrx_word' id='word_1_481' title='bbox 401 3126 512 3160; x_wconf 90' lang='lat' dir='ltr'>Codd.</span> <span class='ocrx_word' id='word_1_482' title='bbox 533 3127 601 3162; x_wconf 82' lang='lat' dir='ltr'>al..</span> <span class='ocrx_word' id='word_1_483' title='bbox 628 3128 682 3159; x_wconf 87' lang='lat' dir='ltr'>R:</span> <span class='ocrx_word' id='word_1_484' title='bbox 705 3136 888 3167; x_wconf 78' lang='lat' dir='ltr'>possumus</span> <span class='ocrx_word' id='word_1_485' title='bbox 907 3127 978 3159; x_wconf 88' lang='lat' dir='ltr'><strong>BE.</strong></span> <span class='ocrx_word' id='word_1_486' title='bbox 1001 3144 1038 3149; x_wconf 85' lang='lat'>—</span> <span class='ocrx_word' id='word_1_487' title='bbox 1067 3127 1124 3159; x_wconf 85' lang='lat'><strong>18.</strong></span> <span class='ocrx_word' id='word_1_488' title='bbox 1152 3131 1184 3159; x_wconf 79' lang='lat' dir='ltr'>te</span> <span class='ocrx_word' id='word_1_489' title='bbox 1207 3126 1406 3168; x_wconf 82' lang='lat' dir='ltr'>audiamus]</span> <span class='ocrx_word' id='word_1_490' title='bbox 1441 3133 1602 3168; x_wconf 84' lang='lat' dir='ltr'>corrupta</span> <span class='ocrx_word' id='word_1_491' title='bbox 1629 3129 1714 3163; x_wconf 85' lang='lat' dir='ltr'>baec</span> <span class='ocrx_word' id='word_1_492' title='bbox 1740 3132 1890 3166; x_wconf 80' lang='lat' dir='ltr'>delenda</span> 
     </span>
     <span class='ocr_line' id='line_1_46' title="bbox 137 3172 1891 3217; baseline 0 -8"><span class='ocrx_word' id='word_1_493' title='bbox 137 3180 258 3209; x_wconf 85' lang='lat' dir='ltr'>censet</span> <span class='ocrx_word' id='word_1_494' title='bbox 283 3174 434 3207; x_wconf 86' lang='lat' dir='ltr'>Ellendt.</span> <span class='ocrx_word' id='word_1_495' title='bbox 462 3172 623 3213; x_wconf 78' lang='lat' dir='ltr'>(Fuitnez</span> <span class='ocrx_word' id='word_1_496' title='bbox 652 3177 682 3206; x_wconf 83' lang='lat' dir='ltr'>te</span> <span class='ocrx_word' id='word_1_497' title='bbox 707 3175 948 3206; x_wconf 82' lang='lat' dir='ltr'>admiremur?</span> <span class='ocrx_word' id='word_1_498' title='bbox 975 3174 1060 3208; x_wconf 83' lang='lat' dir='ltr'>On.)</span> <span class='ocrx_word' id='word_1_499' title='bbox 1084 3191 1128 3195; x_wconf 97' lang='lat'><strong>—</strong></span> <span class='ocrx_word' id='word_1_500' title='bbox 1153 3175 1210 3206; x_wconf 83' lang='lat'><strong>21.</strong></span> <span class='ocrx_word' id='word_1_501' title='bbox 1236 3176 1299 3206; x_wconf 82' lang='lat' dir='ltr'>hae</span> <span class='ocrx_word' id='word_1_502' title='bbox 1316 3176 1356 3206; x_wconf 91' lang='lat' dir='ltr'>B.</span> <span class='ocrx_word' id='word_1_503' title='bbox 1385 3191 1422 3197; x_wconf 93' lang='lat'>—</span> <span class='ocrx_word' id='word_1_504' title='bbox 1450 3174 1506 3206; x_wconf 88' lang='grc'>33.</span> <span class='ocrx_word' id='word_1_505' title='bbox 1533 3176 1570 3207; x_wconf 74' lang='lat' dir='ltr'>id</span> <span class='ocrx_word' id='word_1_506' title='bbox 1595 3179 1663 3217; x_wconf 74' lang='lat' dir='ltr'>est,</span> <span class='ocrx_word' id='word_1_507' title='bbox 1690 3180 1748 3217; x_wconf 79' lang='lat' dir='ltr'>qui</span> <span class='ocrx_word' id='word_1_508' title='bbox 1773 3180 1891 3211; x_wconf 81' lang='lat' dir='ltr'>dicunt</span> 
     </span>
     <span class='ocr_line' id='line_1_47' title="bbox 137 3220 1890 3267; baseline 0.002 -13"><span class='ocrx_word' id='word_1_509' title='bbox 137 3226 271 3255; x_wconf 80' lang='lat' dir='ltr'>ornate.</span> <span class='ocrx_word' id='word_1_510' title='bbox 323 3221 389 3262; x_wconf 79' lang='lat' dir='ltr'>Qui</span> <span class='ocrx_word' id='word_1_511' title='bbox 409 3220 618 3257; x_wconf 81' lang='lat' dir='ltr'>Schutzius;</span> <span class='ocrx_word' id='word_1_512' title='bbox 655 3221 682 3251; x_wconf 75' lang='lat' dir='ltr'>ii</span> <span class='ocrx_word' id='word_1_513' title='bbox 705 3225 809 3259; x_wconf 74' lang='lat' dir='ltr'>sunt,</span> <span class='ocrx_word' id='word_1_514' title='bbox 849 3221 912 3261; x_wconf 77' lang='lat' dir='ltr'>qui</span> <span class='ocrx_word' id='word_1_515' title='bbox 940 3221 1059 3252; x_wconf 72' lang='lat' dir='ltr'>dicunt</span> <span class='ocrx_word' id='word_1_516' title='bbox 1087 3225 1234 3258; x_wconf 69' lang='lat' dir='ltr'>ornam,-</span> <span class='ocrx_word' id='word_1_517' title='bbox 1273 3222 1331 3262; x_wconf 75' lang='grc' dir='ltr'><strong><em>ᾳιιι·</em></strong></span> <span class='ocrx_word' id='word_1_518' title='bbox 1357 3222 1483 3253; x_wconf 82' lang='lat' dir='ltr'>mavolt</span> <span class='ocrx_word' id='word_1_519' title='bbox 1508 3221 1658 3254; x_wconf 84' lang='lat' dir='ltr'>Ellendt.</span> <span class='ocrx_word' id='word_1_520' title='bbox 1689 3239 1725 3246; x_wconf 84' lang='lat'>—-</span> <span class='ocrx_word' id='word_1_521' title='bbox 1767 3228 1827 3267; x_wconf 74' lang='lat' dir='ltr'>qui</span> <span class='ocrx_word' id='word_1_522' title='bbox 1851 3226 1890 3257; x_wconf 78' lang='lat' dir='ltr'>id</span> 
     </span>
     <span class='ocr_line' id='line_1_48' title="bbox 136 3264 1886 3311; baseline 0.002 -11"><span class='ocrx_word' id='word_1_523' title='bbox 136 3269 270 3311; x_wconf 81' lang='lat' dir='ltr'>quidem</span> <span class='ocrx_word' id='word_1_524' title='bbox 293 3269 346 3300; x_wconf 78' lang='lat' dir='ltr'>ita</span> <span class='ocrx_word' id='word_1_525' title='bbox 372 3268 414 3298; x_wconf 78' lang='lat' dir='ltr'>R.</span> <span class='ocrx_word' id='word_1_526' title='bbox 457 3283 497 3289; x_wconf 97' lang='lat'>--</span> <span class='ocrx_word' id='word_1_527' title='bbox 538 3266 595 3298; x_wconf 66' lang='lat'><strong>34.</strong></span> <span class='ocrx_word' id='word_1_528' title='bbox 623 3264 765 3305; x_wconf 78' lang='lat' dir='ltr'>suerunt</span> <span class='ocrx_word' id='word_1_529' title='bbox 789 3268 824 3298; x_wconf 78' lang='lat' dir='ltr'>hi</span> <span class='ocrx_word' id='word_1_530' title='bbox 848 3267 888 3298; x_wconf 89' lang='lat' dir='ltr'><strong>B.</strong></span> <span class='ocrx_word' id='word_1_531' title='bbox 929 3283 968 3290; x_wconf 91' lang='lat'>—-</span> <span class='ocrx_word' id='word_1_532' title='bbox 1010 3265 1067 3296; x_wconf 89' lang='lat'><strong>35.</strong></span> <span class='ocrx_word' id='word_1_533' title='bbox 1095 3267 1266 3298; x_wconf 80' lang='lat' dir='ltr'>laudandi</span> <span class='ocrx_word' id='word_1_534' title='bbox 1291 3276 1359 3299; x_wconf 86' lang='lat' dir='ltr'>om.</span> <span class='ocrx_word' id='word_1_535' title='bbox 1386 3267 1468 3309; x_wconf 83' lang='lat' dir='ltr'>Lag.</span> <span class='ocrx_word' id='word_1_536' title='bbox 1497 3269 1552 3301; x_wconf 89' lang='lat'><strong>15.</strong></span> <span class='ocrx_word' id='word_1_537' title='bbox 1580 3269 1636 3301; x_wconf 84' lang='lat'><strong>16.</strong></span> <span class='ocrx_word' id='word_1_538' title='bbox 1663 3270 1717 3302; x_wconf 83' lang='lat'><strong>17.</strong></span> <span class='ocrx_word' id='word_1_539' title='bbox 1744 3272 1801 3304; x_wconf 89' lang='grc'>70.</span> <span class='ocrx_word' id='word_1_540' title='bbox 1828 3272 1886 3306; x_wconf 83' lang='lat'>73.</span> 
     </span>
     <span class='ocr_line' id='line_1_49' title="bbox 135 3312 1888 3357; baseline 0.003 -11"><span class='ocrx_word' id='word_1_541' title='bbox 135 3315 193 3349; x_wconf 89' lang='grc'>86.</span> <span class='ocrx_word' id='word_1_542' title='bbox 212 3339 221 3355; x_wconf 89' lang='grc'>,</span> <span class='ocrx_word' id='word_1_543' title='bbox 247 3315 364 3348; x_wconf 79' lang='lat' dir='ltr'>laudis</span> <span class='ocrx_word' id='word_1_544' title='bbox 388 3317 599 3353; x_wconf 86' lang='lat' dir='ltr'>expunctum</span> <span class='ocrx_word' id='word_1_545' title='bbox 628 3314 663 3344; x_wconf 86' lang='lat' dir='ltr'>ln</span> <span class='ocrx_word' id='word_1_546' title='bbox 688 3312 770 3354; x_wconf 85' lang='lat' dir='ltr'>Lag.</span> <span class='ocrx_word' id='word_1_547' title='bbox 798 3312 857 3346; x_wconf 88' lang='lat'>35.</span> <span class='ocrx_word' id='word_1_548' title='bbox 875 3336 884 3352; x_wconf 95' lang='lat'>,</span> <span class='ocrx_word' id='word_1_549' title='bbox 910 3318 948 3346; x_wconf 87' lang='lat' dir='ltr'>ut</span> <span class='ocrx_word' id='word_1_550' title='bbox 972 3313 1081 3347; x_wconf 80' lang='lat' dir='ltr'>edidit</span> <span class='ocrx_word' id='word_1_551' title='bbox 1106 3313 1286 3346; x_wconf 83' lang='lat' dir='ltr'>Schutzlus</span> <span class='ocrx_word' id='word_1_552' title='bbox 1303 3337 1311 3352; x_wconf 93' lang='lat'>,</span> <span class='ocrx_word' id='word_1_553' title='bbox 1346 3319 1530 3357; x_wconf 87' lang='lat' dir='ltr'>postquam</span> <span class='ocrx_word' id='word_1_554' title='bbox 1556 3316 1736 3351; x_wconf 81' lang='lat' dir='ltr'>Ernestius</span> <span class='ocrx_word' id='word_1_555' title='bbox 1763 3319 1888 3352; x_wconf 84' lang='lat' dir='ltr'>alteru-</span> 
     </span>
     <span class='ocr_line' id='line_1_50' title="bbox 139 3362 636 3396; baseline -0.012 0"><span class='ocrx_word' id='word_1_556' title='bbox 139 3368 229 3396; x_wconf 85' lang='lat' dir='ltr'>trum</span> <span class='ocrx_word' id='word_1_557' title='bbox 255 3362 442 3396; x_wconf 88' lang='lat' dir='ltr'>delendum</span> <span class='ocrx_word' id='word_1_558' title='bbox 467 3362 636 3394; x_wconf 79' lang='lat' dir='ltr'>suaserat.</span> 
     </span>
    </p>
   </div>
  </div>
 </body>
</html>
