2117 3762
733 253 830 292 LIB.
866 250 896 290 1.
959 251 1002 292 C.
1036 250 1101 292 22.
1133 253 1198 296 25.
1228 253 1294 294 26.
1806 258 1881 300 193

140 358 217 398 bus
247 355 384 411 paullo
415 362 507 397 ante
551 356 653 397 dixit
682 356 905 403 Antonius,
957 358 1228 413 scriptoribus
1267 359 1366 401 artis
1403 360 1603 401 rationem
1643 358 1803 402 dicendi
1845 371 1885 405 et

140 420 244 459 viam
276 421 347 459 sed
379 426 561 460 naturam
594 417 787 460 defuisse.
850 421 949 460 Nam
981 426 1021 459 et
1051 420 1173 461 animi
1205 427 1326 477 atque
1358 421 1510 475 ingenii
1541 421 1697 465 celeres
1719 425 1885 479 quidam

139 487 274 522 motus
315 495 404 522 esse
447 484 622 528 debent,
672 481 740 535 qui
781 487 821 521 ct
863 480 913 522 ad
954 482 1271 535 excogitandum
1310 484 1417 526 acuti
1448 486 1567 525 etad
1598 485 1886 540 explicandum

139 546 454 599 ornandumque
498 543 579 585 sint
616 544 767 584 uberes
808 548 846 584 et
883 545 931 584 ad
964 548 1206 587 memoriani
1238 546 1344 588 firmi
1375 552 1496 601 atque
1528 549 1737 599 diuturni;
1792 551 1884 591 114.

139 612 179 647 et
209 606 242 648 si
274 606 364 662 quis
395 612 480 654 est,
514 607 583 660 qui
615 605 713 646 hacc
744 612 859 661 putet
889 612 974 647 arte
1009 607 1138 663 accipi
1175 622 1297 661 posse
1329 608 1454 664 (quod
1484 609 1631 651 salsum
1652 618 1734 662 est3
1767 625 1915 667 prae-5

139 668 245 709 clare
277 669 385 709 enim
417 683 481 709 res
510 682 552 709 se
583 669 732 716 habet,
780 670 811 708 si
855 671 953 711 hacc
983 669 1150 711 accendi
1181 677 1250 712 aut
1280 674 1531 713 commoveri
1563 679 1650 715 arte
1680 682 1884 729 possunt;

139 730 263 771 inseri
294 733 460 786 quidem
490 737 530 771 et
559 731 701 771 donari
732 733 782 771 al)
815 737 902 772 arte
935 746 1017 773 non
1047 738 1240 787 possunt;
1272 736 1407 775 onmia
1439 741 1532 776 sunt
1561 735 1670 777 enim
1691 736 1760 778 illa
1780 737 1889 780 dona

140 794 348 846 naturae):
396 793 492 847 quid
532 791 582 834 de
623 792 699 834 illis
738 793 866 841 dicct,
916 808 1020 849 quae
1051 801 1163 835 certe
1195 809 1287 837 cum
1317 795 1408 851 ipso
1439 797 1605 839 homine
1636 805 1883 841 nascuntur:

139 855 302 909 linguae
333 857 507 902 solutio,
557 857 670 897 vocis
715 870 864 904 sonus,
912 856 1058 904 latera,
1104 856 1238 906 vires,
1293 858 1567 901 conformatio
1605 863 1807 916 quaedam
1847 868 1889 904 et

139 918 271 972 ligura
301 918 424 960 totius
456 917 540 960 oris
571 923 612 959 et
641 920 855 973 corporis?
890 921 982 959 115.
1016 921 1159 973 Neque
1189 922 1292 961 haec
1322 920 1376 961 ita
1408 921 1524 970 dico,
1558 927 1602 964 ut
1632 938 1697 964 ars
1727 924 1928 980 aliquosio

110 980 394 1027 AQon
426 982 576 1035 possit;
610 979 758 1035 (neque
789 983 897 1022 enim
928 982 1077 1035 ignoro
1109 987 1167 1030 et,
1200 996 1304 1037 quae
1324 981 1431 1024 bona
1460 985 1564 1033 sint,
1597 984 1688 1027 fieri
1714 987 1889 1029 meliora

138 1056 258 1098 posse
289 1042 475 1084 doctrina
507 1049 567 1092 et,
601 1058 705 1099 quae
737 1058 819 1084 non
851 1046 1026 1097 optima,
1057 1043 1196 1099 aliquo
1228 1046 1352 1087 modo
1383 1046 1475 1088 acui
1506 1053 1639 1089 tamen
1671 1055 1710 1090 ct
1733 1050 1888 1104 corrigi

138 1107 303 1160 possez)
351 1108 423 1147 sed
462 1112 555 1147 sunt
592 1105 758 1161 quidam
797 1111 866 1147 aut
895 1107 950 1147 ita
980 1108 1119 1162 lingua
1150 1106 1397 1151 haesitantes
1428 1115 1499 1151 aut
1527 1111 1581 1151 ita
1611 1124 1712 1152 voce
1742 1114 1889 1154 absoni

137 1173 207 1209 aut
235 1167 291 1209 ita
322 1167 437 1210 vultu
467 1173 664 1223 motuque
695 1168 880 1222 corporis
912 1169 1016 1210 vasti
1047 1174 1169 1225 atque
1201 1176 1410 1224 agrestes,
1450 1178 1495 1213 ut
1525 1173 1682 1214 etiamsi
1712 1174 1889 1228 ingeniis

138 1236 261 1286 atque
299 1237 386 1272 arte
426 1231 610 1279 valeant,
658 1237 793 1272 tamen
830 1232 870 1272 in
910 1238 1122 1274 oratorum
1161 1247 1378 1274 numerum
1418 1236 1560 1276 venire
1600 1248 1684 1276 non
1714 1238 1886 1290 possint.
1902 1249 1938 1276 15

140 1294 241 1334 Sunt
270 1299 407 1334 autem
439 1295 605 1347 quidam
637 1293 693 1334 ita
724 1293 766 1334 in
797 1292 953 1335 eisdem
984 1296 1109 1335 rebus
1139 1295 1323 1344 habiles,
1363 1296 1420 1337 ita
1450 1302 1620 1338 naturae
1650 1297 1890 1340 muneribus

139 1355 290 1402 ornati,
322 1362 367 1397 ut
397 1370 479 1396 non
511 1358 594 1397 nati
625 1358 697 1398 sed
729 1354 778 1397 ab
800 1355 940 1411 aliquo
961 1358 1039 1398 deo
1060 1355 1144 1398 fieti
1164 1370 1253 1398 esse
1275 1360 1505 1400 videantur.
1570 1361 1663 1400 116.
1697 1363 1891 1416 Magnum

139 1420 346 1474 quoddam
379 1424 440 1460 est
469 1432 573 1460 onus
603 1424 724 1474 atque
757 1433 903 1459 munus
935 1421 1144 1475 suscipere
1174 1426 1296 1476 atque
1326 1420 1513 1475 profiteri
1543 1435 1588 1463 se
1619 1435 1728 1471 esse,
1760 1423 1893 1465 omni-

137 1480 214 1522 bus
245 1480 487 1530 silentibus,
540 1495 666 1523 unum
705 1480 892 1522 maximis
932 1483 982 1523 de
1019 1484 1146 1524 rebus
1185 1497 1334 1538 magno
1371 1484 1413 1525 in
1444 1490 1651 1526 conventu
1679 1485 1891 1526 hominum

139 1543 403 1587 audiendum.
481 1545 609 1594 Adest
647 1544 754 1585 enim
794 1544 881 1585 sere
920 1558 1068 1593 nemo,
1120 1546 1219 1600 quin
1259 1546 1417 1588 acutius
1454 1553 1577 1601 atque
1622 1547 1755 1588 acrius
1792 1548 1940 1590 vitia2o

139 1607 180 1664 in
211 1606 369 1648 dicente
400 1602 522 1662 quani
547 1606 664 1647 ‘recta
695 1608 843 1650 videat.
903 1609 963 1648 Ita
1000 1606 1202 1663 quidquid
1234 1613 1294 1650 est
1313 1640 1322 1657 ‚
1367 1608 1410 1650 in
1440 1623 1522 1664 quo
1556 1608 1803 1659 offenditur,
1849 1611 1890 1652 id

141 1668 387 1715 etiamffitla,
420 1683 524 1725 quae
554 1668 758 1710 laudanda
789 1674 903 1717 sunt,
935 1671 1087 1711 obruit.
1163 1672 1256 1710 117.
1300 1672 1443 1726 Neque
1474 1674 1576 1713 haec
1605 1673 1646 1713 in
1677 1686 1767 1714 eam
1797 1685 1892 1714 sen-

140 1730 307 1771 tentiam
340 1732 528 1786 disputo,
574 1738 617 1772 ut
648 1731 834 1773 homines
873 1731 1182 1780 adolescentes,
1229 1731 1262 1773 si
1307 1734 1404 1787 quid
1435 1734 1618 1776 naturale
1656 1734 1762 1776 forte
1806 1749 1891 1776 non

139 1794 338 1842 habeant,
389 1797 558 1835 omnino
590 1809 613 1834 a
643 1793 805 1835 dicendi
836 1794 971 1836 studio
1002 1796 1246 1835 deterream.
1315 1795 1416 1844 Quis
1447 1796 1555 1837 enim
1586 1810 1669 1837 non
1699 1796 1812 1838 videt
1842 1797 1887 1838 C.

141 1855 306 1904 Caeli0‚
353 1856 514 1911 aequali
544 1870 660 1905 meo,
702 1870 853 1909 magno
883 1856 1033 1898 honori
1062 1856 1212 1905 fuisse,
1255 1857 1411 1899 homini
1441 1873 1570 1907 novo,
1601 1859 1712 1900 illam
1741 1861 1939 1915 ipsam,2⁵

140 1932 427 1974 quamcunque
457 1920 620 1972 assequi
652 1921 856 1974 potuerit,
889 1919 931 1960 in
962 1919 1137 1961 dicendo
1166 1919 1527 1962 mediocritatem?
1574 1922 1676 1971 Quis
1707 1928 1892 1964 vestrum

139 1981 375 2037 aequalem,
422 1982 473 2031 Q.
504 1982 697 2027 Varium,
742 1987 902 2022 vastum
933 1983 1143 2023 hominem
1182 1987 1304 2036 atque
1341 1980 1535 2033 foedum,
1582 1997 1665 2025 non
1703 1985 1894 2039 intelligit

140 2043 211 2086 illa
239 2043 325 2100 ipsa
354 2043 564 2092 facultate,
606 2057 893 2099 quamcunque
923 2043 1067 2093 habet,
1115 2057 1306 2099 magnam
1336 2060 1425 2086 esse
1454 2044 1498 2086 in
1527 2045 1688 2089 civitate
1718 2048 1892 2101 gratiam

141 2110 438 2148 consecutum?
485 2108 634 2149 XXVI.
668 2107 758 2150 118.
789 2108 870 2148 Sed
902 2108 998 2161 quia
1027 2107 1078 2149 de
1108 2112 1273 2148 oratore
1294 2107 1553 2163 quaerimus,
1586 2108 1800 2164 fingendus
1830 2121 1892 2153 est

141 2171 262 2211 nobis
293 2169 481 2212 oratione
524 2174 665 2210 nostra
705 2171 898 2211 detractis
944 2169 1136 2211 omnibus
1168 2170 1278 2211 vitiis
1309 2176 1447 2212 orator
1476 2176 1596 2228 atque
1627 2173 1740 2214 omni
1769 2175 1891 2216 laude
1905 2184 1941 2210 ³0

143 2231 385 2274 cumulatus.
445 2234 589 2288 Neque
619 2230 750 2280 enim,
781 2233 815 2273 si
845 2232 1065 2274 multitudo
1095 2232 1253 2281 litium,
1301 2232 1333 2274 si
1362 2235 1541 2275 varietas
1571 2248 1811 2285 causarum,
1858 2237 1893 2279 si

141 2296 243 2336 haec
288 2295 409 2335 turha
446 2299 486 2335 et
526 2293 718 2336 barbaria
757 2293 934 2336 sorensis
975 2297 1044 2336 dat
1072 2295 1209 2337 locum
1238 2295 1305 2338 vel
1334 2295 1610 2339 vitiosissimis
1641 2298 1890 2349 oratoribus,

141 2356 296 2398 idcirco
327 2369 402 2398 nos
432 2358 536 2404 hoe,
568 2358 680 2410 quod
711 2356 974 2411 quaerimus,
1006 2359 1256 2399 omittemus.
1318 2360 1461 2413 Itaque
1490 2358 1531 2400 in
1560 2359 1612 2401 iis
1643 2359 1819 2410 artibus,
1850 2363 1894 2403 in

144 2418 293 2474 quibus
336 2433 420 2460 non
456 2418 606 2460 utilitas
646 2419 859 2473 quaeritur
898 2422 1130 2462 necessaria
1168 2420 1240 2462 sed
1269 2420 1393 2462 animi
1422 2420 1553 2463 libera
1585 2425 1786 2478 quaedam
1818 2422 1892 2464 ob·-

143 2481 330 2529 leetatio,
380 2495 502 2536 quam
538 2481 755 2537 diligenter
792 2487 832 2524 et
868 2496 991 2538 quam
1031 2496 1159 2538 prope
1199 2482 1413 2525 fastidiose
1442 2485 1693 2526 iudicamus!
1746 2485 1888 2526 Nullae
1905 2494 1939 2520 ³⁵

145 2545 252 2586 enim
281 2544 373 2586 lites
402 2557 537 2598 neque
567 2544 872 2587 controversiae
903 2550 1019 2593 sunt,
1062 2559 1167 2601 quae
1198 2551 1345 2599 cogant
1373 2547 1563 2588 homines
1593 2548 1698 2589 sicut
1726 2548 1766 2587 in
1796 2547 1890 2588 foro

144 2621 227 2649 non
270 2605 403 2649 bonos
447 2612 635 2649 oratores
679 2607 776 2648 item
820 2606 863 2648 in
908 2610 1067 2649 theatro
1108 2613 1268 2649 actores
1305 2610 1435 2650 malos
1465 2610 1638 2665 perpeti.
1699 2611 1789 2654 119.
1820 2611 1892 2650 Est

239 2782 273 2815 3.
300 2787 331 2815 et
356 2787 435 2816 ante
461 2783 507 2815 ad
530 2792 646 2826 οπεος.
677 2792 745 2815 om.
773 2783 814 2816 R.
845 2800 882 2806 —
921 2784 955 2816 5.
983 2787 1014 2816 et
1040 2787 1118 2815 ante
1144 2784 1175 2815 εἰ
1199 2792 1266 2818 om.
1294 2784 1337 2815 R.
1365 2800 1407 2807 —-
1443 2787 1547 2824 putat
1572 2785 1611 2814 B.
1638 2800 1681 2805 —
1721 2784 1754 2816 6.
1781 2792 1834 2816 res
1858 2792 1892 2817 se

147 2827 245 2862 habet
270 2829 380 2862 Codd.
408 2830 474 2869 ah,
501 2830 550 2862 R:
577 2839 610 2862 se
635 2839 689 2862 res
713 2830 837 2862 habeat
856 2830 926 2862 BE.
957 2847 996 2853 —
1025 2833 1087 2862 aut
1111 2831 1141 2862 si
1164 2832 1247 2863 haec
1271 2831 1386 2870 Voss„
1412 2834 1441 2863 si
1459 2836 1519 2863 aut
1546 2829 1627 2870 (om.
1645 2831 1742 2870 haec)
1761 2831 1893 2863 malunt

148 2877 274 2909 Bakius
293 2881 327 2908 et
344 2877 493 2910 Ellendt.
511 2893 549 2901 -
567 2881 644 2909 arte
657 2881 801 2917 possunt
820 2877 928 2909 Codd.
942 2878 1008 2909 aL:
1027 2881 1103 2909 arte
1118 2879 1252 2916 possint
1271 2879 1375 2910 BRE.
1396 2894 1434 2901 -
1454 2879 1487 2909 7.
1500 2882 1645 2917 possunt
1663 2878 1793 2913 omnia.-
1811 2880 1893 2909 sunt

150 2925 240 2956 enim
266 2923 339 2955 RE.
368 2940 407 2946 —-
450 2923 483 2954 8.
511 2924 625 2956 dicam
649 2925 722 2956 BR.
753 2940 790 2947 -—
833 2924 867 2956 9.
895 2924 999 2963 vires]
1025 2932 1130 2955 aures
1154 2925 1194 2956 B.
1226 2941 1262 2948 -
1306 2926 1362 2956 10.
1390 2925 1504 2964 Neque
1528 2925 1615 2955 enim
1640 2924 1722 2955 haec
1748 2924 1820 2955 BR.
1848 2938 1893 2947 --

148 2971 282 3012 aliquos
308 2970 333 3000 B
359 2970 490 3009 aliique
507 2993 516 3008 ,
543 2970 596 3002 R:
624 2972 755 3012 aliquid
782 2971 821 3002 E.
849 2987 892 2992 -
934 2971 991 3002 11.
1018 2974 1099 3001 sunt
1125 2970 1166 3002 R.
1195 2987 1236 2993 -
1280 2973 1334 3003 15.
1361 2979 1504 3002 numero
1529 2971 1570 3001 R.
1599 2986 1640 2993 —
1683 2970 1739 3002 16.
1768 2970 1894 3003 eisdem

150 3017 261 3049 Codd.
289 3017 360 3049 ah:
387 3016 515 3048 hisdem
538 3017 590 3055 R,
617 3018 738 3049 iisdem
765 3018 803 3048 E.
840 3015 908 3056 (ita
930 3019 1081 3048 naturae
1104 3017 1304 3050 muneribus
1328 3020 1365 3050 in
1388 3018 1506 3048 iisdem
1530 3017 1630 3048 rebus
1653 3017 1805 3054 habiles,
1841 3019 1895 3049 ita

150 3065 268 3096 ornati
291 3063 426 3101 Aldus,
454 3061 650 3104 Gruterus.)
679 3081 718 3086 —
747 3065 803 3095 17.
830 3061 919 3106 ficti]
947 3063 1031 3103 secti
1057 3063 1123 3095 Ga.
1150 3065 1184 3096 2.
1215 3064 1299 3096 Cod.
1327 3064 1451 3095 Dresd.
1470 3086 1479 3100 ,
1505 3063 1725 3102 Stephanus,
1755 3063 1894 3096 Lambi-

151 3120 228 3149 nus,
254 3111 349 3143 electi
368 3110 407 3141 B.
429 3127 466 3132 —
495 3109 552 3142 18.
570 3112 734 3150 suscipere
751 3116 855 3152 atque
873 3120 942 3142 orn.
964 3110 1078 3142 Guels.
1098 3110 1132 3141 2.
1156 3128 1198 3134 —
1224 3112 1281 3143 20.
1301 3112 1358 3150 qui
1374 3118 1444 3141 mm
1463 3109 1571 3141 Codd.
1591 3110 1633 3141 al.
1655 3111 1715 3142 RT
1729 3133 1740 3148 ,
1767 3115 1805 3142 ut
1822 3109 1895 3143 sere

150 3166 287 3198 semper
313 3157 439 3189 talibus
478 3157 512 3186 in
539 3159 724 3189 enuntiatis
752 3159 987 3197 corrumpitur
1011 3158 1106 3198 quin.
1137 3174 1175 3180 —
1218 3158 1273 3191 21.
1299 3159 1337 3188 in
1360 3156 1503 3195 dicente]
1529 3156 1661 3188 indicet
1685 3157 1734 3194 B,
1767 3157 1898 3188 iudicet

150 3205 193 3236 R.
221 3221 256 3226 —
298 3212 401 3243 quam
426 3212 466 3234 ea
490 3203 608 3234 laudet
633 3212 718 3243 quac
741 3208 836 3236 recca
864 3204 906 3235 R.
941 3220 977 3227 --
1021 3203 1077 3234 24.
1120 3204 1238 3236 videat
1279 3204 1320 3234 R.
1362 3219 1404 3224 —-
1444 3203 1501 3235 26.
1538 3208 1691 3235 vestrum
1719 3204 1897 3243 aequalem

150 3260 263 3283 meum
288 3250 360 3282 BR.
392 3265 426 3271 -
467 3249 522 3280 28.
550 3250 669 3282 habuit
694 3250 793 3282 Voss.
821 3250 900 3288 BR,
928 3250 1086 3281 habuerit
1112 3250 1210 3282 Leid.
1238 3251 1336 3288 prob.
1364 3249 1485 3282 Bakio.
1515 3265 1554 3272 —
1581 3249 1638 3282 31.
1666 3251 1896 3282 cumulandus

154 3298 263 3330 Codd.
291 3297 384 3329 haud
411 3298 510 3337 pauci
537 3301 571 3328 et
596 3296 683 3327 Edd.
710 3302 818 3336 vett..
846 3305 915 3330 non
940 3297 1012 3329 BR.
1037 3311 1070 3317 -
1100 3295 1157 3327 33.
1184 3294 1257 3336 hoc]
1284 3297 1338 3328 hic
1363 3296 1404 3328 B.
1425 3313 1463 3319 —
1494 3296 1546 3329 his
1569 3297 1613 3331 R.
1634 3314 1672 3322 —
1700 3296 1756 3330 35.
1781 3296 1897 3328 indili-

154 3348 270 3388 9enter
294 3344 336 3375 R.
363 3361 406 3366 —
440 3343 496 3376 36.
522 3341 624 3384 sicut]
651 3343 699 3375 sic
724 3342 765 3375 Β.

229 3409 321 3437 Cicero
341 3408 371 3438 T.
391 3408 410 3437 Ι.
1405 3406 1455 3452 13
