2117 3762
816 203 859 244 C.
894 205 961 244 21.
994 206 1060 245 22.
1094 207 1160 247 23.
1779 210 1857 250 &89

115 313 223 352 mine
253 310 456 366 sapientia
485 310 734 367 appellatur,
781 311 883 351 haec
922 311 1090 352 scientia
1130 311 1255 367 pollet
1283 326 1378 354 una.
1438 312 1553 362 Quae
1584 325 1682 353 vero
1718 316 1859 355 mode-

112 372 251 415 randis
282 374 567 429 cupiditatibus
597 371 868 426 regendisque
900 374 1024 415 aniini
1056 374 1234 416 motibus
1265 375 1472 422 laudatur,
1504 377 1592 416 eius
1625 380 1686 415 est
1711 390 1857 416 munus

113 437 154 476 in
193 435 375 488 agendu3
429 438 493 477 cui
534 435 825 490 temperantiae
865 451 1015 477 nomen
1056 443 1130 478 est.
1191 440 1323 493 Atque
1355 438 1424 479 illa
1454 437 1674 492 prudentia
1704 439 1744 478 in
1775 438 1859 479 suis

112 497 237 542 rebus
280 498 525 545 domestica,
571 499 611 538 in
651 496 824 550 publicis
865 499 993 540 civilis
1031 499 1227 554 appellari
1269 500 1390 541 solet.
1452 503 1520 542 77.
1569 500 1860 555 Temperantia

112 568 248 603 autem
281 562 322 602 in
352 575 446 602 suas
476 559 618 601 itidem
648 573 714 600 res
746 567 785 602 et
816 562 855 602 in
887 575 1124 603 communes
1156 561 1373 604 distributa
1405 569 1465 605 est
1495 562 1740 619 duobusque
1773 577 1895 604 m0-⁵

112 625 174 665 dis
204 626 245 666 in
274 626 399 665 rebus
431 621 658 664 commodis
691 623 962 672 discernitur,
996 630 1036 665 et
1066 638 1138 673 ea,
1171 639 1277 679 quae
1308 624 1480 675 absunt,
1515 639 1597 668 non
1629 624 1861 682 expetendo

111 693 152 728 et
181 686 231 727 ab
262 686 334 734 iis,
377 698 480 740 quae
512 687 551 725 in
584 692 789 738 potestate
820 694 938 736 sunt,
979 686 1237 729 abstinendo.
1299 690 1343 729 In
1374 687 1500 730 rebus
1531 695 1668 731 autem
1702 690 1861 729 incom-

111 749 245 791 modis
275 755 335 790 est
364 746 504 788 itidem
536 749 709 803 duplex;
742 763 834 790 nam
866 764 971 805 quae
1002 749 1265 791 venientibus
1296 750 1410 792 malis
1442 753 1599 799 obstat,
1633 750 1859 800 fortitudo,

111 826 237 867 quae,
282 811 392 866 quod
427 810 509 850 iam
541 812 680 859 adest,
732 813 880 853 tolerat
909 818 949 852 et
978 810 1154 866 perfert,
1201 811 1395 865 patientia
1427 814 1676 854 nominatur.
1743 815 1861 863 Quae

110 882 245 916 autem
276 874 378 914 haec
410 887 493 914 uno
524 886 675 927 genere
706 873 1016 929 complectitur,
1049 872 1288 926 magnitudo
1313 873 1438 914 animi
1461 873 1629 924 dicitur3
1662 874 1777 916 cuius
1799 880 1862 916 est
1876 889 1911 915 ιο

109 935 330 981 liberalitas
360 934 402 976 in
433 949 510 976 usu
542 935 759 990 pecuniae,
802 937 1005 991 simulque
1035 934 1205 976 altitudo
1237 935 1362 976 animi
1394 935 1434 976 in
1465 936 1674 991 capiendis
1705 938 1861 978 incom-

108 999 241 1041 modis
263 1004 304 1039 et
324 997 501 1039 maxime
522 998 703 1048 iniuriis;
737 1003 778 1040 et
797 1011 938 1046 omne,
961 996 1072 1053 quod
1094 1002 1156 1038 est
1176 996 1263 1038 eius
1285 999 1466 1052 generis,
1493 1012 1639 1052 grave,
1661 1001 1862 1048 sedatum,

111 1060 209 1116 [non
248 1058 564 1114 turbulentum}
626 1063 693 1102 78.
741 1064 786 1102 ln
828 1059 1118 1102 communione
1159 1065 1298 1100 autem
1338 1074 1442 1114 quae
1482 1061 1614 1114 posita
1656 1075 1752 1118 pars
1784 1067 1860 1112 est,

106 1123 262 1165 iustitia
300 1122 472 1170 dicitur,
521 1136 651 1178 eaque
691 1137 787 1176 erga
819 1122 919 1164 deos
950 1122 1116 1177 religio,
1164 1136 1260 1177 erga
1293 1130 1482 1177 pai-cutes
1513 1125 1666 1176 pietas,
1720 1123 1861 1180 [vulgo

107 1192 243 1228 autem
275 1183 473 1240 bonitas,]
520 1185 686 1226 creditis
717 1185 759 1226 in
790 1188 912 1227 rebus
941 1184 1068 1234 fides,
1114 1185 1156 1226 in
1187 1187 1472 1227 moderatione
1503 1186 1911 1230 animadvertendiis

106 1249 278 1297 lenitas,
320 1247 499 1289 amicitia
526 1248 567 1288 in
598 1247 886 1289 benevolentia
917 1248 1164 1290 nominatur.
1222 1250 1376 1290 XXIII.
1420 1252 1553 1305 Atque
1583 1252 1660 1292 hae
1693 1251 1860 1307 quidem

107 1313 280 1353 virtutes
310 1316 533 1352 cernuntur
562 1311 604 1350 in
635 1309 810 1364 agendo.
872 1312 975 1351 Sunt
1014 1316 1151 1352 autem
1191 1312 1297 1352 aliae
1337 1311 1454 1366 quasi
1490 1313 1701 1354 ministrae
1733 1315 1862 1355 coini-

107 1381 252 1429 tesque
290 1371 536 1428 sapientiae;
587 1386 760 1427 quarum
799 1372 950 1421 altera,
997 1387 1102 1428 quae
1139 1374 1220 1414 sint
1250 1374 1292 1415 in
1327 1374 1576 1427 disputando
1609 1389 1709 1417 vera
1739 1383 1861 1431 atque

105 1436 206 1478 falsa
236 1434 466 1490 quibusque
496 1435 639 1490 positis
670 1435 769 1491 quid
799 1441 1015 1491 sequatur,
1050 1436 1263 1490 distinguit
1293 1442 1333 1478 et
1362 1438 1541 1487 iudicat3
1589 1452 1694 1493 quae
1726 1440 1857 1481 virtus

107 1498 240 1540 omnis
269 1497 312 1539 in
341 1499 497 1539 ratione
527 1497 781 1553 scientiaque
812 1497 1044 1553 disputandi
1076 1497 1152 1540 sita
1182 1506 1264 1548 cst;
1312 1499 1440 1541 altera
1481 1506 1616 1541 autem
1659 1502 1857 1544 oratoria.
1875 1515 1913 1541 πο

105 1565 172 1605 79.
202 1561 312 1603 Nihil
342 1567 402 1602 est
431 1559 541 1602 enim
571 1560 683 1602 aliud
714 1560 951 1615 eloquentia
983 1561 1062 1603 nisi
1093 1563 1261 1617 copiose
1291 1561 1465 1616 loquens
1497 1563 1720 1617 sapientia3
1755 1578 1862 1619 quae

106 1639 157 1666 ex
187 1627 334 1666 eodem
367 1636 519 1678 genere
550 1622 713 1670 hausta,
747 1638 828 1678 quo
860 1623 949 1671 illa,
982 1638 1086 1679 quae
1120 1624 1161 1665 in
1193 1626 1442 1678 disputando
1474 1631 1558 1674 est,
1600 1624 1771 1667 uberior
1802 1631 1864 1669 est

105 1695 228 1744 atque
271 1686 393 1729 latior
437 1693 477 1727 et
517 1685 567 1727 ad
613 1692 749 1728 motus
794 1687 1026 1728 animorum
1069 1687 1264 1743 vulgique
1310 1701 1454 1729 sensus
1497 1691 1860 1732 accommodatior.

107 1754 253 1793 Custos
282 1763 383 1792 vero
415 1749 610 1790 virtutum
642 1749 826 1790 omnium
866 1750 1046 1791 dedecus
1083 1748 1242 1804 fugiens
1272 1750 1519 1806 laudemque
1552 1753 1731 1793 maxime
1762 1766 1860 1794 con-

105 1825 282 1869 sequens
311 1811 561 1854 verecundia
593 1816 666 1852 est.
724 1815 858 1868 Atque
889 1811 928 1852 hi
959 1817 1053 1854 sunt
1082 1811 1170 1854 fere
1201 1815 1317 1869 quasi
1339 1812 1507 1869 quidam
1527 1815 1692 1856 habitus
1714 1816 1855 1863 animi,
1873 1829 1908 1858 2⁵

105 1878 163 1918 sie
193 1874 330 1916 affecti
360 1881 400 1915 et
430 1873 662 1921 constituti,
711 1880 758 1915 ut
799 1873 879 1914 sint
918 1874 1069 1928 singuli
1102 1876 1209 1916 inter
1239 1889 1282 1916 se
1311 1875 1484 1930 proprio
1515 1876 1675 1918 virtutis
1706 1891 1859 1930 genere

105 1937 307 1987 distincti;
340 1951 364 1978 a
393 1935 543 1992 quibus
573 1942 618 1978 ut
648 1951 840 1991 quaeque
871 1949 939 1977 res
970 1942 1082 1990 gesta
1113 1942 1197 1986 est,
1231 1937 1288 1979 ita
1319 1938 1369 1978 sit
1398 1940 1568 1980 honesta
1598 1952 1770 1981 necesse
1799 1944 1862 1981 est

104 2014 348 2056 summeque
369 1997 600 2041 laudabilis.
659 2001 724 2041 80.
757 2000 863 2040 Sunt
892 2004 1028 2040 autem
1060 1999 1129 2041 alii
1159 1999 1324 2055 quidam
1359 1999 1562 2055 [perfecti]
1596 2002 1722 2044 animi
1744 2001 1861 2043 habi-

105 2069 171 2104 tus
209 2061 261 2103 ad
299 2063 496 2103 virtutem
532 2063 647 2117 quasi
687 2061 887 2115 praeculti
925 2067 965 2103 et
1002 2063 1236 2115 praeparati
1274 2064 1398 2104 rectis
1429 2063 1575 2105 studiis
1606 2069 1648 2105 et
1677 2064 1858 2115 artibus3

104 2130 172 2173 ut,
203 2125 246 2164 in
275 2123 360 2165 suis
390 2125 517 2165 rebus
548 2123 684 2166 studia
713 2124 959 2172 litterarum,
992 2129 1038 2165 ut
1068 2138 1336 2166 numerorum
1358 2139 1407 2167 ac
1427 2139 1650 2176 sonorum,
1682 2132 1728 2167 ut
1748 2140 1861 2168 men·
1874 2140 1910 2166 ³0

105 2201 247 2236 surae,
277 2193 325 2229 ut
354 2185 559 2235 siderum,
600 2192 644 2227 ut
675 2200 899 2242 equorum,
937 2192 982 2229 ut
1012 2189 1211 2235 venandi,
1243 2193 1287 2228 ut
1316 2201 1554 2238 armorum3
1601 2188 1643 2230 in
1675 2202 1860 2230 commu-

105 2249 224 2291 nibus
268 2250 543 2304 propensiora
581 2249 715 2290 studia
755 2249 797 2290 in
827 2249 964 2306 aliquo
997 2263 1148 2304 genere
1178 2249 1341 2292 virtutis
1385 2249 1637 2307 [praecipue]
1685 2252 1858 2293 colendo

105 2318 176 2354 aut
206 2312 353 2354 divinis
383 2314 509 2353 rebus
541 2312 813 2353 deserviendo
845 2319 915 2353 aut
944 2312 1203 2366 parentibus,
1243 2313 1404 2360 amicis,
1437 2313 1671 2369 hospitibus
1702 2314 1860 2370 praeci-

104 2390 185 2430 pue
215 2381 338 2430 atque
369 2374 586 2428 insigniter
617 2373 851 2429 diligendis.
912 2377 1045 2429 Atque
1067 2377 1168 2416 hacc
1191 2376 1358 2431 quidem
1380 2376 1591 2418 virtutum.
1651 2378 1857 2421 Vitiorum

105 2445 245 2480 autem
274 2443 369 2480 sunt
399 2450 548 2491 genera
581 2438 797 2480 contraria.
857 2438 925 2478 81.
969 2439 1183 2479 Cernenda
1221 2444 1358 2480 autem
1396 2444 1491 2481 sunt
1521 2439 1762 2494 diligenter,
1806 2453 1857 2481 ne
1872 2452 1907 2479 35

104 2500 244 2542 fallant
273 2515 323 2542 ea
351 2512 426 2541 nos
458 2499 578 2547 vitia,
613 2513 719 2554 quae
748 2499 942 2540 virtutem
973 2499 1164 2541 videntur
1184 2500 1350 2542 imitari.
1412 2504 1512 2543 Nam
1536 2508 1576 2543 et
1596 2502 1856 2555 prudentiam

104 2563 259 2604 malitia
289 2568 330 2604 et
359 2564 671 2618 temperantiam
701 2562 934 2604 immanitas
964 2563 1007 2603 in
1036 2562 1316 2618 voluptatibus
1347 2564 1616 2620 aspernandis
1638 2570 1677 2606 et
1699 2564 1855 2620 magni-

105 2626 288 2667 tudinem
327 2624 453 2667 animi
492 2625 689 2680 superbia
725 2627 767 2668 in
796 2625 826 2678 -Ι-
857 2624 1005 2666 animis
1035 2626 1286 2669 extollendis
1316 2632 1356 2668 et
1386 2627 1652 2683 despicientia
1683 2627 1724 2667 in
1758 2640 1856 2668 con-

196 2783 230 2814 5.
257 2786 370 2814 autem
397 2792 464 2815 om.
494 2784 559 2816 Gu.
589 2800 629 2805 —
657 2784 690 2816 6.
716 2785 752 2816 in
777 2784 875 2816 rebus
901 2783 1088 2815 commodis
1114 2793 1183 2815 om.
1212 2785 1263 2823 Y,
1292 2785 1358 2817 Ed.
1387 2786 1473 2818 Ven.
1504 2802 1542 2808 —-
1578 2786 1635 2817 11.
1662 2783 1852 2826 capiendis]

106 2830 312 2867 accipiendis
339 2830 480 2866 Lamb.,
511 2832 722 2863 dimittendis
749 2832 801 2867 1³:
830 2836 1019 2870 utrumque
1046 2839 1063 2861 e
1091 2832 1192 2871 gloss.
1216 2849 1253 2854 —
1282 2832 1335 2863 12.
1365 2834 1559 2864 insectatum
1582 2833 1634 2867 R.
1662 2832 1752 2864 Edd.
1773 2837 1855 2865 ante

106 2876 251 2913 Lamb.,
280 2878 337 2915 qui
367 2886 383 2909 e
411 2877 519 2909 Codd.
548 2876 663 2918 (etiam
692 2878 763 2918 YV)
793 2878 1003 2910 emendavit.
1032 2893 1071 2899 —-
1106 2878 1162 2909 13.
1190 2887 1260 2910 non
1285 2879 1519 2910 turbulentum
1544 2878 1651 2919 (quod
1678 2879 1782 2911 babet
1811 2877 1854 2921 V)

107 2932 174 2954 om.
205 2923 251 2959 Y,
290 2923 344 2954 vel
369 2932 439 2954 mm
463 2924 717 2963 turbulentum,
761 2925 861 2956 Grut.
889 2933 906 2955 e
934 2924 1043 2956 Codd.
1063 2947 1071 2959 ‚
1112 2928 1172 2955 aut
1198 2926 1432 2957 turbulentum
1459 2927 1509 2962 R,
1552 2930 1582 2957 ec
1618 2925 1855 2958 turbulentum

106 2970 213 3000 Aldus
241 2973 276 3000 et
302 2969 389 3000 Edd.
417 2975 496 3002 ante
523 2971 642 3002 Lamb.
671 2972 742 3004 Nos
771 2981 824 3004 vv.
852 2976 1011 3010 suspecta
1038 2971 1255 3003 seclusimus.
1277 2987 1318 2993 -
1346 2972 1402 3003 14.
1429 2972 1533 3011 vulyo
1559 2976 1675 3004 autem
1700 2971 1851 3014 bonitas]

106 3016 242 3048 Delevit
268 3017 353 3048 haec
379 3015 585 3054 Scamnum
613 3027 694 3051 sane
722 3023 773 3051 est
797 3019 900 3060 gloss.
931 3018 1177 3049 Christianum.
1206 3035 1244 3040 -
1286 3018 1342 3049 16.
1370 3020 1407 3050 in
1433 3019 1594 3050 amicitia
1619 3019 1854 3053 benevolentia

107 3063 196 3095 haud
227 3063 501 3100 improbabiliter
527 3065 721 3096 Schutzius.
751 3082 788 3087 —
829 3066 884 3096 21.
913 3064 1005 3095 Nihil
1030 3069 1078 3095 est
1104 3066 1191 3096 enim
1218 3064 1284 3096 Gu.
1314 3065 1398 3096 RV:
1437 3065 1528 3095 Nihil
1553 3066 1642 3097 enim
1667 3071 1715 3098 esc
1743 3067 1781 3098 E.
1811 3083 1851 3090 --

105 3110 162 3140 22.
191 3118 310 3149 yenere
334 3110 456 3141 hausta
483 3110 567 3141 RV:
605 3111 731 3143 hausta
757 3120 877 3152 venere
904 3111 943 3141 Ε.
970 3126 1013 3132 -
1054 3110 1110 3142 23.
1139 3111 1262 3142 laetior
1285 3111 1492 3151 Purgoidus.
1523 3129 1564 3134 —
1601 3113 1709 3143 animi
1742 3113 1780 3144 R.
1813 3129 1851 3137 —-

106 3157 163 3187 25.
191 3157 225 3187 Ιιι·
249 3156 387 3196 quidem
411 3160 490 3186 sunt
526 3156 552 3187 V
579 3161 613 3188 et
639 3158 724 3189 Edd.
753 3163 832 3190 ante
859 3159 938 3189 Ern.
967 3157 1047 3189 inde
1073 3157 1115 3189 ab
1143 3158 1244 3188 Aldo.
1281 3158 1341 3197 (Ut
1367 3167 1451 3196 nos,
1490 3158 1544 3196 R,
1587 3158 1649 3190 Ed.
1678 3158 1781 3196 Ven.)
1807 3175 1852 3181 —

105 3202 163 3234 28.
187 3200 344 3242 perfecti]
371 3203 444 3243 ficti
471 3203 517 3240 Y,
546 3203 608 3235 Ed.
637 3203 724 3235 Ven.
751 3205 887 3236 Delevit
913 3203 1058 3239 Lamb.:
1086 3213 1146 3235 nos
1173 3204 1387 3236 seclusimus.
1421 3221 1456 3228 -
1485 3204 1543 3236 32.
1567 3207 1755 3247 praecipue
1781 3215 1849 3238 om.

106 3249 161 3285 R,
189 3250 319 3286 Aldus,
359 3249 554 3280 Seliutzius.
607 3250 744 3282 llabent
772 3251 852 3286 YV:
893 3259 954 3282 nos
979 3250 1207 3282 seclusimus.
1245 3253 1325 3290 quia
1360 3252 1550 3283 involutum
1577 3257 1626 3284 est
1654 3254 1686 3284 in
1713 3262 1744 3285 v.
1768 3261 1851 3292 pro-

104 3297 285 3336 pensiora.
305 3312 349 3317 -
367 3296 423 3328 35.
444 3304 571 3337 yenera
590 3298 771 3329 contraria
789 3300 868 3329 sunt
885 3297 926 3329 V.
947 3312 988 3318 —
1007 3296 1063 3328 38.
1085 3297 1212 3329 animis
1227 3297 1294 3330 del.
1314 3297 1507 3331 Schtitzius.
1527 3299 1622 3332 Fort.
1641 3299 1756 3332 nimis.
1780 3298 1848 3331 On.
