2117 3762
265 261 315 302 10
933 254 1002 294 AD
1035 253 1350 294 HERENNIUM

260 367 428 425 propria
458 366 551 419 lege
581 364 695 405 venit
725 361 767 403 in
788 360 986 402 iudicium
1006 389 1016 406 ‚
1051 372 1155 413 quae
1178 363 1315 400 tamen
1337 360 1389 399 ab
1411 359 1501 400 aliis
1522 356 1683 413 legibus
1705 358 2015 402 similitudinem

262 431 464 487 quandam
497 431 736 481 aucupatur.
797 426 856 464 Ea
888 426 950 462 est
980 421 1234 461 huiusmodi.
1295 424 1382 463 Lex
1415 427 1498 463 est:
1545 424 1589 463 Sl
1620 432 1831 462 FURIOSUS
1861 434 2011 469 EsciT,

260 505 501 537 ADGNATUM
525 498 854 534 GENTlLIUMQUE
878 496 923 526 IN
943 495 1000 524 EO
1023 496 1302 531 PECUNIAQUE
1324 496 1423 526 EIUS
1444 496 1667 526 POTESTAS
1690 495 1815 525 lsto.
1848 486 1897 525 Et
1919 484 2012 528 lex:

264 558 347 606 Qui
378 566 612 596 PARENTEM
644 547 831 593 NECASSE
864 558 1100 589 lunchTus
1138 558 1269 593 ERIT,
1316 558 1371 587 UT
1414 559 1453 588 1s
1494 558 1756 588 OBVOLUTUS
1795 558 1849 586 ΕΤ
1891 558 2015 589 onm-

232 630 399 661 ⁵GATUs
445 628 580 659 como
626 623 893 655 DEVEHATUR
937 622 983 650 ΙΝ
1023 620 1359 650 PROFLUENTEM.
1419 611 1469 650 Et
1504 609 1603 651 lex:
1654 612 2013 652 PATERFAMlLIAS

262 694 335 723 UTI
367 693 504 723 SUPER
534 688 719 719 FAMILIA
749 685 993 715 PECUNIAVE
1025 683 1106 713 SUA
1136 682 1368 718 LEGAsslT,
1417 684 1491 713 ITA
1530 684 1598 713 ius
1629 683 1758 713 Esro.
1836 674 1886 713 Et
1923 671 2012 714 lex:

262 746 306 785 S1
337 750 687 784 PATERFAMILIAS
720 746 965 778 1NTESTAT0
997 745 1227 780 MORITUR‚
1274 746 1461 775 FAMILIA
1498 746 1776 782 PECUNIAQUE
1807 747 1906 777 Eius
1937 747 2016 777 AD-

263 817 440 847 GNATUM
474 812 805 847 GENTILIUMQUE
838 809 964 839 Esro.
1040 797 1260 838 Malleolus
1291 797 1494 836 iudicatus
1527 802 1588 837 est
1618 803 1791 837 matrem
1824 812 2010 840 necasse.

260 868 310 909 Ei
350 869 539 907 damnato
579 864 714 903 statim
754 861 940 903 folliculo
981 860 1126 914 lupino
1159 873 1205 900 os
1237 860 1482 900 obvolutum
1514 864 1576 900 est
1608 865 1647 900 et
1680 862 1819 901 soleae
1852 862 2014 915 ligneae

212 942 247 966 10
263 930 438 985 pedibus
469 928 637 967 indutae
671 930 764 965 sunt
795 930 836 965 et
866 925 907 963 in
939 936 1149 964 carcerem
1180 924 1325 962 ductus
1358 926 1434 962 est.
1496 922 1576 970 Qui
1599 923 1879 963 defendebant
1902 938 2011 972 eum,

261 992 419 1031 tabulas
451 990 492 1028 in
525 1002 733 1029 carcerem
763 986 969 1035 afferunt3
1023 990 1311 1025 testamentum
1343 984 1434 1038 ipso
1466 990 1683 1038 praesente
1716 987 2011 1035 conscribunt3

260 1058 383 1093 testes
414 1057 527 1092 recte
558 1051 786 1098 assuerunt3
821 1051 871 1090 de
902 1050 973 1089 illo
1006 1048 1252 1102 supplicium
1289 1044 1456 1101 [paullo]
1484 1051 1577 1100 post
1597 1048 1785 1088 sumitur.
1848 1049 1907 1096 li,
1943 1049 2013 1103 qui

259 1117 435 1157 heredes
467 1119 582 1155 erant
616 1117 881 1160 testamento,
929 1111 1203 1151 hereditatem
1242 1111 1409 1150 adeunt.
1471 1111 1615 1149 Frater
1644 1111 1779 1150 minor
1812 1111 2012 1158 Malleoli,

262 1180 331 1234 qui
362 1191 455 1218 eum
487 1181 797 1232 oppugnaverat
826 1176 867 1214 in
900 1175 988 1214 eius
1019 1174 1206 1227 periculo
1226 1203 1236 1220 ,
1289 1186 1405 1212 suam
1446 1177 1566 1212 vocat
1604 1172 1877 1214 hereditatem
1922 1175 2015 1227 lege

211 1252 246 1277 15
263 1239 507 1295 agnationis.
570 1239 646 1279 Hic
679 1244 788 1278 certa
819 1238 887 1277 lex
917 1237 959 1276 in
991 1249 1078 1276 rem
1110 1236 1224 1275 nulla
1254 1233 1450 1282 affertur,
1491 1240 1532 1275 et
1562 1238 1701 1275 tamen
1732 1231 1884 1276 multae
1915 1237 2015 1276 affe-

261 1309 432 1351 runtur,
468 1317 490 1343 e
523 1303 673 1356 quibus
704 1300 963 1341 ratiocinatio
995 1299 1202 1346 nascitur,
1251 1311 1377 1352 quare
1407 1298 1592 1351 potuerit
1623 1303 1693 1337 aut
1722 1310 1806 1338 non
1836 1299 2017 1352 potuerit

260 1368 350 1407 iure
394 1369 682 1406 testamentum
729 1364 882 1403 facere.
965 1361 1213 1401 Constitutio
1258 1361 1444 1413 legitima
1484 1366 1544 1400 est
1582 1374 1633 1400 ex
1678 1360 2011 1402 ratiocinatione.

263 1428 500 1469 Cuiusmodi
530 1432 666 1482 partes
700 1430 836 1467 essent
866 1425 1076 1478 legitimae
1109 1421 1443 1470 constitutionis,
1492 1423 1773 1464 ostendimus:
1822 1437 1931 1464 nunc
1963 1424 2014 1465 de

260 1492 481 1531 iuridiciali
514 1490 803 1531 constitutione
835 1489 1035 1528 dicamus.

213 1564 248 1589 20
375 1554 484 1594 XIV.
515 1554 581 1592 24.
643 1549 887 1592 Iuridicialis
933 1548 1171 1591 constitutio
1217 1555 1295 1595 est,
1347 1562 1438 1590 cum
1484 1547 1635 1589 factum
1680 1547 1893 1595 convenit,
1944 1546 2017 1589 sed

261 1615 352 1657 iure
401 1629 451 1656 an
490 1613 639 1655 iniuria
677 1613 824 1654 factum
866 1613 934 1660 sit,
985 1611 1211 1667 quaeritur.
1271 1611 1370 1653 Eius
1414 1610 1718 1653 constitutionis
1757 1616 1893 1665 partes
1924 1616 2018 1652 sunt

263 1681 385 1725 duae,
419 1691 593 1733 quarum
625 1690 704 1718 una
735 1675 940 1722 absoluta,
974 1675 1100 1716 altera
1130 1673 1378 1729 assumptiva
1409 1674 1659 1716 nominatur.
1720 1673 1921 1715 Absoluta
1943 1679 2015 1722 est,

262 1754 354 1781 cum
384 1739 424 1781 id
455 1743 606 1795 ipsum,
657 1737 768 1794 quod
798 1738 947 1779 factum
980 1743 1058 1785 est,
1108 1742 1152 1778 ut
1191 1736 1301 1779 aliud
1340 1737 1439 1778 nihil
1470 1736 1571 1779 soris
1602 1743 1855 1784 assumatur,
1905 1743 2017 1779 recte

262 1802 410 1844 factum
454 1816 543 1843 esse
590 1801 787 1843 dicemus.
850 1803 907 1842 Ea
952 1806 1013 1841 est
1055 1800 1313 1842 huiusmodi:
1370 1801 1519 1842 Minius
1563 1800 1731 1855 quidam
1775 1800 2016 1842 nominatim

213 1876 247 1901 2⁵
262 1868 428 1906 Accium
468 1871 628 1918 poetam
671 1863 931 1919 compellavit
968 1865 1008 1904 in
1049 1876 1181 1906 scena.
1241 1865 1341 1904 Cum
1380 1876 1430 1904 eo
1461 1863 1607 1904 Accius
1638 1862 1883 1904 iniuriarum
1915 1862 2012 1916 agit.

262 1929 338 1970 Hic
367 1928 468 1970 nihil
499 1927 609 1969 aliud
639 1927 820 1969 defendit
849 1926 923 1967 nisi
957 1926 1082 1967 licere
1113 1925 1319 1967 nominari
1350 1940 1465 1974 eum,
1512 1928 1627 1967 cuius
1667 1925 1835 1966 nomine
1865 1925 2017 1978 scripta

263 1990 411 2032 dentur
441 1990 611 2045 agenda.
670 1989 929 2044 Assumptiva
962 2003 1054 2044 pars
1086 1995 1167 2036 est,
1218 2002 1311 2030 cum
1350 2002 1425 2043 per
1455 2002 1498 2029 se
1530 1987 1716 2029 defensio
1747 1986 1911 2028 infirma
1942 1992 2014 2034 est,

264 2053 336 2094 sed
371 2060 575 2108 assumpta
616 2054 795 2094 extraria
839 2067 884 2095 re
916 2050 1227 2105 comprobatur.
1289 2051 1580 2105 Assumptivae
1610 2057 1748 2104 partes
1778 2055 1873 2092 sunt
1902 2054 2019 2105 quat-

264 2123 380 2157 tuor:
412 2116 643 2164 concessio,
674 2116 849 2157 remotio
871 2115 1074 2162 criminis,
1109 2114 1322 2156 translatio
1345 2114 1548 2161 criminis,
1580 2112 1848 2168 comparatio.
1910 2115 2016 2154 Con-

216 2187 251 2213 ³0
266 2179 395 2220 cessio
425 2184 505 2225 est,
547 2193 638 2220 cum
668 2193 764 2220 reus
795 2179 974 2234 postulat
1003 2178 1081 2219 sibi
1111 2177 1280 2232 ignosci.
1340 2180 1398 2218 Ea
1429 2176 1627 2218 dividitur
1656 2176 1698 2217 in
1728 2174 2017 2231 purgationem

265 2247 305 2282 et
344 2240 692 2296 deprecationem.
753 2241 946 2295 Purgatio
993 2246 1072 2287 est,
1124 2254 1216 2281 cum
1254 2240 1441 2282 consulto
1481 2246 1602 2293 negat
1641 2253 1683 2280 se
1722 2252 1819 2280 reus
1855 2237 2015 2279 fecisse.

264 2305 320 2344 Ea
360 2303 555 2344 dividitur
590 2304 630 2344 in
669 2303 896 2351 fortunam,
946 2302 1290 2357 imprudentiam,
1336 2302 1641 2344 necessitatem:
1692 2300 1921 2347 fortunam,
1973 2306 2018 2341 ut

266 2365 417 2418 Caepio
450 2365 499 2407 ad
529 2366 715 2408 tribunos
746 2366 876 2420 plebis
908 2366 957 2407 de
989 2366 1196 2407 exercitus
1224 2366 1466 2416 amissione3
1497 2365 1837 2419 imprudentiam,
1869 2369 1915 2405 ut
1933 2362 2017 2411 illc,

357 2548 390 2578 ΕΞ.
419 2548 497 2578 esrit
524 2547 682 2579 ErnestIO
709 2552 848 2581 auctore
876 2548 983 2580 selu:
1014 2549 1152 2580 exsistet
1179 2547 1404 2579 PABFRTE.
1436 2565 1471 2570 —
1504 2547 1536 2579 3.
1564 2548 1756 2588 adgynatum
1781 2546 1830 2577 P:
1869 2549 2014 2587 aquato-

263 2603 343 2625 rum
360 2594 555 2626 ABFRTE.
579 2610 615 2615 -
643 2594 676 2625 [ι.
707 2600 744 2626 ut
765 2604 840 2626 cum
864 2596 936 2626 aliis
962 2605 1027 2627 om.
1049 2595 1090 2626 T.
1143 2595 1210 2626 Sed
1232 2600 1303 2627 tum
1323 2595 1504 2636 legendum
1526 2595 1708 2625 devehitur.
1737 2592 1910 2632 (deiicitor
1936 2601 2013 2624 cum

267 2641 349 2672 Cod.
378 2641 523 2672 Puteani
552 2638 606 2679 L.)
633 2658 674 2662 -—
702 2642 763 2672 Vv.
791 2643 835 2672 Et
861 2643 940 2673 lex:
970 2643 1035 2682 Qui
1057 2646 1235 2682 parentem
1259 2660 1273 2665 -
1297 2658 1311 2663 -
1335 2659 1348 2664 -
1374 2644 1410 2672 in
1433 2641 1661 2683 profluentem
1686 2643 1850 2678 expunxit
1870 2639 1950 2670 Sch.
1971 2655 2012 2661 -

266 2688 299 2719 6.
328 2688 464 2727 leqassic
491 2689 528 2718 L.
552 2691 666 2725 recte,
694 2694 730 2718 ut
755 2689 925 2720 edidimus
946 2691 986 2719 de
1015 2690 1086 2720 lnv.
1114 2690 1154 2724 2.
1183 2690 1249 2720 50:
1278 2689 1445 2730 leyaveri't
1471 2690 1504 2720 h.
1524 2689 1544 2719 Ι.
1563 2687 1671 2719 Codd.
1693 2689 1795 2719 etiam
1815 2689 1943 2723 nostri,
1971 2686 2011 2717 E.

266 2749 307 2756 -—
346 2735 379 2765 7.
408 2735 570 2766 intestato
597 2734 645 2764 P:
673 2735 856 2766 intestatus
882 2736 1076 2767 ABFRTE.
1127 2735 1194 2768 Sed
1230 2735 1290 2768 cfr.
1323 2737 1364 2767 de
1391 2736 1464 2767 lnv.
1496 2735 1535 2771 2,
1563 2735 1619 2766 50.
1656 2733 1697 2764 de
1727 2733 1786 2764 Or.
1816 2734 1849 2770 1,
1883 2733 1941 2764 [10.
1974 2749 2011 2755 —

267 2785 440 2819 aquatum
476 2780 523 2820 (h.
557 2779 595 2821 l.)
623 2780 689 2812 PB.
731 2780 844 2822 (Grut.
874 2781 1013 2819 Graev.)
1078 2781 1130 2813 Ad
1169 2788 1278 2813 totum
1308 2783 1421 2813 locum
1449 2782 1508 2813 ct'r.
1537 2781 1685 2812 Dirksen
1720 2780 1801 2811 XII.
1832 2780 1952 2818 Tafeln
1978 2789 2011 2819 p.

267 2827 335 2857 322
360 2834 393 2860 et
418 2828 496 2859 372.
524 2843 564 2851 —
591 2828 645 2858 ²10.
673 2830 711 2858 in
733 2829 878 2868 pedibus
903 2830 1029 2860 PBFT.
1053 2846 1093 2851 —
1120 2831 1263 2861 indutae
1291 2829 1375 2861 Cod-
1403 2829 1521 2868 Lips.:
1551 2827 1715 2859 inductae
1740 2827 1933 2864 PAFRTE,
1961 2827 2014 2858 in-

268 2873 361 2904 ditae
387 2876 430 2912 Β,
459 2875 550 2915 quod
580 2875 738 2913 placebat
768 2876 938 2907 Ernestio.
992 2876 1061 2907 Csr.
1094 2876 1135 2907 de
1162 2876 1237 2907 Inv.
1265 2877 1299 2913 2,
1326 2877 1383 2907 50.
1412 2891 1454 2896 —-
1494 2875 1549 2906 12.
1569 2879 1661 2906 recte
1687 2873 1712 2903 B
1741 2879 1774 2906 et
1802 2882 1853 2912 pr.
1883 2874 1908 2905 P
1936 2882 2013 2904 cum

267 2919 362 2956 θΙῑΙΞ,
407 2926 444 2953 ut
472 2930 574 2960 saepe
601 2926 652 2952 est
678 2923 770 2960 apud
798 2923 896 2954 letos
935 2923 966 2961 («
981 2932 1019 2954 ex
1047 2926 1128 2955 iuris
1157 2923 1264 2955 civilis
1299 2927 1430 2954 ratione
1469 2930 1507 2953 ac
1542 2917 1735 2961 regulis»):
1779 2922 1845 2953 rite
1870 2921 2013 2958 AFuT,

272 2974 359 2996 corr.
381 2967 426 3003 P,
456 2969 496 2999 E.
524 2986 567 2989 -
598 2970 721 3008 paullo
738 2973 819 3008 post
837 2979 904 3000 om.
925 2969 1009 3000 PAF
1029 2974 1061 3002 et
1081 2979 1131 3009 pr.
1161 2970 1210 3006 T,
1236 2970 1359 3009 paullo
1387 2970 1563 2999 dumtaxat
1588 2977 1656 2999 om.
1684 2968 1734 3004 R,
1765 2968 1797 2999 id
1826 2968 1918 3008 quod
1946 2976 2013 2999 non

269 3013 452 3051 displicet:
481 3017 616 3045 interim
644 3017 851 3047 seclusimus
876 3024 907 3047 v.
932 3016 1065 3054 paullo.
1103 3033 1143 3038 --
1188 3016 1243 3047 18.
1272 3016 1392 3054 essent]
1419 3017 1486 3046 sint
1512 3015 1551 3045 T.
1583 3013 1651 3044 Csr.
1681 3023 1783 3053 supra
1811 3012 1848 3054 §.
1877 3015 1909 3046 3.
1936 3023 2016 3055 quo-

267 3060 394 3089 w'um-
413 3060 680 3092 demonstratum
708 3067 778 3100 est,
808 3081 819 3086 -
844 3077 858 3083 —
884 3071 969 3102 quas
994 3071 1049 3093 res
1074 3063 1195 3094 habere
1222 3064 1441 3097 conveniret,
1482 3062 1538 3092 ubi
1569 3061 1734 3093 Graevius
1759 3062 1906 3093 aliorum
1932 3069 2016 3091 con-

267 3107 386 3136 veniat
412 3108 582 3145 praetulit.
615 3125 649 3129 —
683 3110 737 3141 25.
767 3118 868 3140 scena
895 3118 970 3139 cum
997 3107 1048 3149 eo]
1077 3109 1265 3141 caenaculo
1291 3108 1435 3144 AFRT,
1463 3109 1626 3139 cenaculo
1650 3117 1724 3139 meo
1751 3108 1817 3139 ΡΒ.
1868 3107 1912 3139 Ut
1937 3116 2013 3145 nos,

268 3151 391 3182 Duisb.
420 3169 461 3173 —
487 3154 543 3183 28.
572 3154 739 3194 earm-aria]
768 3165 809 3187 eat
834 3157 1014 3186 contraria
1042 3156 1078 3186 P.
1131 3156 1268 3191 Ceteri,
1297 3161 1333 3186 ut
1361 3164 1444 3191 nos,
1473 3164 1539 3185 non
1569 3164 1645 3185 cum
1673 3156 1747 3186 aliis
1773 3158 1950 3186 aurenca.
1974 3171 2011 3176 —

268 3197 324 3228 31.
349 3204 450 3239 neqat
476 3208 509 3230 se
535 3200 671 3230 PAFT:
707 3211 738 3233 se
763 3207 865 3242 negyat
892 3203 994 3233 BKE.
1029 3219 1062 3224 —
1108 3201 1163 3233 32.
1190 3202 1460 3240 imprudentiam
1485 3201 1664 3240 fortunam
1690 3201 1849 3233 PABFR.
1878 3217 1917 3222 —
1958 3209 2015 3231 ne-

270 3246 508 3277 cessicudinem
541 3252 657 3277 eontra
698 3248 804 3278 Codd.
842 3255 974 3279 nostros
1012 3248 1133 3287 Steph.
1164 3248 1201 3279 L.
1231 3248 1310 3279 Sch.
1341 3254 1480 3287 propter
1505 3258 1578 3288 seq.
1613 3249 1914 3286 necessitudinem,
1956 3247 2013 3278 ubi

272 3295 385 3322 tamen
418 3297 483 3324 tres
511 3292 749 3332 Oudendorpii
789 3298 1031 3326 necessitatem.
1071 3312 1114 3316 —
1140 3294 1197 3325 33.
1223 3295 1400 3326 tribunum
1421 3295 1470 3333 pl.
1500 3296 1540 3325 de
1565 3296 1616 3335 R,
1652 3295 1838 3328 trebatium
1861 3293 2015 3335 publium

271 3337 312 3368 de
336 3338 376 3369 T.
408 3356 444 3361 —
474 3340 641 3371 exercitus
667 3342 847 3373 aniissione
873 3342 1072 3373 PABFRT:
1107 3341 1290 3374 amissione
1316 3343 1487 3374 exercitus
1515 3342 1554 3373 E.
