2117 3762
284 246 368 289 438
1049 237 1262 280 ORATOR

289 352 382 393 164.
417 352 555 401 Quare
585 347 767 390 bonitate
796 344 934 400 potius
964 346 1201 384 nostrorum
1230 345 1456 386 verborum
1488 345 1651 385 utamur
1671 354 1794 397 quam
1815 341 2035 397 splendore

289 416 562 462 Graecorum3
594 409 675 452 nisi
703 407 811 450 sorte
842 407 900 446 sic
928 404 1044 461 loqui
1074 406 1282 458 poenitet:

623 504 712 554 Qua
740 505 959 554 tempestate
985 500 1106 540 Paris
1134 500 1326 541 Helenam
1355 522 1408 531 —-

288 608 330 646 et
351 614 455 658 quae
476 601 717 654 sequuntur.
776 596 908 636 Immo
937 606 1040 636 vero
1069 592 1148 635 ista
1177 606 1399 648 sequamur
1427 594 1780 650 asperitatemque
1810 590 2037 648 fugiamus:

256 692 271 717 ⁵
618 690 751 732 Habeo
781 689 901 731 istam
929 702 996 743 eqo
1019 688 1355 743 perterricrepam
1383 710 1438 720 -

285 791 476 843 idemque
490 800 500 826 :

624 858 916 912 Versutiloquas
944 857 1133 899 malitias

395 957 482 997 Nec
511 952 646 995 solum
678 955 982 1008 componentur
1009 949 1139 993 verba
1177 950 1357 999 ratione,
1401 951 1474 992 sed
1518 948 1639 991 etiam
1676 949 1893 1000 finientur,
1941 965 2044 1008 quo·

285 1019 394 1060 niam
424 1018 466 1059 id
496 1015 696 1059 iudicium
728 1028 818 1056 esse
849 1014 1023 1056 alterum
1057 1015 1217 1055 aurium
1249 1013 1445 1055 diximus.
1508 1014 1588 1053 Sed
1619 1011 1817 1055 finiuntur
1837 1019 1908 1056 aut
1930 1029 2043 1056 com-

235 1081 490 1138 aopositione
530 1080 620 1134 ipsa
660 1082 700 1119 et
739 1078 855 1132 quasi
896 1090 969 1118 sua
1008 1083 1153 1132 sponte
1192 1082 1263 1118 aut
1305 1077 1488 1130 quodam
1520 1087 1672 1128 genere
1702 1075 1951 1126 verborum,
2000 1077 2044 1119 in

285 1142 434 1199 quibus
464 1143 563 1196 ipsis
595 1139 848 1182 concinnitas
881 1139 1007 1192 inest;
1053 1154 1160 1195 quae
1200 1138 1287 1180 sive
1318 1152 1436 1179 casus
1466 1137 1620 1179 habent
1649 1139 1692 1179 in
1724 1139 1838 1181 exitu
1869 1140 2040 1190 similes,

285 1207 371 1247 sive
400 1206 571 1259 paribus
601 1204 716 1259 paria
746 1204 995 1248 redduntur,
1038 1203 1127 1243 sive
1159 1206 1428 1256 opponuntur
1457 1201 1680 1249 contraria,
1724 1206 1868 1258 suapte
1897 1208 2045 1244 natura

285 1280 508 1310 numerosa
539 1271 658 1315 sunt,
704 1266 864 1309 etiamsi
907 1264 1009 1306 nihil
1051 1270 1114 1306 est
1153 1263 1306 1306 factum
1345 1262 1395 1304 de
1432 1262 1648 1307 industria.
1709 1265 1801 1306 165.
1848 1266 1894 1306 In
1924 1265 2045 1307 huius

288 1328 577 1373 concinnitatis
608 1329 914 1370 consectatione
946 1329 1142 1382 Gorgiam
1173 1326 1302 1369 fuisse
1332 1326 1564 1382 principem
1596 1327 1856 1381 accepimus;
1890 1341 1971 1382 quo
1995 1328 2045 1368 de

236 1411 272 1438 1⁵
289 1407 441 1449 genere
478 1392 544 1434 illa
580 1396 722 1433 nostra
758 1391 925 1432 suntin
956 1390 1207 1431 Miloniana:
1264 1391 1387 1431 «Est
1426 1389 1587 1436 enim,
1635 1388 1869 1438 iudices,
1916 1391 2046 1430 haee

288 1469 388 1498 non
432 1457 658 1509 scripta,
708 1456 796 1496 sed
834 1458 954 1495 nata
992 1453 1099 1502 lex,
1152 1466 1303 1509 quam
1346 1465 1446 1493 non
1478 1451 1788 1501 didicimus,
1839 1453 2045 1507 aceepi-

287 1532 417 1566 muS‚
465 1518 715 1573 legimus,
765 1530 947 1559 verum
989 1530 1046 1557 ex
1087 1520 1277 1557 natura
1320 1516 1435 1570 ipsa
1473 1513 1814 1569 arripuimus,
1863 1515 2048 1556 hausi-

288 1595 412 1629 muS,
444 1580 824 1636 expressimus,
856 1581 920 1621 ad
951 1594 1099 1635 quam
1129 1593 1230 1620 non
1262 1577 1428 1626 docti,
1461 1578 1550 1618 sed
1579 1575 1728 1624 facti,
1761 1590 1861 1617 non
1890 1577 2048 1617 insti-

290 1645 419 1693 tuti,
452 1645 541 1686 sed
571 1644 764 1684 imbuti
796 1656 1012 1684 sumus.»
1073 1644 1186 1683 Haec
1208 1641 1317 1682 enim
1338 1640 1432 1682 talia
1453 1644 1567 1688 sunt,
1599 1644 1663 1686 ut,
1697 1638 1793 1693 quia
1813 1638 2049 1680 referuntur

239 1724 275 1750 20
291 1708 342 1748 ad
373 1719 442 1755 ea,
485 1708 536 1747 ad
568 1720 673 1762 quae
705 1704 856 1747 debent
884 1703 1057 1754 referri,
1099 1704 1374 1759 intelligamus
1405 1716 1488 1744 non
1519 1703 1751 1758 quaesitum
1783 1715 1873 1743 esse
1903 1714 2050 1742 nume-

288 1784 383 1812 rum
413 1771 485 1812 sed
525 1775 727 1812 secutum.
805 1770 896 1812 166.
937 1769 1059 1818 Quod
1088 1766 1135 1808 fit
1163 1769 1262 1808 item
1293 1766 1336 1808 in
1366 1765 1596 1808 referendis
1630 1764 1867 1813 contrariis,
1907 1769 1953 1805 ut
1980 1763 2049 1805 illa

289 1838 406 1884 sunt,
441 1832 589 1890 quibus
619 1846 704 1874 non
733 1830 859 1874 modo
889 1844 1111 1873 numerosa
1141 1830 1275 1872 oratio
1306 1831 1379 1871 sed
1409 1828 1532 1870 etiam
1562 1841 1708 1870 versus
1739 1826 1939 1869 efficitur:

624 1928 755 1975 Eam,
785 1940 904 1981 quam
931 1927 1033 1967 nihil
1061 1938 1245 1972 accusas,
1276 1925 1456 1965 damnas.

292 2024 625 2075 (condemnas
657 2020 838 2071 diceret,
873 2022 944 2076 qui
973 2032 1140 2063 versum
1171 2017 1356 2072 effugere
1387 2016 1556 2068 velletz)

244 2123 279 2149 ²⁵
627 2138 683 2145 —-
712 2140 766 2147 —
795 2117 899 2156 Bene
928 2128 1046 2168 quam
1075 2115 1259 2155 meritam
1288 2126 1366 2154 esse
1395 2118 1599 2160 autumas,

626 2180 740 2220 Dicis
768 2180 868 2219 male
897 2179 1055 2218 mereri.

630 2243 697 2290 Id,
731 2242 832 2295 quod
861 2242 959 2289 scviS,
984 2240 1146 2293 prodest
1174 2239 1295 2279 nihil:
1325 2239 1382 2286 id,
1415 2238 1516 2292 quod
1543 2238 1689 2286 nescis,
1721 2237 1836 2278 obest.

293 2340 470 2381 Versum
500 2334 624 2377 efficit
652 2336 742 2388 ipsa
780 2333 924 2375 relatio
967 2334 1283 2375 contrariorum.
1345 2331 1392 2373 Id
1423 2337 1530 2374 esset
1560 2333 1603 2373 in
1634 2332 1824 2373 oratione
1853 2344 2051 2373 numero-

295 2413 406 2441 sum:
449 2400 596 2449 Quod
626 2398 746 2445 scis,
779 2396 918 2438 nihil
947 2395 1191 2451 prodest:
1226 2398 1362 2450 quod
1393 2396 1597 2443 nescis,
1630 2393 1849 2436 multum
1884 2392 2047 2435 obest.

245 2475 280 2500 ³0
295 2465 342 2504 L.
376 2464 549 2516 Semper
568 2462 686 2509 haec,
720 2473 824 2515 quae
846 2458 992 2500 Graeci
1013 2460 1213 2500 ἀντίθετα
1234 2459 1461 2505 nominant,
1485 2470 1576 2498 cum
1597 2455 1816 2498 contrariis
1837 2469 2053 2511 opponun-

293 2531 362 2567 tur
402 2524 627 2571 contraria,
670 2535 890 2563 numerum
932 2519 1160 2563 oratorium
1201 2520 1445 2562 necessitate
1487 2519 1577 2576 ipsa
1623 2518 1827 2569 efficiunt,
1877 2526 1919 2562 et
1956 2534 2051 2562 eum

295 2589 383 2629 sine
411 2584 628 2627 industria.
689 2587 782 2625 167.
815 2586 905 2625 Hoc
936 2597 1088 2637 genere
1119 2584 1274 2639 antiqui
1304 2583 1385 2624 iam
1416 2588 1509 2624 ante
1538 2585 1762 2624 Isocratem
1793 2584 2053 2625 delectaban-

295 2655 364 2692 tur
393 2654 433 2691 et
461 2647 642 2690 maxime
688 2648 886 2701 Gorgias,
937 2647 1052 2688 cuius
1090 2647 1134 2687 in
1175 2646 1365 2687 oratione
1395 2647 1641 2702 plerumque
1672 2643 1800 2687 efficit
1828 2659 2051 2687 numerum

389 2819 422 2851 6.
460 2821 604 2860 itemque
642 2816 792 2849 malebat
828 2817 911 2848 Ern-
953 2834 990 2839 —
1034 2816 1068 2848 8.
1109 2820 1361 2856 componantur
1386 2834 1398 2840 -
1424 2834 1436 2839 -
1462 2817 1630 2858 finiantur
1656 2815 1706 2853 Α,
1749 2817 1818 2849 Gu.
1848 2817 1882 2849 3.
1911 2816 1980 2848 Erl.
2007 2832 2050 2838 -

300 2867 334 2899 9.
361 2867 505 2899 aurium
530 2865 680 2896 atterum
706 2863 772 2896 Gu.
800 2863 834 2894 3.
862 2863 940 2895 Ald.
968 2872 1037 2895 see.
1066 2863 1187 2895 Lamb.
1218 2880 1254 2885 —
1286 2865 1342 2895 10.
1371 2867 1433 2895 aut
1458 2864 1560 2904 quasi
1585 2863 1745 2896 Schuczio
1771 2868 1914 2896 auctore
1934 2863 2048 2895 Peter.

303 2930 343 2936 -
370 2918 408 2945 ut
435 2913 608 2952 quaedam
634 2919 762 2952 yenera
787 2911 857 2942 Vit.
885 2911 980 2942 Eius.
1008 2910 1068 2942 Dr.
1097 2911 1136 2942 R.
1166 2911 1287 2946 Peter,
1315 2914 1376 2943 aut
1401 2910 1575 2951 quaedam
1601 2919 1728 2949 ,qenera
1757 2910 1824 2942 Gu.
1853 2915 1934 2942 tres.
1965 2909 2048 2949 (Csr.

304 2958 340 2999 ἕ.
368 2958 461 3000 219.)
487 2976 532 2980 -
557 2958 612 2990 12.
643 2962 866 2998 opponuntur
898 2957 1087 2989 contrariis
1121 2959 1305 2989 contraria
1330 2967 1397 2997 mg.
1425 2957 1564 2994 Repeti.
1594 2957 1714 2988 Lamb.
1744 2957 1813 2988 Cir.
1834 2955 1871 2997 δ.
1901 2956 1980 2988 166.
2010 2972 2050 2978 -

304 3005 360 3037 14.
388 3007 594 3046 confectione
623 3005 693 3037 Vit.
725 3004 790 3036 Gu.
817 3006 851 3036 1.
879 3003 935 3042 R,
964 3005 1173 3036 consectione
1198 3004 1292 3035 Eins.
1320 3005 1380 3035 Dr.
1407 3003 1504 3036 Mon.
1534 3003 1599 3035 Gu.
1620 3004 1653 3035 2.
1683 3004 1807 3036 Veram
1828 3002 1907 3036 le'et.
1929 3011 2052 3035 rursus

305 3057 482 3083 servarunt
501 3052 610 3084 Codd.
639 3051 864 3089 interpolati,
891 3056 929 3082 ut
956 3050 1023 3082 Erl.
1054 3050 1119 3082 Gu.
1141 3050 1201 3088 3.;
1230 3053 1279 3081 sie
1306 3060 1424 3082 rursus
1451 3059 1527 3081 mox
1553 3050 1676 3082 relatio
1704 3059 1764 3090 pro
1791 3051 1873 3082 salsa
1901 3052 2052 3081 sincero-

305 3106 380 3129 rum
404 3099 519 3136 rat't'03
547 3100 628 3130 item
654 3097 691 3139 §.
719 3098 799 3130 168.
828 3097 1011 3138 colltyetur
1035 3097 1206 3129 sententia
1233 3105 1293 3136 pro
1320 3097 1521 3138 colligentur
1546 3098 1746 3130 sententiae.
1776 3115 1813 3120 —
1857 3097 1914 3128 20.
1942 3097 1987 3127 ad
2012 3105 2052 3127 ea

307 3152 395 3183 quae
418 3144 487 3175 Vit.
517 3145 639 3176 Dresd.
667 3145 764 3176 Mon.
793 3145 864 3176 Erl.
895 3144 962 3176 Gu.
989 3145 1021 3175 1.
1050 3144 1084 3175 2.
1114 3143 1171 3183 (Ut
1190 3153 1276 3181 nos,
1305 3144 1398 3175 Eins.
1420 3142 1481 3182 R.)
1503 3160 1537 3165 —
1568 3144 1625 3175 21.
1652 3143 1839 3184 referendis
1863 3143 2053 3175 contrariis

306 3190 376 3222 Vit.
406 3190 500 3220 Eins.
527 3190 648 3222 Dresd.
686 3191 754 3223 Gu.
783 3194 815 3224 1.
843 3191 877 3222 2.
905 3192 962 3223 R:
987 3192 1175 3222 contrariis
1201 3189 1387 3230 referendis
1419 3190 1486 3222 Gu.
1515 3188 1549 3220 3.
1579 3190 1618 3221 E.
1655 3207 1701 3212 -—
1740 3191 1797 3222 24.
1832 3190 1977 3221 dixisset
2001 3204 2014 3210 ·
2038 3205 2052 3210 -

306 3236 470 3267 voluisset
494 3234 521 3266 Α
539 3259 548 3274 ,
576 3237 645 3268 Erl.
673 3237 739 3269 Gu.
768 3239 802 3271 3.
822 3238 942 3270 Lamb.
971 3253 1012 3260 —·
1039 3238 1096 3269 25.
1122 3238 1214 3269 Bene
1239 3254 1251 3260 -
1269 3255 1282 3260 -
1306 3239 1429 3268 mereri
1454 3245 1523 3268 uno
1551 3237 1720 3270 versiculo
1741 3238 1780 3268 E.
1810 3253 1848 3259 -
1874 3235 1931 3266 28.
1957 3232 2050 3275 ipsa]

307 3283 371 3362 {lq
396 3282 437 3361 ἶ
476 3297 524 3359 -Ξ
555 3284 647 3315 ratio
671 3284 741 3317 Vit.
781 3286 877 3318 Eius.
905 3284 1027 3319 Dresd.
1056 3284 1122 3316 Gu.
1150 3284 1182 3315 1.
1209 3283 1242 3315 2.
1272 3283 1323 3324 R,
1350 3283 1466 3317 Peter.
1504 3300 1545 3307 —
1587 3283 1643 3315 31.
1684 3287 1715 3314 et
1740 3282 1827 3322 eum]
1869 3282 1972 3314 etiam
1995 3281 2049 3320 A,

343 3338 381 3361 r·
440 3337 476 3360 u.
530 3349 538 3359 .
