2117 3762
870 162 916 206 C.
952 165 990 206 1.
1022 165 1064 206 2.
1097 166 1137 205 3.
1802 164 1883 206 503

130 273 202 318 sed
233 273 379 329 gradu.
442 272 651 329 Optimum
682 270 849 327 quidem
880 284 1008 314 unum
1041 276 1123 319 est,
1154 275 1195 312 et
1222 271 1482 326 proximum,
1515 269 1627 323 quod
1657 269 1695 310 ei
1726 269 1883 311 similli-

129 350 258 380 mum.
318 338 381 377 Ex
412 349 495 390 quo
526 336 790 392 perspicuum
821 340 904 382 est,
938 336 1050 389 quod
1080 334 1238 390 optimo
1268 331 1585 374 dissimillimum
1617 332 1686 379 sit,
1721 330 1762 373 id
1792 345 1881 374 esse

129 398 413 440 deterrimum.
477 400 527 439 ll.
571 400 670 438 Nam
709 396 904 452 quoniam
936 397 1169 452 eloquentia
1199 401 1359 437 constat
1390 409 1439 436 cx
1470 393 1609 436 verbis
1640 399 1681 435 et
1709 408 1761 435 ex
1792 407 1885 435 sen-

127 461 288 510 tentiis,
339 459 633 516 perficiendum
673 465 756 507 cst,
805 466 850 500 ut
888 473 990 515 pure
1034 467 1073 502 et
1114 457 1327 501 emendate
1371 457 1612 512 loquenteS,
1665 458 1777 511 quod
1825 461 1886 498 est

128 522 296 571 Latine,
345 525 568 565 verborum
614 529 830 578 praetcrea
872 529 913 564 et
957 523 1221 579 propriorum
1267 527 1308 563 et
1349 521 1590 562 tralatorum
1638 518 1916 574 elegantiams

127 599 449 642 persequamur:
494 587 534 626 in
565 585 763 641 propriis,
799 591 844 626 ut
877 587 1101 627 lautissima
1133 584 1352 637 eligamus;
1403 584 1443 623 in
1476 581 1653 630 tralatis,
1698 588 1744 622 ut
1775 579 1888 622 simi-

126 648 341 692 litudinem
363 647 492 689 secuti
512 650 745 689 verecunde
768 655 931 689 utamur
951 648 1110 689 alienis.
1173 650 1212 688 5.
1235 646 1538 687 Sententiarum
1553 649 1692 686 autem
1713 642 1886 686 totidem

126 726 281 768 genera
310 717 425 759 sunt,
458 717 558 766 quot
588 710 672 752 dixi
704 725 792 752 esse
823 710 1005 752 laudum.
1069 712 1171 751 Sunt
1203 709 1311 749 enim
1343 706 1518 749 docendi
1559 712 1724 755 acutae,
1775 704 1887 747 dele-

128 775 263 818 ctandi
311 773 430 831 quasi
470 780 663 827 argutae,
711 775 998 815 commovendi
1031 785 1190 825 graves.
1250 771 1331 811 Sed
1359 776 1400 810 ct
1428 772 1657 811 verborum
1688 774 1751 811 est
1780 774 1887 810 stru-

127 845 242 880 ctura
271 838 498 893 quaedam,
531 838 630 877 duas
662 849 727 877 res
758 834 969 884 efficiens,
1002 848 1222 876 numerum
1253 838 1293 874 et
1324 833 1556 882 levitatcm3
1591 838 1633 873 et
1658 832 1887 873 sententiae
1900 842 1937 869 ιο

125 914 242 944 suam
272 900 618 953 compositionem
649 899 825 945 habent,
876 897 928 939 ad
967 896 1224 953 probandam
1265 909 1355 937 rem
1386 894 1741 936 accommodatum
1773 894 1888 936 ordi-

124 976 234 1004 nem.
294 962 375 1003 Sed
407 975 550 1003 earum
590 962 775 1002 omnium
814 973 977 1009 rerum,
1021 965 1066 1000 ut
1095 957 1404 1007 aedificiorum,
1448 958 1646 999 memoria
1676 962 1738 999 est
1768 957 1886 1013 quasi

123 1023 461 1073 fundamentum,
485 1023 623 1065 lumen
639 1023 760 1064 actio.
823 1024 862 1064 6.
885 1024 945 1064 Ea
965 1023 1092 1077 igitur
1113 1020 1250 1063 omnia
1270 1020 1313 1062 in
1335 1033 1418 1076 quo
1440 1026 1562 1061 erunt
1583 1033 1773 1070 summa,
1805 1017 1888 1061 erit

122 1086 447 1145 perfectissimus
477 1091 640 1135 orator;
685 1084 728 1127 in
757 1099 839 1141 quo
872 1084 1025 1132 media,
1058 1082 1301 1134 mediocris;
1339 1084 1381 1124 in
1412 1096 1498 1138 quo
1528 1082 1716 1131 minima,
1750 1081 1891 1125 deter-

123 1149 280 1200 rimus;
326 1155 368 1191 et
397 1148 717 1205 appellabuntur
746 1161 892 1190 omnes
922 1152 1137 1196 oratores,
1180 1152 1228 1188 ut
1258 1145 1440 1202 pictores
1471 1145 1734 1201 appellantur
1762 1146 1887 1187 etiam
1900 1153 1936 1182 1⁵

123 1214 247 1262 mali,
280 1226 358 1254 nec
388 1213 611 1267 generibus
642 1212 748 1252 inter
779 1224 895 1260 sese,
929 1209 1001 1252 scd
1031 1209 1294 1252 facultatibus
1324 1208 1531 1251 different.
1591 1210 1734 1265 Itaque
1763 1220 1888 1249 nemo

127 1281 190 1318 est
220 1281 388 1324 orator,
422 1275 492 1330 qui
523 1288 567 1316 se
598 1274 869 1315 Demostheni
898 1273 1075 1315 similem
1103 1271 1208 1314 nolit
1238 1285 1351 1323 esse;
1394 1277 1435 1313 at
1464 1273 1689 1314 Menander
1716 1270 1889 1313 Homeri

124 1337 280 1387 noluit;
328 1350 458 1391 genus
498 1338 606 1378 enim
648 1341 737 1378 erat
773 1335 898 1378 aliud.
961 1337 1007 1377 Id
1038 1349 1121 1376 non
1152 1334 1286 1377 estin
1316 1333 1571 1385 oratoribus;
1621 1339 1690 1376 aut
1727 1331 1890 1375 etiamsi

125 1406 206 1448 est.
237 1405 284 1441 ut
312 1399 415 1441 alius
446 1402 688 1454 gravitatem
720 1412 896 1455 sequens
927 1397 1196 1440 subtilitatem
1227 1396 1378 1452 fugiat,
1419 1403 1563 1439 contra
1593 1396 1698 1439 alius
1729 1395 1889 1437 acutio-

123 1479 213 1506 rem
244 1476 288 1505 se
321 1475 444 1518 quam
475 1463 727 1504 ornatiorem
758 1460 876 1510 velit,
927 1459 1090 1503 etiamsi
1127 1466 1190 1502 est
1219 1460 1260 1502 in
1299 1474 1450 1516 genere
1490 1460 1723 1509 tolerabili,
1774 1461 1885 1499 certe
1903 1471 1940 1498 πο

127 1540 212 1569 non
244 1531 308 1568 est
337 1526 379 1567 in
410 1527 592 1578 optimo;
625 1526 856 1580 siquidem,
891 1527 1003 1581 quod
1025 1537 1169 1565 omnes
1189 1523 1331 1565 laudes
1353 1523 1496 1571 habet,
1526 1522 1569 1565 id
1590 1529 1652 1564 est
1672 1521 1889 1576 optimum.

236 1591 311 1631 ΙΙΙ.
346 1591 387 1630 7.
422 1590 533 1629 Haec
564 1594 700 1630 autem
732 1587 818 1629 dixi
851 1586 1017 1629 brevius
1050 1586 1236 1642 quidem,
1268 1600 1392 1642 quam
1423 1601 1490 1628 res
1521 1584 1710 1641 petebat;
1742 1583 1811 1625 sed
1838 1584 1891 1624 ad

124 1651 190 1701 id,
223 1652 335 1708 quod
366 1650 550 1705 agimus,
583 1664 667 1692 non
697 1648 776 1692 suit
806 1650 1025 1692 dicendum
1057 1649 1266 1704 pluribus;
1313 1664 1440 1692 unum
1473 1649 1583 1691 enim
1615 1663 1707 1690 cum
1738 1648 1791 1689 sit
1820 1659 1892 1700 ge-

127 1729 231 1761 nus,
282 1713 326 1755 id
356 1713 476 1769 quale
507 1713 581 1762 sit,
629 1714 881 1769 quaerimus.
940 1715 1012 1754 Est
1041 1718 1175 1754 autem
1208 1713 1313 1762 tale,
1362 1712 1482 1768 quale
1523 1713 1666 1754 floruit
1693 1713 1887 1762 Athenis3

127 1791 180 1818 ex
211 1789 293 1833 quo
325 1776 556 1817 Atticorum
589 1782 801 1817 oratorum
832 1778 920 1829 ipsa
950 1777 1012 1817 vis
1043 1776 1185 1831 ignota
1215 1781 1303 1825 est,
1335 1782 1436 1817 nota
1457 1774 1605 1830 gloria.
1666 1777 1767 1816 Nam
1789 1775 1891 1816 alte-
1904 1782 1941 1809 2⁵

124 1854 216 1881 rum
246 1838 363 1880 multi
395 1838 608 1887 viderunt,
651 1840 788 1880 vitiosi
818 1839 921 1881 nibil
951 1841 1059 1894 apud
1091 1852 1162 1880 eos
1195 1852 1308 1888 esse;
1354 1838 1530 1880 alterum
1562 1839 1706 1892 pauci,
1749 1836 1889 1879 lauda-

123 1901 222 1944 bilia
253 1915 342 1943 esse
373 1901 515 1943 multa.
576 1903 649 1943 Est
679 1901 788 1943 enim
818 1902 1015 1944 vitiosum
1045 1902 1088 1943 in
1119 1902 1346 1949 sententia,
1378 1902 1411 1942 si
1443 1900 1543 1956 quid
1572 1899 1798 1942 absurdum
1820 1904 1891 1941 aut

125 1963 305 2006 alienum
337 1970 405 2006 aut
433 1977 517 2005 non
548 1969 714 2006 acutum
746 1970 816 2006 aut
845 1964 1124 2006 subinsulsum
1155 1968 1235 2013 cst3
1280 1964 1325 2004 in
1354 1964 1516 2013 verbis,
1547 1964 1582 2005 si
1611 1962 1888 2018 inquinatum,

125 2029 159 2069 si
188 2026 414 2076 abiectum,
447 2028 480 2068 si
510 2040 595 2069 non
626 2033 789 2083 aptum,
821 2028 854 2069 si
887 2026 1061 2075 durum,
1093 2027 1128 2067 si
1159 2025 1281 2080 longe
1311 2027 1503 2081 petitum.
1562 2029 1604 2068 8.
1644 2027 1758 2068 Haec
1787 2025 1891 2066 vita-

125 2094 273 2131 verunt
301 2089 391 2130 fere
424 2102 593 2138 omnes,
644 2091 715 2146 qui
746 2095 816 2132 aut
844 2091 970 2131 Attici
1003 2094 1276 2131 numerantur
1306 2095 1376 2131 aut
1406 2088 1549 2132 dicunt
1576 2088 1725 2131 Attice.
1788 2089 1943 2135 Sed‚³⁰

126 2155 196 2207 qui
238 2157 409 2193 eatenus
449 2152 685 2201 valuerunt,
739 2155 827 2194 sani
867 2158 908 2194 et
946 2152 1042 2195 sicci
1074 2154 1287 2194 dumtaxat
1317 2154 1571 2203 habeantur,
1621 2154 1695 2194 sed
1724 2153 1803 2199 ita,
1849 2156 1893 2192 ut

125 2213 414 2270 palaestritae3
448 2214 616 2270 spatiari
646 2217 688 2256 in
719 2221 843 2271 xysto
870 2220 916 2257 ut
934 2215 1079 2265 liceat,
1111 2229 1195 2257 non
1217 2217 1267 2256 ab
1291 2215 1491 2271 Olympiis
1512 2230 1711 2257 coronam
1732 2218 1889 2269 petant.

127 2277 232 2327 Qui,
266 2291 361 2319 cum
392 2283 563 2319 careant
592 2279 705 2320 omni
736 2277 860 2327 vitio,
893 2291 978 2319 non
1009 2288 1104 2324 sunt
1136 2281 1319 2320 contenti
1349 2273 1606 2333 quasi'hona
1636 2276 1891 2327 valetudine,

125 2343 198 2382 sed
237 2340 371 2387 vires,
418 2341 627 2390 lacertos,
676 2341 915 2395 sanguinem
958 2346 1184 2396 quaerunt,
1230 2340 1437 2398 quandam
1483 2344 1605 2383 etiam
1650 2341 1892 2382 suavitatem

219 2454 252 2486 3.
281 2459 313 2488 et
337 2465 380 2488 ea:
403 2464 440 2493 a,
470 2454 646 2488 Charisius
671 2454 749 2486 Lib.
770 2455 805 2486 2.
834 2464 869 2495 ρ.
897 2455 977 2487 117.
1006 2455 1132 2487 Lind.:
1163 2459 1193 2487 et
1226 2456 1309 2497 (om.
1337 2458 1392 2492 em)
1420 2456 1446 2488 E
1473 2465 1550 2489 cum
1579 2460 1659 2488 cett.
1689 2472 1727 2479 —
1754 2456 1789 2487 5.
1817 2458 1891 2486 tra-

127 2503 282 2534 latorum
307 2511 347 2537 a,
376 2501 574 2534 Charisius:
605 2502 861 2534 translatorum
888 2503 914 2534 Ε
942 2511 1018 2534 cum
1049 2507 1131 2535 cett.
1172 2519 1212 2525 —
1257 2502 1289 2535 6.
1318 2503 1519 2535 lautissima
1544 2512 1562 2535 a
1590 2512 1627 2535 v:
1659 2503 1839 2542 aptissima
1865 2502 1892 2534 Ε

127 2558 205 2581 cum
234 2554 314 2582 cett.
345 2566 380 2572 —
413 2549 555 2581 tralatis
578 2557 619 2581 a:
649 2549 833 2580 translatis
851 2550 890 2581 E.
916 2564 950 2570 —
980 2550 1014 2580 8.
1043 2550 1119 2580 dixi
1145 2558 1162 2582 a
1184 2559 1216 2587 v,
1236 2549 1287 2583 N:
1318 2550 1470 2582 diximus
1496 2551 1522 2582 E
1550 2559 1628 2582 cum
1655 2554 1734 2581 cett.
1765 2566 1800 2572 —
1831 2550 1890 2580 10.

127 2597 299 2629 levitatem
325 2605 343 2628 a
369 2595 417 2635 U,
446 2596 485 2627 L.
515 2596 617 2628 Sch.:
649 2596 823 2628 lenitatem
848 2606 866 2627 v
886 2596 926 2627 E.
979 2595 1049 2629 Csr.
1079 2596 1264 2628 Santenius
1290 2597 1331 2629 ad
1360 2597 1563 2630 Terentian.
1593 2606 1626 2637 ρ.
1648 2595 1728 2627 242.
1758 2611 1798 2618 --
1832 2596 1889 2627 11.

128 2643 176 2674 ad
201 2651 242 2681 a,
268 2644 397 2675 Aldus:
425 2647 455 2675 et
481 2643 529 2674 ad
555 2651 632 2675 curn
659 2643 779 2675 Lamb.
809 2643 847 2674 E.
877 2660 913 2665 —
943 2642 1002 2675 13.
1028 2645 1066 2675 in
1091 2652 1157 2683 quo
1184 2647 1285 2676 erunt
1310 2644 1362 2682 U,
1388 2643 1436 2676 L:
1465 2645 1502 2675 in
1525 2651 1672 2685 quorum
1695 2651 1735 2680 v,
1762 2642 1799 2672 in
1823 2651 1893 2684 quo

127 2690 210 2730 (om.
230 2694 344 2725 erunt)
371 2699 389 2722 a
418 2690 456 2721 E.
500 2707 536 2713 ——-
582 2689 638 2721 14.
663 2689 935 2730 perfectissimus
969 2695 1090 2722 orator
1123 2690 1296 2724 Orelliust
1336 2692 1569 2731 peritissimus
1601 2693 1724 2722 orator
1749 2696 1766 2719 a
1795 2697 1813 2720 v
1837 2689 1890 2729 N,

128 2740 252 2768 orator
273 2735 544 2776 perfectissimus
569 2736 688 2768 Lamb.
717 2741 750 2768 et
777 2737 916 2768 Ruhnk.
945 2737 987 2768 ad
1014 2737 1121 2768 Rutil.
1150 2738 1239 2777 Lup.
1270 2747 1303 2777 p.
1322 2737 1411 2774 200,
1449 2741 1570 2769 orator
1592 2736 1823 2776 peritissimus
1849 2735 1890 2768 E.

128 2784 185 2815 17.
213 2791 249 2814 se
275 2792 342 2814 om.
370 2792 388 2815 a
415 2792 446 2815 v.
484 2782 649 2822 (luseruit
680 2783 818 2818 Aldus.)
862 2799 901 2805 —
944 2784 1167 2816 Demostheni
1191 2793 1209 2815 a
1236 2794 1276 2816 v:
1317 2784 1555 2816 Demosthenis
1579 2784 1605 2815 E
1634 2790 1711 2814 cum
1738 2785 1820 2814 cett.
1847 2799 1893 2805 —

128 2830 220 2861 nolit
246 2838 314 2861 esse
339 2839 357 2862 a
383 2839 422 2861 v:
463 2838 532 2862 esse
556 2830 642 2862 nolit
670 2838 746 2862 cum
773 2830 861 2862 Aldo
890 2830 930 2861 E.
967 2845 1008 2852 —-
1049 2831 1105 2862 18.
1133 2835 1197 2862 aut
1231 2832 1369 2863 etiamsi
1394 2840 1413 2862 a
1438 2840 1478 2868 v,
1509 2830 1556 2867 U,
1593 2829 1682 2861 Edd.
1710 2837 1820 2869 usque
1846 2829 1891 2862 ad

129 2876 341 2914 Gruterum,
371 2885 522 2916 quocum
549 2880 612 2908 aut
644 2878 673 2908 si
699 2875 838 2916 (omisso
872 2875 989 2916 etiam)
1028 2877 1066 2908 E.
1109 2893 1146 2899 —
1190 2878 1246 2909 22.
1274 2877 1370 2909 Ilaec
1402 2880 1518 2909 autem
1543 2877 1618 2908 dia-i
1643 2876 1778 2907 brevius
1803 2884 1821 2908 a
1848 2885 1890 2910 v:

128 2923 222 2955 Ilaec
249 2922 325 2954 αἱαὶ
350 2923 487 2955 brevius
512 2932 589 2956 cum
615 2923 704 2955 Aldo
730 2925 768 2956 E.
799 2941 838 2946 —
866 2924 1000 2964 quidem
1018 2933 1034 2955 a
1054 2924 1104 2956 N:
1134 2924 1289 2964 equidem
1315 2932 1392 2955 cum
1419 2924 1507 2955 Aldo
1533 2923 1573 2954 E.
1601 2922 1667 2962 (De
1685 2921 1800 2954 vineo.
1821 2930 1891 2956 uon

129 2967 268 3010 liquet.)
297 2985 338 2992 —
378 2969 435 3000 26.
463 2970 558 3010 apud
583 2979 638 3001 eos
664 2979 731 3002 esse
756 2980 773 3002 a
798 2970 849 3003 N:
895 2971 991 3009 apud
1016 2971 1155 3011 aliquos
1180 2980 1246 3003 esse
1271 2980 1314 3007 v,
1342 2970 1436 3011 apud
1460 2979 1514 3002 eos
1540 2969 1623 3009 (om.
1649 2967 1730 3010 esso)
1755 2969 1782 3000 E
1809 2976 1890 3002 cum

129 3021 211 3049 cett.
242 3032 282 3039 —
326 3015 382 3048 30.
409 3016 474 3048 Sed
498 3018 555 3057 qui
580 3021 724 3049 eatenus
752 3017 978 3050 Gulielmius:
1014 3017 1083 3049 Sed
1108 3021 1280 3058 quatenus
1306 3024 1324 3047 a
1350 3026 1367 3049 v
1394 3017 1434 3047 E.
1471 3033 1509 3040 —
1551 3016 1607 3048 31.
1645 3017 1726 3047 sans·
1751 3020 1783 3048 et
1809 3016 1890 3048 sicci

130 3064 319 3095 dumtaxat
344 3072 362 3095 a
388 3072 429 3101 v,
458 3063 546 3095 Edd.
575 3067 655 3096 ante
683 3064 733 3102 E,
768 3066 827 3105 qui
856 3073 894 3096 ex
923 3063 1075 3101 Veneta.
1104 3068 1142 3096 ut
1167 3066 1235 3095 ait:
1272 3063 1351 3095 sani
1377 3063 1562 3094 dumtaxat
1586 3067 1617 3094 et
1642 3063 1736 3094 sicci.
1772 3079 1807 3085 -
1852 3065 1892 3094 ut

126 3110 375 3151 palaestritae,·
411 3110 566 3150 spatiari
589 3110 627 3141 in
651 3115 753 3151 xysto
778 3115 817 3142 ut
844 3110 943 3141 liceat
968 3119 1010 3143 a:
1053 3115 1093 3142 ut
1117 3111 1328 3150 palaestrica
1352 3110 1504 3150 spatiari
1528 3111 1566 3140 in
1589 3112 1691 3151 xysto
1717 3109 1760 3140 iis
1787 3109 1891 3141 liceat

129 3158 169 3190 E.
197 3156 440 3197 (palaestrica,
468 3156 609 3188 verbum
637 3159 777 3189 minime
805 3158 986 3193 Latinum,
1016 3160 1068 3188 est
1094 3159 1126 3188 in
1153 3166 1192 3194 v,
1225 3157 1267 3188 tis
1294 3164 1356 3197 pro
1382 3161 1421 3188 ut
1449 3165 1488 3188 ex
1513 3156 1654 3196 Repett.
1681 3155 1802 3188 Lamb.
1831 3164 1889 3195 pe-

130 3201 262 3243 titum.)
291 3218 329 3224 ——
371 3201 428 3234 33.
458 3201 525 3242 Qua·
549 3211 626 3236 cum
650 3210 690 3243 a,
723 3202 833 3238 Aldus
851 3228 861 3244 ,
900 3203 990 3239 Edd.
1017 3206 1100 3238 ante
1125 3203 1174 3236 E:
1215 3203 1282 3245 Qui
1307 3201 1482 3244 quomodo
1507 3207 1538 3236 et
1563 3203 1719 3245 quamvis
1743 3211 1786 3238 v.
1821 3201 1889 3244 Qun·

130 3250 293 3293 quamvis
318 3249 400 3283 Ern.
428 3251 518 3282 coni.
