2117 3762
783 279 883 321 LIB.
915 277 968 319 ΙΙ.
1030 276 1075 320 C.
1111 278 1176 320 16.
1212 280 1277 321 17.
1823 281 1903 322 235

162 383 396 442 splendide,
427 386 514 427 sine
543 384 625 427 ulla
653 385 759 426 serie
791 385 1110 440 disputationum
1141 391 1179 428 et
1210 384 1298 427 sine
1328 384 1466 428 ieiuna
1487 385 1794 427 concertatione
1815 400 1906 428 ver-

160 447 325 491 borum.
387 450 452 490 69.
494 450 584 490 Hoc
620 447 712 490 loco
749 460 800 488 ne
831 461 910 503 qua
940 450 991 490 sit
1020 447 1252 497 admiratio,
1297 447 1330 489 si
1363 453 1423 491 tot
1449 453 1738 501 tantarumque
1768 461 1907 490 rerum

160 509 271 552 nulla
300 523 322 551 a
352 524 417 552 me
447 515 668 565 praecepta
699 516 923 564 ponentur,
969 510 1027 551 sic
1058 517 1215 552 statuo:
1264 513 1312 553 Ut
1342 511 1382 552 in
1412 510 1560 552 ceteris
1590 509 1767 557 artibus,
1813 523 1908 552 cum

162 572 310 614 tradita
348 573 428 614 sint
465 573 663 628 cuiusque
703 571 803 613 artis
841 572 1101 622 difficillima,
1149 573 1335 629 reliqua,
1386 574 1482 630 quia
1522 577 1591 615 aut
1620 571 1805 616 faciliora
1835 584 1908 619 aut

161 635 309 678 similia
337 635 437 682 sint,
469 634 574 676 tradi
603 647 684 676 non
715 648 882 677 necesse
912 650 1020 686 esse;
1060 643 1105 678 ut
1134 635 1175 677 in
1205 637 1388 691 pictura,
1421 638 1490 692 qui
1521 638 1698 681 hominis
1727 636 1936 692 speciems

160 698 333 754 pingere
364 696 652 753 perdidicerit,
686 710 809 751 posse
841 712 935 740 eum
965 698 1145 740 cuiusvis
1175 698 1239 739 vel
1270 699 1429 740 formae
1460 702 1523 741 vel
1550 703 1714 749 aetatis,
1745 700 1907 742 etiamsi

161 774 244 804 non
273 759 486 808 didicerit,
533 759 703 814 pingere
744 775 877 817 neque
918 775 1006 803 esse
1047 760 1300 817 periculum,
1352 763 1421 816 qui
1450 761 1613 806 leonem
1644 770 1715 807 aut
1743 770 1908 807 taurum

160 826 301 881 pingat
330 822 515 877 egregie,
547 836 597 863 ne
627 821 736 864 idem
767 825 807 863 in
838 823 975 865 multis
1005 823 1095 865 aliis
1126 822 1462 878 quadrupedibus
1491 826 1628 868 facere
1649 840 1732 869 non
1753 826 1904 881 possit:

164 887 310 942 (neque
341 890 401 926 est
431 885 599 926 omnino
630 899 695 927 ars
725 885 829 934 ulla,
862 888 903 927 in
934 899 1013 940 qua
1043 887 1207 934 omnia,
1240 899 1345 941 quae
1377 885 1444 927 illa
1473 894 1560 929 arte
1591 888 1698 930 eslici
1720 893 1906 944 possunt,

160 962 184 990 a
214 950 384 989 doctore
414 949 648 997 tradantur;
693 948 765 989 sed
797 948 866 1004 qui
898 951 1127 1002 primarum
1159 955 1199 989 et
1229 955 1436 990 certarum
1467 963 1605 992 rerum
1638 964 1790 1005 genera
1819 950 1959 1005 ipsa1⁰

161 1011 414 1059 didicerunt,
446 1009 606 1064 reliqua
627 1024 708 1052 non
738 1010 996 1052 incommode
1017 1010 1362 1066 persequuntur):
1408 1013 1475 1052 70.
1511 1013 1696 1054 similiter
1726 1014 1910 1054 arbitror

160 1076 201 1115 in
241 1074 317 1114 hae
352 1071 439 1114 sive
479 1072 637 1114 ratione
678 1074 763 1114 sive
805 1074 1098 1115 exercitatione
1138 1072 1328 1121 dicendi,
1376 1074 1445 1127 qui
1477 1073 1587 1116 illam
1618 1075 1701 1117 vim
1733 1077 1908 1129 adeptus

159 1135 231 1184 sit,
262 1139 307 1176 ut
337 1147 480 1176 eorum
511 1141 689 1182 mentes,
721 1137 790 1191 qui
821 1142 890 1177 aut
921 1138 972 1176 de
1002 1150 1048 1176 re
1078 1134 1242 1190 publiea
1272 1141 1344 1176 aut
1373 1134 1422 1176 de
1453 1135 1581 1192 ipsius
1611 1137 1736 1180 rebus
1767 1143 1838 1180 aut
1857 1140 1908 1179 de

159 1200 232 1246 iis,
278 1202 423 1239 contra
460 1211 563 1252 quos
605 1203 675 1238 aut
713 1212 787 1253 pro
820 1198 969 1253 quibus
1000 1197 1107 1239 dicat
1127 1230 1137 1246 ,
1186 1211 1278 1239 cum
1310 1197 1443 1254 aliqua
1473 1202 1677 1241 statuendi
1707 1205 1909 1255 potestate

159 1259 350 1309 audiant,
403 1259 453 1301 ad
492 1273 611 1301 suum
650 1259 865 1302 arbitrium
895 1274 1063 1302 movere
1105 1259 1258 1316 possit,
1301 1261 1410 1301 hune
1449 1263 1499 1302 de
1538 1267 1623 1303 toto
1654 1263 1723 1305 illo
1755 1273 1956 1318 genere1⁵

159 1322 412 1379 reliquarum
459 1322 692 1364 orationum
739 1336 821 1364 non
863 1323 953 1379 plus
999 1322 1279 1378 quaesiturum
1310 1337 1426 1371 esse,
1473 1324 1573 1378 quid
1603 1324 1737 1373 dicat,
1785 1340 1907 1381 quam

158 1384 403 1440 Polyclitum
442 1384 581 1433 illum,
627 1399 718 1426 cum
759 1385 982 1427 Herculem
1020 1384 1220 1439 fingebat,
1266 1387 1613 1440 quemadmodum
1650 1390 1801 1443 pellem
1841 1393 1909 1430 aut

158 1449 332 1504 hydram
363 1446 557 1502 fingeret,
590 1447 749 1489 etiamsi
779 1448 880 1489 haec
909 1462 1119 1505 nunquam
1150 1448 1369 1503 separatim
1399 1448 1537 1490 faeere
1568 1448 1791 1492 didicisset.

270 1512 399 1552 XVII.
441 1511 506 1551 7¹.
548 1512 653 1551 Tum
684 1510 872 1552 Catulus:
906 1511 1120 1552 Praeclare
1150 1510 1251 1552 mihi
1280 1510 1452 1559 videris,
1489 1512 1664 1561 Antoni,
1697 1515 1903 1566 posuisse,

158 1574 312 1629 inquit,
344 1578 436 1614 ante
466 1572 627 1621 oculos,
659 1572 757 1627 quid
775 1574 935 1614 discere
957 1578 1168 1629 oporteret
1198 1588 1311 1621 eum,
1343 1575 1413 1629 qui
1435 1579 1576 1616 orator
1598 1581 1706 1617 esset
1725 1577 1904 1627 futurus,
1921 1589 1957 1615 20

160 1636 283 1692 quid,
330 1635 600 1677 etiamsinon
633 1635 865 1685 didicisset,
911 1649 964 1677 ex
994 1650 1066 1684 eo,
1110 1638 1221 1692 quod
1252 1635 1484 1686 didicisset,
1529 1644 1768 1682 assumeret.
1828 1643 1908 1682 De·-

160 1698 313 1742 duxisti
356 1699 466 1739 enim
506 1703 637 1739 totum
678 1699 888 1739 hominem
923 1700 965 1739 in
1003 1698 1084 1740 duo
1125 1712 1280 1752 genera
1315 1700 1451 1741 solum
1480 1713 1722 1750 causarum,
1773 1708 1909 1744 cetera

158 1760 475 1804 innumerabilia
515 1759 798 1802 exercitationi
840 1766 880 1802 et
916 1761 1172 1802 similitudini
1211 1761 1430 1817 reliquisti.
1493 1763 1573 1804 Sed
1612 1765 1730 1814 vide,
1781 1779 1833 1807 ne
1863 1766 1905 1806 in

159 1825 247 1867 istis
277 1822 438 1865 duobus
468 1824 691 1876 generibus
732 1822 861 1878 hydra
900 1825 975 1864 tibi
1014 1823 1064 1865 sit
1095 1829 1135 1864 et
1164 1823 1282 1877 pellis
1301 1855 1312 1872 ,
1364 1825 1562 1866 Hercules
1593 1832 1729 1868 autem
1759 1833 1799 1869 et
1826 1827 1906 1869 alia

158 1899 286 1943 opera
314 1886 474 1926 maiora
503 1898 556 1926 ne
585 1886 626 1926 in
657 1884 735 1926 illis
766 1884 914 1933 rebus,
960 1900 1061 1940 quas
1090 1886 1408 1941 praetermittis,
1456 1887 1754 1943 relinquantur.
1816 1892 1907 1931 Non
1921 1900 1955 1926 2⁵

159 1949 269 1991 enim
300 1946 400 1989 mihi
433 1946 568 1988 minus
598 1947 738 2002 operis
767 1948 931 1989 videtur
967 1950 1017 1989 de
1047 1948 1251 1990 universis
1282 1948 1502 2004 generibus
1532 1964 1672 1992 rerum
1703 1965 1823 2007 quam
1855 1954 1906 1994 de

96 2008 102 2014 ’
159 2011 414 2067 singulorum
457 2010 614 2059 causis,
662 2024 710 2051 ac
747 2010 876 2052 multo
918 2012 1041 2052 etiam
1078 2013 1210 2053 maius
1241 2013 1292 2053 de
1322 2017 1470 2053 natura
1499 2014 1674 2055 deorum
1704 2028 1825 2070 quam
1856 2017 1908 2057 de

159 2074 375 2118 hominum
404 2071 543 2114 litibus
576 2071 728 2114 dicere.
788 2075 878 2114 Non
908 2078 970 2114 est
998 2072 1075 2122 ita,
1107 2072 1242 2129 inquit
1261 2074 1478 2116 Antonius.
1539 2077 1605 2117 72.
1635 2077 1775 2117 Dicam
1797 2076 1905 2119 enim

159 2137 252 2184 tibi,
300 2134 466 2184 Catule,
512 2148 596 2177 non
639 2141 721 2177 tam
761 2134 906 2177 doctus
950 2149 1101 2191 quam,
1150 2136 1192 2177 id
1232 2138 1343 2192 quod
1389 2141 1450 2178 est
1494 2137 1648 2187 maius,
1701 2145 1906 2194 expertus.

161 2198 354 2242 Omnium
395 2203 623 2239 ceterarum
667 2211 807 2238 rerum
847 2197 1009 2245 oratio,
1054 2197 1155 2240 mihi
1194 2201 1345 2247 crede,
1390 2199 1510 2240 ludus
1549 2205 1610 2241 est
1639 2199 1795 2242 homini
1826 2213 1957 2243 nonso

158 2260 301 2305 hebeti
330 2274 466 2316 neque
496 2260 765 2302 inexercitato
797 2274 932 2316 neque
962 2263 1242 2303 communium
1272 2261 1500 2303 litterarum
1531 2267 1572 2303 et
1599 2263 1804 2318 politioris
1833 2263 1908 2305 liu-

160 2323 368 2368 manitatis
412 2323 600 2378 experti:
643 2322 686 2363 in
729 2336 944 2364 causarum
994 2323 1327 2366 contentionibus
1370 2338 1564 2379 magnum
1601 2331 1661 2366 est
1701 2328 1907 2382 quoddam

161 2401 266 2444 opus
307 2392 430 2441 atque
459 2386 568 2426 haud
598 2384 723 2426 sciam
754 2398 806 2425 an
848 2387 899 2426 de
939 2385 1127 2428 humanis
1167 2385 1366 2440 operibus
1404 2389 1529 2441 longe
1569 2389 1821 2437 maximum:
1867 2388 1908 2430 in

160 2450 311 2507 quibus
350 2448 411 2490 vis
446 2447 625 2489 oratoris
665 2447 910 2503 plerumque
949 2451 1001 2490 ab
1031 2448 1231 2504 imperitis
1262 2450 1374 2490 exitu
1405 2456 1444 2492 et
1472 2451 1646 2492 victoria
1676 2452 1901 2500 iudicatur;

159 2512 233 2554 ubi
263 2511 379 2554 adest
406 2516 584 2552 armatus
614 2510 898 2558 adversarius,
943 2510 1013 2566 qui
1043 2511 1096 2552 sit
1125 2515 1165 2552 et
1195 2509 1406 2553 feriendus
1437 2517 1478 2553 et
1505 2512 1792 2567 repellendus3
1837 2512 1955 2554 ubias

161 2588 283 2631 saepe
313 2575 374 2623 is,
421 2573 490 2629 qui
521 2572 583 2614 rei
613 2573 805 2615 dominus
845 2572 1006 2615 futurus
1045 2578 1130 2622 est,
1179 2572 1335 2615 alienus
1372 2579 1495 2630 atque
1525 2574 1652 2616 iratus
1684 2581 1753 2617 aut
1782 2577 1903 2616 etiam

161 2637 314 2679 amicus
344 2635 579 2678 adversario
610 2641 650 2677 et
678 2634 866 2677 inimicus
896 2637 969 2677 tibi
1001 2641 1088 2687 est;
1122 2649 1216 2677 cum
1247 2641 1316 2677 aut
1345 2635 1556 2678 docendus
1585 2638 1619 2678 is
1650 2644 1710 2679 est
1738 2644 1806 2679 aut
1836 2640 1905 2679 de-

162 2701 372 2742 docendus
411 2705 479 2741 aut
515 2698 803 2754 reprimendus
843 2703 913 2740 aut
951 2697 1180 2740 incitandus
1218 2702 1288 2740 aut
1316 2700 1427 2740 omni
1457 2701 1614 2741 ratione
1644 2703 1694 2741 ad
1725 2706 1900 2754 tempus,

162 2763 214 2804 ad
243 2775 408 2804 causam
437 2763 626 2804 oratione
655 2763 962 2812 moderandus3
1008 2763 1050 2803 in
1082 2774 1165 2817 quo
1195 2774 1318 2814 saepe
1347 2761 1634 2803 benevolentia
1664 2764 1714 2803 ad
1744 2762 1900 2811 odium,

254 2943 287 2973 1.
315 2942 388 2973 stne
411 2957 425 2963 -
448 2958 462 2964 -
487 2941 767 2982 disputationum
792 2951 860 2974 om.
887 2941 929 2975 A.
952 2960 990 2966 —
1017 2943 1051 2976 3.
1074 2947 1242 2983 putentur
1266 2942 1337 2974 AB.
1360 2960 1397 2966 —-
1424 2942 1459 2974 5.
1485 2941 1613 2974 similia
1636 2945 1715 2972 sunt
1739 2940 1779 2972 Α.
1825 2941 1907 2973 Post

163 2989 292 3022 similia
317 2989 386 3019 sint
412 2994 574 3027 repetunt
599 2999 652 3023 vv.
681 2991 843 3031 cuiusque
866 2990 955 3021 artis
981 2989 1054 3022 AR.
1084 3005 1120 3012 --
1159 2990 1334 3021 hominum
1358 2989 1398 3021 B.
1440 3004 1477 3010 —
1515 2988 1548 3020 9.
1572 2988 1707 3027 possint
1731 2988 1833 3020 ABR.
1863 3005 1906 3010 —

163 3037 220 3069 10.
246 3035 306 3067 sed
329 3035 419 3066 velut
444 3037 504 3076 qui
528 3036 568 3066 B.
590 3052 629 3059 —
657 3041 850 3068 ceterarum
876 3037 917 3068 Α.
942 3054 977 3059 -
1006 3039 1061 3069 11.
1088 3036 1219 3076 reliqua
1239 3045 1303 3076 per
1327 3043 1362 3067 se
1385 3035 1585 3070 Manutius,
1615 3034 1843 3066 Henricbsen.
1865 3052 1905 3058 —

162 3092 233 3115 non
255 3081 469 3114 incommode
494 3091 562 3114 om.
589 3082 660 3114 BR.
683 3100 721 3106 —
748 3087 1001 3125 persequantur
1026 3084 1065 3115 B.
1087 3098 1127 3104 —
1154 3083 1211 3117 15.
1235 3080 1336 3122 hunc]
1362 3082 1460 3112 illum
1485 3081 1524 3111 B.
1550 3097 1591 3101 —
1619 3080 1675 3112 17.
1703 3081 1908 3122 Polyclitum

165 3129 276 3162 Codd.
304 3129 375 3160 al.:
405 3128 611 3167 Polycletum
637 3127 691 3167 (B)
719 3130 791 3162 RE.
821 3147 861 3152 —
904 3130 959 3162 19.
986 3130 1164 3170 posuisse.
1204 3130 1338 3169 inquit,
1373 3132 1452 3158 ante
1477 3127 1535 3158 ΑΒ
1561 3127 1714 3168 aliique:
1754 3129 1908 3168 posuisse

164 3181 246 3208 ante
269 3175 340 3207 RE.
366 3190 410 3198 —
450 3174 506 3205 21.
531 3181 716 3208 assumeret
743 3177 820 3208 libri
848 3180 985 3217 praeter
1010 3184 1138 3208 unum:
1175 3184 1345 3208 assumere
1370 3175 1449 3205 Ern.
1478 3175 1568 3205 coni.
1586 3198 1595 3210 ,
1626 3177 1666 3204 ut
1689 3174 1748 3216 Lg.
1779 3175 1836 3206 21.
1867 3190 1905 3197 -

165 3223 221 3255 22.
248 3231 374 3264 yenera
398 3220 509 3253 solum
525 3221 583 3252 ΑΒ
601 3222 728 3261 aliique
743 3247 751 3261 ‚
780 3224 833 3255 R:
861 3223 973 3254 solum
991 3230 1114 3262 qenera
1134 3222 1172 3254 E.
1193 3238 1235 3244 —
1260 3222 1301 3252 V.
1322 3229 1508 3252 causarum
1526 3220 1667 3254 seclusit
1691 3221 1840 3254 Ellendt.
1863 3237 1907 3242 —

164 3269 221 3301 23.
247 3268 325 3300 vide
350 3268 459 3300 Codd.
488 3268 670 3301 meliores:
696 3270 808 3302 videto
834 3269 922 3310 (AB)
947 3269 1016 3301 RE.
1050 3287 1086 3292 —
1113 3268 1151 3300 in
1176 3277 1243 3300 om.
1264 3268 1303 3298 B.
1324 3284 1366 3288 —
1391 3267 1448 3299 24.
1475 3268 1538 3300 tibi
1561 3276 1629 3300 om.
1655 3268 1697 3299 R.
1719 3285 1757 3292 —
1793 3271 1907 3299 autem

166 3324 233 3348 om.
253 3315 295 3348 R.
315 3332 356 3337 —
382 3315 439 3347 25.
465 3323 506 3346 ne
531 3319 606 3354 post
630 3316 766 3347 maiora
792 3325 859 3348 om.
877 3316 949 3347 AB.
974 3332 1013 3337 —-
1039 3315 1094 3346 31.
1123 3316 1160 3346 in
1184 3314 1428 3347 eaeercitatione
1446 3314 1517 3345 ΑΒ.
1537 3330 1579 3335 -
1604 3322 1713 3355 neque
1738 3323 1805 3347 om.
1832 3313 1904 3346 ΑΒ.

165 3376 208 3386 -
235 3361 290 3394 32.
318 3366 456 3404 experto
482 3361 520 3393 B.
550 3377 590 3384 —
617 3360 673 3393 35.
699 3362 744 3393 sit
766 3362 967 3406 efferiendus
992 3361 1066 3404 (sic)
1090 3361 1162 3394 ΑΒ.
1189 3377 1232 3383 -
1257 3360 1314 3393 36.
1341 3360 1498 3394 dominus
1524 3363 1573 3392 est
1596 3360 1733 3403 futurus
1758 3363 1805 3394 est
1827 3359 1868 3393 R.
