2117 3762
210 303 214 308 ,
269 265 347 306 1οῐι·
919 262 989 304 DE
1020 263 1344 305 INVENTIONE

266 370 425 414 Deinde
465 370 563 426 quid
605 371 763 412 Sosiam
805 369 904 411 velit
940 367 1102 418 facere,
1148 370 1190 411 id
1221 369 1333 426 quod
1362 374 1618 425 postremum
1648 372 1787 427 posuit
1814 372 1856 415 in
1883 372 2010 429 parti-

268 435 404 484 tione,
441 439 696 488 postremum
726 432 847 473 dicit:

491 528 603 568 Nunc
633 533 741 568 tuum
772 530 827 566 est
856 525 1040 579 officium.

272 620 629 673 Quemadmodum
671 619 794 672 igitur
836 619 903 659 hic
944 624 984 660 et
1018 618 1070 661 ad
1108 620 1284 674 primam
1314 634 1519 677 quamque
1549 626 1709 676 partem
1738 622 1917 676 primum
1947 636 2015 664 ac-

241 685 394 726 scessit
436 690 476 725 et
513 682 703 724 omnihus
742 681 941 723 absolutis
977 680 1100 723 finem
1140 681 1301 724 dicendi
1332 684 1448 732 fecit,
1489 684 1547 726 sic
1578 686 1698 725 nobis
1729 686 1863 739 placet
1894 691 1934 726 et
1963 685 2014 727 ad

270 747 448 801 singulas
485 750 621 799 partes
660 743 858 785 accedere
899 751 939 786 et
968 744 1158 785 omnihus
1191 746 1389 786 absolutis
1419 760 1630 800 perorare.
1685 749 1800 788 Nunc
1832 749 1884 788 de
1916 760 2014 788 con-

268 809 498 851 firmatione
529 807 745 862 deinceps,
777 808 831 847 ita
862 812 908 848 ut
938 807 1039 848 ordo
1071 808 1159 862 ipse
1188 807 1389 861 postulat,
1422 808 1760 865 praecipiendum
1789 811 1970 852 videtur.

381 872 530 913 XXIV.
565 872 633 910 34.
680 868 945 911 Confirmatio
979 875 1063 918 est,
1111 883 1186 924 per
1216 884 1337 923 quam
1368 872 1691 924 argumentando
1723 878 1887 914 nostrae
1921 887 2017 914 cau-

270 948 337 976 sae
366 933 489 975 fidem
519 938 558 973 et
589 933 873 973 auctoritatem
905 937 945 973 et
973 931 1276 973 firmamentum
1308 931 1493 986 adiungit
1521 934 1666 975 oratio.
1728 936 1859 975 Huius
1889 934 2016 990 partis

221 1011 256 1035 10
271 1001 379 1038 certa
410 1000 505 1036 sunt
533 999 775 1049 praecepta,
808 1009 913 1050 quae
944 996 985 1035 in
1017 995 1177 1048 singula
1207 1009 1422 1035 causarum
1453 1008 1606 1048 genera
1627 997 1876 1038 dividentur.
1937 998 2017 1038 Ve-

268 1064 501 1101 rumtamen
541 1072 624 1098 non
663 1057 971 1099 incommodum
1013 1057 1176 1098 videtur
1215 1058 1418 1112 quandam
1455 1057 1596 1098 silvam
1641 1064 1762 1113 atque
1803 1060 2016 1100 materiam

268 1123 501 1163 universam
531 1125 623 1161 ante
653 1120 900 1174 permixtam
930 1126 970 1161 et
1000 1119 1212 1161 confusam
1243 1133 1453 1172 exponere
1485 1120 1668 1160 omnium
1699 1122 2019 1173 argumentatio-

268 1199 385 1230 num,
417 1187 510 1238 post
539 1188 673 1223 autem
705 1181 888 1230 tradere,
928 1181 1275 1237 quemadmodum
1306 1195 1431 1222 unum
1463 1180 1655 1236 quodque
1687 1196 1831 1224 causae
1863 1198 2015 1237 genus,

269 1248 364 1287 hinc
396 1245 586 1287 omnibus
617 1244 929 1298 argumentandi
958 1246 1187 1286 rationibus
1220 1246 1385 1293 tractis,
1419 1242 1652 1285 confirmari
1683 1250 1883 1298 oporteat.

219 1321 256 1346 15
384 1308 525 1348 Omnis
563 1321 631 1348 res
673 1309 995 1361 argumentando
1034 1306 1300 1348 confirmatur
1339 1312 1409 1347 aut
1449 1321 1499 1347 ex
1533 1319 1604 1354 e0,
1657 1305 1768 1360 quod
1809 1308 2018 1361 personis,

270 1378 340 1414 aut
370 1386 421 1412 ex
452 1385 523 1419 eo,
556 1371 668 1425 quod
700 1369 874 1424 negotiis
906 1375 968 1411 est
995 1370 1249 1413 attributum.
1308 1370 1366 1410 Ac
1396 1370 1585 1423 personis
1615 1371 1688 1409 has
1720 1382 1785 1410 res
1807 1368 2020 1410 attributas

269 1441 483 1490 putamus,
530 1447 705 1481 nomen,
749 1437 964 1480 naturam,
1004 1432 1180 1480 victum,
1225 1430 1455 1479 fortunam,
1497 1430 1702 1477 habitum,
1736 1430 2018 1478 affectionem,

271 1496 429 1545 studia,
464 1494 658 1544 consilia,
690 1494 819 1542 facta,
853 1508 993 1542 casus,
1027 1497 1250 1535 orationes.
1312 1497 1471 1535 Nomen
1502 1499 1584 1542 est,
1630 1493 1741 1548 quod
1771 1496 1842 1536 uni
1873 1496 2020 1550 cuique

270 1572 473 1615 personae
506 1557 642 1605 datur,
689 1571 770 1612 quo
803 1570 878 1598 suo
910 1570 1096 1610 quaeque
1127 1558 1299 1611 proprio
1331 1562 1371 1597 et
1401 1562 1514 1597 certo
1547 1555 1749 1598 vocabulo
1780 1557 2019 1612 appellatur.

222 1634 257 1658 20
273 1626 467 1663 Naturam
496 1620 626 1675 ipsam
658 1618 829 1660 definire
861 1618 1027 1660 difficile
1057 1625 1136 1668 est;
1186 1625 1323 1674 partes
1361 1625 1496 1659 autem
1534 1620 1622 1659 eius
1653 1622 1895 1660 enumerare
1927 1634 2018 1668 eas,

272 1698 445 1741 quarum
476 1683 707 1737 indigemus
738 1684 788 1722 ad
820 1681 924 1722 hanc
953 1681 1309 1737 praeceptionem,
1341 1681 1502 1722 facilius
1533 1687 1608 1722 est.
1671 1684 1738 1722 35.
1771 1683 1855 1722 Eae
1885 1687 2021 1723 autem

270 1747 419 1804 partim
457 1747 623 1793 divino,
670 1745 817 1799 partim
858 1744 1023 1785 mortali
1060 1745 1101 1785 in
1142 1757 1292 1798 genere
1328 1749 1559 1784 versantur.
1618 1743 1854 1785 Mor-talium
1885 1749 2023 1785 autem

271 1824 364 1866 pars
394 1811 437 1850 in
468 1809 708 1855 hominum,
751 1821 847 1860 pars
887 1806 930 1847 in
960 1808 1186 1848 bestiarum
1218 1821 1368 1861 genere
1400 1811 1655 1846 numeratur.
1716 1807 1849 1862 Atque
1888 1805 2024 1847 homi-

270 1887 368 1915 num
402 1886 530 1927 genus
563 1876 603 1912 et
631 1870 673 1911 in
704 1884 807 1910 sexu
828 1871 1139 1918 consideratur,
1172 1869 1290 1911 virile
1312 1884 1363 1910 an
1384 1869 1587 1910 muliebre
1609 1870 1683 1917 sit,
1717 1875 1756 1910 et
1776 1871 1818 1910 in
1838 1870 2021 1917 natione,

222 1946 257 1971 25
271 1936 423 1990 patria,
455 1934 728 1988 cognatione,
762 1937 910 1972 aetate.
970 1932 1171 1979 Natione,
1205 1933 1348 1973 Graius
1379 1945 1431 1972 an
1451 1933 1683 1981 Barbarus3
1715 1933 1867 1987 patria,
1901 1933 2024 1973 Athe-

272 1999 424 2040 niensis
457 2011 509 2037 an
539 1995 920 2045 Lacedaemonium
964 1996 1237 2048 cognatione,
1277 1995 1427 2048 quibus
1458 1991 1708 2042 maioribus,
1747 1996 1897 2048 quibus
1928 2007 2024 2035 con-

274 2061 534 2114 sanguinei53
568 2064 725 2106 aetate,
758 2071 862 2112 puer
892 2071 944 2097 an
974 2059 1216 2098 adolescens
1235 2088 1245 2105 ,
1277 2061 1376 2096 natu
1407 2056 1602 2109 grandior
1622 2070 1673 2096 an
1698 2070 1842 2097 senex.
1901 2057 2025 2097 Prae-

272 2128 388 2164 terea
417 2123 635 2162 commoda
675 2125 715 2161 et
755 2121 1020 2160 incommoda
1050 2118 1362 2159 considerantur
1392 2120 1443 2158 ab
1474 2123 1621 2158 natura
1657 2116 1751 2158 data
1786 2120 1925 2159 animo
1955 2123 2026 2159 aut

274 2185 467 2239 corpori,
501 2185 581 2224 hoc
608 2184 758 2223 modo:
792 2181 935 2223 valens
965 2196 1015 2223 an
1044 2181 1302 2230 imbecillus;
1345 2182 1494 2234 longus
1525 2195 1576 2221 an
1607 2179 1774 2231 brevis3
1817 2180 2025 2222 formosus

224 2268 258 2293 30
273 2261 323 2287 an
357 2247 581 2295 deformis3
628 2245 749 2286 velox
781 2259 832 2285 an
863 2246 1002 2285 tardus
1033 2245 1111 2292 sit,
1159 2248 1302 2284 acutus
1335 2258 1386 2283 an
1417 2245 1635 2292 hebetior;
1679 2256 1839 2283 memor
1868 2256 1920 2283 an
1952 2244 2026 2283 ob-

271 2309 468 2358 liviosus;
515 2309 666 2357 comis,
709 2306 943 2355 officiosus,
990 2307 1173 2362 pudens,
1220 2308 1379 2361 patiens
1422 2321 1473 2347 an
1513 2311 1672 2347 contra.
1742 2308 1793 2347 Et
1837 2306 2022 2354 omnino,

273 2384 378 2426 quae
421 2384 443 2411 a
487 2376 634 2411 natura
671 2371 819 2410 dantur
859 2370 995 2410 animo
1046 2375 1086 2410 et
1131 2370 1326 2423 corpori,
1379 2367 1752 2410 considerabuntur
1790 2368 1832 2407 in
1861 2372 2021 2408 natura.

272 2436 374 2475 Nam
396 2447 501 2488 quae
531 2432 733 2474 industria
763 2436 1072 2486 comparantur,
1106 2430 1157 2472 ad
1177 2430 1361 2472 habitum
1381 2431 1614 2486 pertinent,
1647 2432 1698 2472 de
1718 2444 1800 2485 quo
1820 2432 2025 2483 posterius

274 2501 335 2537 est
364 2497 599 2536 dicendum.
659 2496 790 2536 XXV.
826 2496 871 2534 In
901 2495 1013 2534 victu
1044 2493 1307 2535 considerare
1340 2499 1529 2547 oportet,
1573 2495 1682 2547 apud
1715 2506 1818 2547 quos
1859 2497 1900 2532 et
1941 2506 2023 2547 quo

223 2579 256 2605 ³5
271 2572 388 2600 more
421 2563 461 2599 et
491 2559 606 2598 cuius
638 2558 839 2597 arbitratu
869 2557 921 2597 sit
959 2558 1177 2604 educatus,
1225 2570 1331 2612 quos
1369 2557 1564 2597 habuerit
1601 2555 1754 2597 artium
1791 2553 2025 2594 liberalium

272 2623 522 2676 magistros,
571 2634 674 2676 quos
715 2618 880 2661 vivendi
917 2624 1233 2675 praeceptores,
1282 2620 1432 2674 quibus
1464 2618 1606 2660 amicis
1647 2623 1810 2665 utatur,
1859 2629 1942 2671 quo
1983 2617 2026 2657 in

271 2685 470 2738 negotio,
505 2689 701 2739 quaestu,
735 2682 910 2722 artificio
941 2683 992 2722 sit
1021 2687 1267 2734 occupatus,
1302 2696 1382 2736 quo
1416 2683 1542 2723 modo
1572 2694 1660 2722 rem
1689 2678 1933 2721 familiarem
1955 2680 2027 2719 ad-

273 2748 499 2795 ministret,
536 2760 615 2801 qua
647 2746 946 2786 consuetudine
977 2744 1202 2786 domestica
1233 2745 1297 2785 sit.
1358 2745 1406 2784 In
1426 2742 1592 2784 fortuna
1612 2742 1851 2797 quaeritur,
1883 2754 2025 2782 servus

367 2894 420 2924 10.
451 2893 647 2925 dividentur
671 2899 800 2932 genera
824 2890 863 2921 P.
900 2907 941 2913 —
982 2890 1038 2922 13.
1073 2899 1197 2922 causae
1221 2898 1329 2931 glenus
1357 2889 1468 2920 PAT:
1506 2894 1611 2928 yemis
1639 2895 1764 2917 causae
1789 2886 1863 2918 RE.
1893 2903 1932 2909 -
1966 2886 2023 2918 14.

275 2940 352 2971 hinc
378 2940 531 2970 omnibus
558 2939 639 2970 PR:
668 2939 719 2969 his
745 2938 903 2969 omnibus
928 2936 1008 2975 AT,
1036 2938 1191 2969 omnibus
1215 2937 1293 2968 hinc
1320 2936 1358 2967 E.
1391 2953 1426 2958 —
1456 2935 1658 2975 confirmari
1684 2932 1792 2965 PAT:
1821 2933 2026 2974 confirmare

273 2987 346 3017 RE.
377 3003 416 3007 —
458 2987 514 3018 15.
554 2986 674 3018 Omnis
697 3001 710 3006 -
735 3002 748 3007 -
774 2984 1002 3025 confirmatur
1027 2985 1086 3016 VT
1115 2988 1148 3015 et
1183 2992 1271 3015 corr.
1299 2983 1346 3014 P:
1386 2982 1508 3012 Omnes
1531 2996 1545 3001 -
1569 2996 1582 3002 -
1609 2981 1861 3020 confirmantur
1888 2980 1912 3010 E
1949 2988 2024 3011 cum

273 3033 336 3064 AR
362 3037 394 3063 et
419 3041 470 3071 pr.
499 3033 537 3063 P.
568 3050 609 3056 --
636 3032 691 3063 19.
719 3032 827 3062 datur
853 3031 960 3062 VPR:
990 3040 1054 3062 0111.
1086 3031 1168 3067 AT,
1197 3030 1291 3061 unde
1317 3031 1410 3060 varie
1436 3027 1635 3064 suppletum
1664 3031 1739 3057 est:
1769 3027 1932 3058 tribuitur
1957 3031 2025 3057 tres

275 3079 413 3110 Gruteri
431 3102 438 3116 ,
467 3080 673 3111 attribuitur
699 3087 774 3109 cum
803 3078 1001 3109 Omnibono
1028 3078 1067 3108 E.
1099 3095 1135 3100 -
1166 3076 1365 3115 appellatur
1391 3074 1567 3105 VPART:
1601 3073 1796 3112 appelletur
1823 3073 1903 3104 Ern.
1933 3076 2023 3104 coni.

274 3143 316 3148 ——
343 3126 398 3155 21.
429 3126 496 3156 Eae
523 3127 599 3157 PT:
630 3134 664 3156 ec
689 3125 740 3163 Α,
768 3126 848 3156 haec
874 3125 947 3156 RE.
978 3142 1013 3146 —
1044 3124 1100 3155 24.
1130 3122 1421 3155 considerandum
1446 3121 1518 3152 AT.
1548 3137 1586 3142 —
1614 3120 1670 3152 29.
1698 3120 1874 3151 imbecillis
1899 3120 1927 3149 R
1953 3121 2025 3151 alii-

275 3181 355 3211 que.
386 3189 426 3194 -
465 3171 520 3202 31.
550 3172 720 3214 officiosus
745 3181 791 3203 an
815 3170 985 3210 infacetus
1007 3180 1031 3210 p
1060 3171 1141 3201 dens
1167 3170 1215 3206 P,
1244 3170 1433 3211 officiosus,
1461 3167 1616 3207 facetus,
1639 3167 1774 3206 pudens
1801 3166 1898 3197 Leid.
1926 3165 1954 3196 Ι.
1982 3183 2022 3188 -

274 3219 330 3249 32.
358 3219 490 3249 dantur
514 3218 571 3249 PR
598 3225 630 3250 et
657 3228 708 3257 pr.
735 3219 785 3249 T:
812 3219 897 3250 data
923 3219 947 3250 E
973 3226 1048 3249 cum
1076 3217 1104 3248 Α
1131 3220 1165 3248 et
1190 3224 1278 3247 corr.
1307 3216 1348 3246 T.
1379 3232 1414 3238 —
1452 3215 1614 3253 corpori,
1651 3212 1962 3244 considerabuntur
1986 3215 2025 3243 in

273 3268 405 3297 natura
430 3264 520 3294 AnT
549 3271 582 3296 et
609 3273 694 3296 corr.
723 3265 774 3296 P:
815 3273 960 3305 corpore
986 3262 1064 3304 (sic)
1092 3263 1407 3297 considerabuntur
1432 3265 1463 3292 et
1487 3263 1524 3292 in
1547 3264 1681 3292 natura
1719 3267 1769 3297 pr.
1796 3258 1842 3294 P,
1886 3260 2024 3298 corpori

275 3310 613 3352 [considerabuntur]
629 3334 637 3350 ‚
670 3313 706 3343 in
730 3316 860 3344 natura
885 3311 1140 3344 consideranda
1164 3313 1244 3342 sunt
1269 3309 1309 3341 E.
1339 3326 1376 3332 —
1405 3307 1462 3340 34.
1491 3313 1538 3340 est
1563 3306 1743 3339 dicendum
1767 3304 1877 3336 PAT:
1913 3305 2026 3337 dicen-

275 3359 356 3390 dum
380 3361 427 3390 esc
453 3357 524 3389 RE.
1344 3358 1347 3361 '
