2117 3762
292 260 373 303 380
1065 263 1264 305 BRUTUS

292 372 420 417 esset,
465 369 500 410 si
536 368 738 410 rationem
776 365 864 408 eius
900 364 1047 407 haberi
1083 367 1207 409 licere
1237 368 1462 410 iudicatum
1494 372 1616 410 esset.
1677 370 1779 410 Nam
1811 373 1851 411 et
1878 369 2045 425 plebem

289 433 457 472 tenebat
494 436 534 472 et
574 435 808 483 equestrem
855 430 1044 470 ordinem
1087 428 1290 472 beneficio
1336 431 1439 484 legis
1485 430 1740 471 devinxerat.
1799 432 1837 473 Is
1876 439 2046 485 praetor

293 495 440 535 eodem
483 492 570 540 die,
619 504 703 546 quo
741 490 986 532 Saturninus
1026 489 1212 532 tribunus
1242 492 1327 545 pL,
1373 492 1504 534 Mario
1539 498 1579 533 et
1607 494 1754 534 Flacco
1785 493 2043 542 consulibus,

290 556 455 611 publice
495 561 557 596 est
594 552 858 603 interfectus;
909 555 1035 595 homo
1075 553 1308 595 simillimus
1344 555 1602 597 Atheniensis
1634 553 1883 610 Hyperboli‚
1931 558 2046 598 cuius

261 617 598 672 simprobitatem
627 622 792 658 veteres
822 617 1055 658 Atticorum
1087 618 1327 658 comoediae
1358 622 1622 660 notaverunt.
1683 620 1779 659 225.
1814 619 1928 668 Quos
1951 620 2046 661 Sex.

290 680 420 721 Titius
451 684 720 728 consecutus,
754 681 879 720 homo
910 678 1065 734 loquax
1096 693 1194 719 sane
1226 684 1268 720 et
1297 680 1392 720 satis
1422 686 1585 727 acutus,
1619 678 1692 720 sed
1719 685 1804 720 tam
1828 679 1985 721 solutus
2007 686 2049 722 et

289 742 426 783 mollis
464 743 508 783 in
546 746 683 795 gestu,
727 746 773 783 ut
811 741 976 782 saltatio
1018 740 1221 796 quaedam
1257 747 1516 792 nasceretur,
1563 743 1629 784 cui
1669 742 1875 784 saltationi
1916 742 2048 784 Titius

289 818 440 846 nomen
471 811 594 845 esset.
655 805 714 845 Ita
751 803 978 846 cavendum
1019 809 1100 850 est,
1150 817 1202 844 ne
1242 803 1340 859 quid
1370 803 1412 844 in
1443 808 1602 858 agendo
1634 804 1864 847 dicendove
1895 805 2048 853 facias,

289 868 404 908 cuius
430 866 607 908 imitatio
632 866 830 908 rideatur.
888 867 1037 907 LXIII.
1072 865 1152 907 Sed
1176 867 1227 906 ad
1245 865 1383 919 paullo
1413 867 1673 921 superiorem
1701 873 1877 909 aetatem
1893 869 2050 910 revecti

239 942 274 967 10
289 942 453 972 sumus:
489 942 598 971 nunc
631 932 681 971 ad
712 943 823 977 eam,
856 930 906 970 de
937 942 1018 984 qua
1049 928 1304 984 aliquantum
1336 942 1476 970 sumus
1506 930 1656 978 locuti,
1691 936 1962 972 revertamur.

400 994 497 1033 226.
546 993 796 1033 Coniunctus
826 991 952 1045 igitur
983 990 1152 1044 Sulpicii
1183 991 1307 1032 aetati
1339 993 1383 1032 P.
1406 991 1606 1033 Antistius
1635 992 1732 1041 fuit,
1775 991 1921 1034 rabula
1950 1005 2047 1034 sane

288 1053 542 1110 probabilis,
576 1056 646 1109 qui
676 1054 828 1096 multos
860 1067 952 1095 cum
983 1055 1178 1095 tacuisset
1209 1067 1339 1095 annos
1369 1068 1503 1110 neque
1535 1055 1744 1096 contemni
1774 1055 1933 1104 solum,
1979 1053 2052 1096 sed

288 1116 458 1158 irrideri
501 1116 624 1159 etiam
670 1117 815 1158 solitus
857 1121 987 1164 esset,
1033 1117 1075 1157 in
1112 1114 1323 1157 tribunatu
1361 1118 1538 1170 primum
1573 1124 1719 1158 contra
1750 1118 1907 1158 C.Iulii
1939 1117 2052 1159 illam

290 1178 525 1221 consulatus
555 1180 800 1235 petitionem
831 1177 1206 1220 extraordinariam
1235 1192 1374 1220 veram
1406 1193 1569 1220 causam
1601 1193 1727 1233 agens
1749 1185 1810 1221 est
1830 1182 2050 1234 probatus:

239 1248 330 1285 1⁵et
368 1256 418 1284 eo
459 1244 615 1297 magis,
665 1245 777 1297 quod
818 1241 991 1284 eandem
1024 1255 1188 1283 causam
1221 1255 1314 1283 cum
1345 1247 1489 1296 ageret
1518 1243 1607 1283 eius
1638 1241 1816 1296 collega,
1864 1242 1932 1284 ille
1963 1243 2052 1299 ipse

291 1304 522 1361 Sulpicius,
554 1305 621 1346 hic
650 1306 769 1361 plura
799 1311 840 1346 et
869 1304 1056 1346 acutiora
1087 1303 1264 1346 dicebat.
1326 1308 1469 1361 Itaque
1500 1311 1594 1361 post
1626 1307 1882 1346 tribunatum
1914 1305 2050 1361 primo

291 1368 442 1410 multae
472 1371 523 1410 ad
554 1381 647 1409 eum
679 1381 846 1415 causae,
879 1369 1028 1408 deinde
1060 1380 1230 1416 omnes,
1272 1370 1475 1410 maximae
1506 1382 1775 1424 quaecunque
1806 1374 1944 1417 erant,
1985 1370 2056 1409 de-

289 1430 541 1473 ferebantur.
602 1432 696 1475 227.
740 1433 842 1472 Rem
874 1429 1042 1471 videbat
1073 1435 1213 1476 acute,
1259 1433 1535 1486 componebat
1564 1431 1804 1485 diligenter,
1849 1431 2052 1472 memoria

291 1493 475 1544 valebat;
506 1495 644 1536 verbis
674 1507 758 1534 non
788 1493 856 1534 ille
886 1492 1053 1549 quidem
1082 1494 1237 1533 ornatis
1258 1492 1470 1541 utebatur,
1503 1493 1575 1535 sed
1596 1499 1735 1534 tamen
1755 1506 1838 1535 non
1860 1492 2052 1542 abiectis;

240 1572 276 1597 20
291 1556 485 1612 expedita
527 1562 664 1598 autem
708 1562 797 1597 erat
835 1562 877 1597 et
913 1555 1112 1609 perfacile
1151 1569 1322 1598 currens
1356 1558 1504 1597 oratio.
1566 1558 1616 1597 Et
1646 1561 1735 1597 erat
1766 1557 1853 1596 eius
1885 1555 2056 1611 quidam

291 1625 500 1674 tamquam
542 1618 704 1661 habitus
747 1632 829 1659 non
869 1619 1122 1669 inurbanus3
1173 1618 1280 1659 actio
1319 1619 1504 1672 paullum
1547 1632 1642 1661 cum
1681 1618 1785 1660 vitio
1825 1618 1941 1660 vocis
1971 1625 2058 1660 tum

292 1683 414 1722 etiam
445 1681 612 1736 ineptiis
645 1681 914 1723 claudicabat.
976 1683 1055 1722 Hic
1086 1680 1343 1737 temporibus
1373 1680 1514 1723 floruit
1543 1684 1612 1728 iis,
1647 1683 1797 1737 quibus
1828 1682 1935 1722 inter
1954 1694 2052 1737 pro-

291 1745 514 1792 fectionem
555 1745 819 1800 reditumque
859 1748 906 1787 L.
942 1746 1078 1787 Sullae
1110 1747 1198 1787 sine
1228 1747 1318 1786 iure
1348 1743 1425 1785 fuit
1456 1751 1495 1785 et
1526 1746 1614 1786 sine
1646 1743 1731 1785 ulla
1762 1745 1959 1798 dignitate
1990 1756 2056 1784 res

291 1807 478 1860 publica:
510 1809 591 1849 hoc
623 1809 746 1850 etiam
777 1810 908 1862 magis
938 1808 1214 1864 probabatur,
1247 1806 1359 1863 quod
1395 1813 1482 1848 erat
1511 1806 1563 1848 ab
1595 1808 1832 1848 oratoribus
1853 1804 2058 1861 quaedam

240 1869 334 1910 25in
366 1869 459 1911 foro
490 1871 687 1912 solitudo.
750 1871 957 1925 Sulpicius
989 1873 1219 1920 occiderat,
1255 1874 1369 1912 Cotta
1400 1872 1548 1911 aberat
1581 1876 1621 1911 et
1653 1872 1801 1919 Curio;
1841 1871 2008 1911 vivebat
2037 1883 2059 1910 e

291 1932 464 1988 reliquis
506 1934 691 1989 patronis
736 1934 822 1975 eius
863 1936 1008 1976 aetatis
1049 1947 1172 1975 nemo
1208 1939 1376 1986 praeter
1418 1932 1653 1974 Carbonem
1685 1938 1725 1973 et
1754 1933 2056 1987 Pomponium,

293 2009 470 2049 quorum
501 2004 722 2053 utrumque
752 1997 872 2038 facile
903 1996 1139 2051 superabat.
1201 1998 1344 2037 LXIV.
1375 1997 1471 2036 228.
1506 1994 1719 2035 Inferioris
1750 1999 1891 2035 autem
1911 1994 2056 2035 aetatis

293 2064 381 2100 crat
417 2061 633 2114 proximus
672 2062 718 2103 L.
752 2061 946 2108 Sisenna,
995 2059 1141 2101 doctus
1178 2058 1242 2100 vir
1272 2063 1312 2098 et
1342 2058 1487 2098 studiis
1519 2056 1687 2110 optimis
1719 2055 1902 2104 deditus,
1953 2059 2060 2098 bene

294 2122 438 2163 Latine
468 2121 669 2177 loquens,
705 2137 854 2176 gnarus
885 2122 947 2163 rei
976 2120 1188 2176 publicae,
1220 2133 1304 2161 non
1335 2121 1422 2161 sine
1454 2119 1641 2169 facetiis3
1676 2121 1749 2159 sed
1780 2131 1916 2173 neque
1946 2117 2061 2160 labo-

244 2184 351 2224 soris
382 2183 500 2224 multi
529 2199 605 2226 nec
636 2187 734 2226 satis
764 2191 950 2226 versatus
981 2185 1022 2225 in
1054 2184 1215 2233 causis3
1260 2182 1583 2238 interiectusque
1625 2181 1733 2222 inter
1771 2182 1874 2222 duas
1905 2186 2060 2223 aetates

294 2247 511 2287 Hortensii
549 2254 588 2289 et
627 2247 799 2301 Sulpicii
836 2261 913 2287 nec
954 2246 1156 2287 maiorem
1199 2244 1399 2299 consequi
1439 2248 1601 2299 poterat
1633 2250 1675 2285 et
1704 2242 1857 2285 minori
1890 2257 2061 2286 necesse

296 2313 385 2349 erat
414 2310 578 2350 cedere.
640 2309 772 2351 Huius
813 2309 946 2350 omnis
988 2308 1160 2350 facultas
1204 2322 1257 2348 ex
1297 2307 1470 2348 historia
1509 2306 1637 2361 ipsius
1678 2305 1855 2361 perspici
1893 2312 2056 2362 potest3

296 2385 402 2424 quae
434 2385 527 2411 cum
557 2371 677 2413 facile
709 2387 854 2413 omnes
886 2373 1022 2413 vincat
1053 2369 1316 2424 superiores,
1359 2375 1445 2410 tum
1476 2368 1630 2410 indicat
1659 2374 1818 2415 tamen,
1864 2375 2061 2424 quantum

296 2432 402 2474 absit
431 2447 455 2474 a
486 2447 648 2475 summo
680 2449 888 2489 quamque
921 2448 1051 2488 genus
1082 2436 1162 2474 hoc
1202 2432 1440 2488 scriptionis
1478 2433 1665 2473 nondum
1701 2432 1754 2471 sit
1779 2432 1876 2471 satis
1905 2433 2060 2472 Latinis

245 2495 443 2537 sslitteris
474 2496 734 2538 illustratum.
794 2500 897 2537 Nam
939 2498 989 2546 Q.
1031 2497 1243 2537 Hortensii
1283 2494 1504 2536 admodum
1545 2493 1818 2534 adolescentis
1847 2494 2062 2547 ingenium

298 2565 344 2600 ut
374 2558 542 2600 Phidiae
573 2560 736 2613 signum
769 2559 890 2601 simul
920 2559 1161 2613 adspectum
1193 2564 1232 2599 et
1261 2556 1479 2613 probatum
1511 2561 1586 2597 est.
1647 2557 1743 2596 229.
1777 2556 1815 2596 Is
1840 2558 1887 2596 L.
1915 2559 2060 2597 Crasso

300 2622 350 2670 Q.
373 2622 571 2663 Scaevola
604 2621 842 2663 consulibus
873 2623 1052 2677 primum
1083 2623 1125 2661 in
1155 2620 1249 2661 foro
1281 2619 1387 2660 dixit
1417 2626 1456 2661 et
1486 2620 1596 2672 apud
1634 2619 1712 2658 hos
1749 2618 1862 2671 ipsos
1893 2619 2062 2674 quidem

300 2683 508 2733 consules;
560 2690 599 2725 et
631 2699 724 2725 cum
755 2698 927 2732 eorum,
981 2684 1052 2738 qui
1082 2683 1314 2730 affuerunt,
1368 2688 1454 2723 tum
1486 2682 1672 2734 ipsorum
1703 2682 1940 2729 consulum,
1991 2681 2063 2736 qui

300 2759 444 2788 omnes
488 2746 760 2801 intelligentia
806 2746 1037 2794 anteibant,
1090 2745 1243 2787 iudicio
1292 2744 1480 2786 discessit
1525 2741 1737 2796 probatus.
1800 2743 2063 2799 Undeviginti

249 2823 284 2850 40
301 2823 431 2851 annos
463 2815 581 2851 natus
613 2816 700 2851 erat
731 2823 781 2851 eo
813 2816 1013 2863 tempore.
1071 2810 1145 2849 Est
1174 2813 1310 2849 autem
1341 2810 1388 2848 L.
1412 2807 1555 2847 Paullo
1588 2806 1629 2845 C.
1660 2805 1854 2847 Marcello
1884 2806 2064 2848 consuli-

300 2870 377 2912 bus
410 2878 620 2923 mortuus3
663 2886 714 2913 ex
746 2886 828 2927 quo
859 2872 1046 2914 videmus
1078 2885 1171 2912 eum
1202 2873 1245 2912 in
1274 2876 1547 2924 patronorum
1579 2882 1754 2910 numero
1784 2882 1914 2911 annos
1945 2875 2063 2925 quat-

398 3025 433 3056 4.
458 3024 592 3064 publice
618 3026 692 3055 sine
721 3024 788 3055 ulla
817 3031 920 3055 causa
947 3024 1088 3056 seclusit
1114 3024 1155 3055 E.
1197 3040 1235 3046 —
1279 3024 1312 3055 9.
1341 3021 1460 3054 reiecti
1486 3020 1552 3053 Gu.
1581 3022 1614 3052 1.
1642 3021 1676 3051 2.
1704 3021 1830 3053 Dresd.
1857 3021 1907 3058 R,
1945 3021 2060 3053 Peter.

304 3071 356 3103 Ab
384 3071 448 3102 hoc
474 3073 556 3102 vitio
583 3071 681 3103 liberi
709 3080 782 3103 esse
809 3071 972 3102 videntur
997 3071 1058 3110 Lg.
1088 3078 1220 3102 omnes.
1252 3085 1290 3091 —
1320 3071 1374 3101 10.
1403 3077 1521 3099 sumus
1547 3068 1652 3099 loculi
1675 3068 1719 3098 D.
1741 3068 1801 3108 Lg.
1824 3076 1942 3099 omnes
1968 3075 2063 3106 prae-

306 3122 357 3149 ter
383 3118 437 3149 58.
466 3118 554 3150 Ven.
583 3119 613 3150 1.
645 3118 711 3150 Gu.
742 3119 773 3148 1.
803 3118 836 3148 2.
865 3117 989 3149 Dresd.
1020 3118 1069 3148 R:
1098 3117 1204 3149 locuti
1229 3125 1344 3147 sumus
1370 3116 1429 3154 Lg.
1458 3115 1513 3146 53.
1541 3118 1575 3145 et
1600 3122 1675 3145 cum
1703 3115 1792 3145 Edd.
1821 3119 1897 3153 post
1921 3114 1962 3145 R.
1993 3114 2063 3152 ple-

305 3167 422 3203 risque
449 3165 487 3195 E.
532 3181 566 3187 -—
605 3165 662 3196 20.
691 3165 833 3205 quidam
870 3164 1070 3200 Manutius,
1114 3163 1323 3201 Lambinus,
1368 3162 1632 3194 Schneiderus:
1677 3161 1815 3202 quidem
1851 3169 1929 3191 cum
1967 3159 2062 3192 libris

306 3210 375 3242 RE.
421 3226 455 3231 -
495 3210 552 3241 24.
579 3211 641 3242 hoc
667 3213 773 3243 etiam
799 3211 840 3241 D.
871 3210 937 3242 Gu.
966 3212 998 3242 1.
1027 3212 1061 3241 2.
1091 3210 1238 3242 Dresd.:
1277 3210 1338 3240 hoc
1363 3210 1467 3240 eciam
1495 3212 1608 3238 autem
1636 3216 1714 3239 cum
1739 3208 1792 3245 R,
1829 3207 1910 3238 Asc.
1938 3207 2060 3238 Lamb.

308 3257 358 3294 E,
387 3257 448 3287 hoc
473 3262 587 3288 autem
612 3258 812 3295 Mannum,
840 3257 948 3289 Aldus
975 3266 1107 3296 nepos,
1142 3257 1202 3288 hoc
1227 3260 1343 3287 utitem
1369 3258 1474 3286 etiam
1500 3254 1600 3285 Hand
1627 3255 1729 3285 Turs.
1759 3254 1786 3284 1.
1815 3262 1849 3293 p.
1870 3253 1926 3285 39.
1956 3259 1989 3285 et
2014 3254 2059 3287 11.

310 3311 344 3343 p.
363 3302 442 3334 564.
473 3319 512 3324 —
541 3303 597 3334 29.
625 3314 732 3336 naras
757 3305 878 3336 Lamb.
907 3314 946 3336 ex
974 3305 1068 3336 Orat.
1097 3302 1134 3343 ἕ.
1154 3303 1233 3334 158.
1264 3319 1301 3325 —
1331 3302 1386 3334 35.
1414 3303 1570 3342 Namque
1596 3301 1773 3332 Hortensii
1795 3299 1839 3330 D.
1866 3300 1927 3342 Lg.
1947 3300 1981 3332 8.
2002 3301 2059 3334 51.

309 3348 367 3383 58.
396 3349 462 3381 Gu.
491 3348 524 3380 1.
553 3350 587 3381 2.
614 3350 738 3384 Dresd.
767 3351 883 3385 Peter.
912 3351 1044 3391 (Ceteri
1073 3351 1148 3383 libri
1176 3354 1210 3383 et
1233 3349 1275 3382 R.
1304 3349 1345 3380 ab
1373 3349 1438 3383 hoe-
1463 3350 1546 3383 vitio
1571 3347 1670 3380 liberi
1695 3343 1803 3388 sunt.)
