<?xml version="1.0" encoding="UTF-8"?>
<!DOCTYPE html PUBLIC "-//W3C//DTD XHTML 1.0 Transitional//EN"
    "http://www.w3.org/TR/xhtml1/DTD/xhtml1-transitional.dtd">
<html xmlns="http://www.w3.org/1999/xhtml" xml:lang="en" lang="en">
 <head>
  <title>
</title>
<meta http-equiv="Content-Type" content="text/html;charset=utf-8" />
  <meta name='ocr-system' content='tesseract 3.04.00' />
  <meta name='ocr-capabilities' content='ocr_page ocr_carea ocr_par ocr_line ocrx_word'/>
</head>
<body>
  <div class='ocr_page' id='page_1' title='image "./operaquaesupersu01ciceuoft/operaquaesupersu01ciceuoft_0143.png"; bbox 0 0 2117 3762; ppageno 0'>
   <div class='ocr_carea' id='block_1_1' title="bbox 760 231 1882 280">
    <p class='ocr_par' dir='ltr' id='par_1_1' title="bbox 760 231 1882 280">
     <span class='ocr_line' id='line_1_1' title="bbox 760 231 1882 280; baseline 0.007 -8"><span class='ocrx_word' id='word_1_1' title='bbox 760 232 859 272; x_wconf 87' lang='lat' dir='ltr'>LIB.</span> <span class='ocrx_word' id='word_1_2' title='bbox 892 231 945 271; x_wconf 91' lang='lat' dir='ltr'>Il.</span> <span class='ocrx_word' id='word_1_3' title='bbox 1007 232 1048 273; x_wconf 88' lang='lat' dir='ltr'>C.</span> <span class='ocrx_word' id='word_1_4' title='bbox 1079 232 1117 273; x_wconf 87' lang='lat'>3.</span> <span class='ocrx_word' id='word_1_5' title='bbox 1147 232 1187 273; x_wconf 83' lang='grc'><strong>4.</strong></span> <span class='ocrx_word' id='word_1_6' title='bbox 1219 233 1262 274; x_wconf 89' lang='grc'>5.</span> <span class='ocrx_word' id='word_1_7' title='bbox 1807 239 1882 280; x_wconf 87' lang='grc'>131</span> 
     </span>
    </p>
   </div>
   <div class='ocr_carea' id='block_1_2' title="bbox 131 335 1946 2764">
    <p class='ocr_par' dir='ltr' id='par_1_2' title="bbox 132 335 1942 953">
     <span class='ocr_line' id='line_1_2' title="bbox 133 335 1888 391; baseline 0.002 -11"><span class='ocrx_word' id='word_1_8' title='bbox 133 341 350 381; x_wconf 87' lang='lat' dir='ltr'>honestum</span> <span class='ocrx_word' id='word_1_9' title='bbox 392 338 444 379; x_wconf 87' lang='lat' dir='ltr'>sit</span> <span class='ocrx_word' id='word_1_10' title='bbox 483 343 524 378; x_wconf 86' lang='lat' dir='ltr'>et</span> <span class='ocrx_word' id='word_1_11' title='bbox 564 335 663 391; x_wconf 91' lang='lat' dir='ltr'>quid</span> <span class='ocrx_word' id='word_1_12' title='bbox 704 337 822 377; x_wconf 89' lang='lat' dir='ltr'>utile.</span> <span class='ocrx_word' id='word_1_13' title='bbox 885 338 984 376; x_wconf 71' lang='lat' dir='ltr'>Nam</span> <span class='ocrx_word' id='word_1_14' title='bbox 1023 339 1150 378; x_wconf 75' lang='lat' dir='ltr'>ceteri</span> <span class='ocrx_word' id='word_1_15' title='bbox 1187 337 1372 380; x_wconf 74' lang='lat' dir='ltr'>utilitatis</span> <span class='ocrx_word' id='word_1_16' title='bbox 1411 337 1535 380; x_wconf 93' lang='lat' dir='ltr'>modo</span> <span class='ocrx_word' id='word_1_17' title='bbox 1572 338 1693 380; x_wconf 77' lang='lat' dir='ltr'>linem</span> <span class='ocrx_word' id='word_1_18' title='bbox 1726 342 1766 381; x_wconf 92' lang='lat' dir='ltr'>in</span> <span class='ocrx_word' id='word_1_19' title='bbox 1798 357 1888 385; x_wconf 81' lang='lat' dir='ltr'>sua-</span> 
     </span>
     <span class='ocr_line' id='line_1_3' title="bbox 132 398 1887 454; baseline 0.002 -12"><span class='ocrx_word' id='word_1_20' title='bbox 132 400 268 442; x_wconf 86' lang='lat' dir='ltr'>dendo</span> <span class='ocrx_word' id='word_1_21' title='bbox 315 408 355 442; x_wconf 90' lang='lat' dir='ltr'>et</span> <span class='ocrx_word' id='word_1_22' title='bbox 392 401 434 441; x_wconf 88' lang='lat' dir='ltr'>in</span> <span class='ocrx_word' id='word_1_23' title='bbox 474 398 748 441; x_wconf 88' lang='lat' dir='ltr'>dissuadendo</span> <span class='ocrx_word' id='word_1_24' title='bbox 789 400 941 453; x_wconf 81' lang='lat' dir='ltr'>exponi</span> <span class='ocrx_word' id='word_1_25' title='bbox 980 407 1174 454; x_wconf 83' lang='lat' dir='ltr'>oportere</span> <span class='ocrx_word' id='word_1_26' title='bbox 1214 400 1399 442; x_wconf 90' lang='lat' dir='ltr'>arbitrati</span> <span class='ocrx_word' id='word_1_27' title='bbox 1431 407 1538 442; x_wconf 89' lang='lat' dir='ltr'>sunt.</span> <span class='ocrx_word' id='word_1_28' title='bbox 1603 404 1667 442; x_wconf 84' lang='lat'>13.</span> <span class='ocrx_word' id='word_1_29' title='bbox 1702 404 1887 452; x_wconf 88' lang='lat' dir='ltr'>Quorum</span> 
     </span>
     <span class='ocr_line' id='line_1_4' title="bbox 133 461 1889 518; baseline 0.001 -14"><span class='ocrx_word' id='word_1_30' title='bbox 133 463 260 517; x_wconf 88' lang='lat' dir='ltr'>igitur</span> <span class='ocrx_word' id='word_1_31' title='bbox 289 477 489 518; x_wconf 79' lang='lat' dir='ltr'>generum</span> <span class='ocrx_word' id='word_1_32' title='bbox 519 461 620 503; x_wconf 85' lang='lat' dir='ltr'>lines</span> <span class='ocrx_word' id='word_1_33' title='bbox 651 467 691 502; x_wconf 90' lang='lat' dir='ltr'>et</span> <span class='ocrx_word' id='word_1_34' title='bbox 724 462 859 502; x_wconf 84' lang='lat' dir='ltr'>exitus</span> <span class='ocrx_word' id='word_1_35' title='bbox 891 461 1043 503; x_wconf 77' lang='lat' dir='ltr'>diversi</span> <span class='ocrx_word' id='word_1_36' title='bbox 1073 468 1189 510; x_wconf 90' lang='lat' dir='ltr'>sunt,</span> <span class='ocrx_word' id='word_1_37' title='bbox 1221 477 1364 504; x_wconf 90' lang='lat' dir='ltr'>eorum</span> <span class='ocrx_word' id='word_1_38' title='bbox 1397 469 1617 517; x_wconf 86' lang='lat' dir='ltr'>praecepta</span> <span class='ocrx_word' id='word_1_39' title='bbox 1639 463 1781 506; x_wconf 90' lang='lat' dir='ltr'>eadem</span> <span class='ocrx_word' id='word_1_40' title='bbox 1801 480 1889 507; x_wconf 89' lang='lat' dir='ltr'>esse</span> 
     </span>
     <span class='ocr_line' id='line_1_5' title="bbox 133 523 1892 580; baseline 0.002 -14"><span class='ocrx_word' id='word_1_41' title='bbox 133 540 214 566; x_wconf 92' lang='lat' dir='ltr'>non</span> <span class='ocrx_word' id='word_1_42' title='bbox 246 531 431 580; x_wconf 84' lang='lat' dir='ltr'>possunt.</span> <span class='ocrx_word' id='word_1_43' title='bbox 492 527 635 578; x_wconf 78' lang='lat' dir='ltr'>Neque</span> <span class='ocrx_word' id='word_1_44' title='bbox 666 538 772 564; x_wconf 86' lang='lat' dir='ltr'>nunc</span> <span class='ocrx_word' id='word_1_45' title='bbox 806 524 881 565; x_wconf 86' lang='lat' dir='ltr'>hoc</span> <span class='ocrx_word' id='word_1_46' title='bbox 913 523 1109 572; x_wconf 81' lang='lat' dir='ltr'>dicimus,</span> <span class='ocrx_word' id='word_1_47' title='bbox 1156 538 1238 566; x_wconf 93' lang='lat' dir='ltr'>non</span> <span class='ocrx_word' id='word_1_48' title='bbox 1279 524 1443 567; x_wconf 88' lang='lat' dir='ltr'>easdem</span> <span class='ocrx_word' id='word_1_49' title='bbox 1481 525 1664 568; x_wconf 84' lang='lat' dir='ltr'>incidere</span> <span class='ocrx_word' id='word_1_50' title='bbox 1696 528 1892 569; x_wconf 90' lang='lat' dir='ltr'>constitu-</span> 
     </span>
     <span class='ocr_line' id='line_1_6' title="bbox 135 585 1920 642; baseline 0.001 -13"><span class='ocrx_word' id='word_1_51' title='bbox 135 589 292 637; x_wconf 84' lang='lat' dir='ltr'>tiones;</span> <span class='ocrx_word' id='word_1_52' title='bbox 340 592 625 629; x_wconf 75' lang='lat' dir='ltr'>verumtamen</span> <span class='ocrx_word' id='word_1_53' title='bbox 665 587 797 626; x_wconf 87' lang='lat' dir='ltr'>oratio</span> <span class='ocrx_word' id='word_1_54' title='bbox 840 585 1040 640; x_wconf 83' lang='lat' dir='ltr'>quaedam</span> <span class='ocrx_word' id='word_1_55' title='bbox 1084 599 1136 627; x_wconf 78' lang='lat' dir='ltr'>ex</span> <span class='ocrx_word' id='word_1_56' title='bbox 1174 588 1263 641; x_wconf 87' lang='lat' dir='ltr'>ipso</span> <span class='ocrx_word' id='word_1_57' title='bbox 1295 586 1375 629; x_wconf 85' lang='lat' dir='ltr'>line</span> <span class='ocrx_word' id='word_1_58' title='bbox 1407 593 1448 628; x_wconf 92' lang='lat' dir='ltr'>et</span> <span class='ocrx_word' id='word_1_59' title='bbox 1477 601 1529 629; x_wconf 85' lang='lat' dir='ltr'>ex</span> <span class='ocrx_word' id='word_1_60' title='bbox 1560 603 1713 642; x_wconf 83' lang='lat' dir='ltr'>genere</span> <span class='ocrx_word' id='word_1_61' title='bbox 1744 603 1920 632; x_wconf 82' lang='lat' dir='ltr'>causae⁵</span> 
     </span>
     <span class='ocr_line' id='line_1_7' title="bbox 133 647 1892 704; baseline 0.001 -12"><span class='ocrx_word' id='word_1_62' title='bbox 133 651 336 697; x_wconf 85' lang='lat' dir='ltr'>nascitur,</span> <span class='ocrx_word' id='word_1_63' title='bbox 383 662 489 704; x_wconf 92' lang='lat' dir='ltr'>quae</span> <span class='ocrx_word' id='word_1_64' title='bbox 525 649 729 703; x_wconf 86' lang='lat' dir='ltr'>pertineat</span> <span class='ocrx_word' id='word_1_65' title='bbox 768 650 817 689; x_wconf 87' lang='lat' dir='ltr'>ad</span> <span class='ocrx_word' id='word_1_66' title='bbox 858 650 964 689; x_wconf 75' lang='lat' dir='ltr'>vitae</span> <span class='ocrx_word' id='word_1_67' title='bbox 995 647 1168 689; x_wconf 89' lang='lat' dir='ltr'>alicuius</span> <span class='ocrx_word' id='word_1_68' title='bbox 1199 648 1589 691; x_wconf 84' lang='lat' dir='ltr'>demonstrationem</span> <span class='ocrx_word' id='word_1_69' title='bbox 1620 657 1688 692; x_wconf 90' lang='lat' dir='ltr'>aut</span> <span class='ocrx_word' id='word_1_70' title='bbox 1717 654 1769 692; x_wconf 89' lang='lat' dir='ltr'>ad</span> <span class='ocrx_word' id='word_1_71' title='bbox 1800 666 1892 693; x_wconf 91' lang='lat' dir='ltr'>sen-</span> 
     </span>
     <span class='ocr_line' id='line_1_8' title="bbox 134 710 1892 764; baseline 0.001 -11"><span class='ocrx_word' id='word_1_72' title='bbox 134 715 284 754; x_wconf 87' lang='lat' dir='ltr'>tentiae</span> <span class='ocrx_word' id='word_1_73' title='bbox 317 711 552 753; x_wconf 88' lang='lat' dir='ltr'>dictionem.</span> <span class='ocrx_word' id='word_1_74' title='bbox 612 711 748 759; x_wconf 89' lang='lat' dir='ltr'>Quare</span> <span class='ocrx_word' id='word_1_75' title='bbox 781 725 888 752; x_wconf 88' lang='lat' dir='ltr'>nunc</span> <span class='ocrx_word' id='word_1_76' title='bbox 920 712 960 751; x_wconf 94' lang='lat' dir='ltr'>in</span> <span class='ocrx_word' id='word_1_77' title='bbox 992 710 1250 764; x_wconf 83' lang='lat' dir='ltr'>exponendis</span> <span class='ocrx_word' id='word_1_78' title='bbox 1280 713 1600 762; x_wconf 83' lang='lat' dir='ltr'>controversiis,</span> <span class='ocrx_word' id='word_1_79' title='bbox 1638 713 1680 754; x_wconf 90' lang='lat' dir='ltr'>in</span> <span class='ocrx_word' id='word_1_80' title='bbox 1711 713 1892 755; x_wconf 89' lang='lat' dir='ltr'>iudiciali</span> 
     </span>
     <span class='ocr_line' id='line_1_9' title="bbox 133 773 1894 831; baseline 0.002 -16"><span class='ocrx_word' id='word_1_81' title='bbox 133 788 286 828; x_wconf 85' lang='lat' dir='ltr'>genere</span> <span class='ocrx_word' id='word_1_82' title='bbox 331 787 546 815; x_wconf 86' lang='lat' dir='ltr'>causarum</span> <span class='ocrx_word' id='word_1_83' title='bbox 596 779 637 813; x_wconf 89' lang='lat' dir='ltr'>et</span> <span class='ocrx_word' id='word_1_84' title='bbox 680 779 994 828; x_wconf 78' lang='lat' dir='ltr'>praeceptorum</span> <span class='ocrx_word' id='word_1_85' title='bbox 1040 773 1312 814; x_wconf 81' lang='lat' dir='ltr'>versabimur.</span> <span class='ocrx_word' id='word_1_86' title='bbox 1374 776 1434 815; x_wconf 81' lang='lat' dir='ltr'>Ex</span> <span class='ocrx_word' id='word_1_87' title='bbox 1479 789 1561 828; x_wconf 91' lang='lat' dir='ltr'>quo</span> <span class='ocrx_word' id='word_1_88' title='bbox 1607 777 1805 831; x_wconf 84' lang='lat' dir='ltr'>pleraque</span> <span class='ocrx_word' id='word_1_89' title='bbox 1851 777 1894 818; x_wconf 92' lang='lat' dir='ltr'>in</span> 
     </span>
     <span class='ocr_line' id='line_1_10' title="bbox 134 835 1892 890; baseline 0.002 -13"><span class='ocrx_word' id='word_1_90' title='bbox 134 844 274 877; x_wconf 88' lang='lat' dir='ltr'>cetera</span> <span class='ocrx_word' id='word_1_91' title='bbox 303 849 470 890; x_wconf 90' lang='lat' dir='ltr'>quoque</span> <span class='ocrx_word' id='word_1_92' title='bbox 501 848 716 876; x_wconf 88' lang='lat' dir='ltr'>causarum</span> <span class='ocrx_word' id='word_1_93' title='bbox 749 849 902 889; x_wconf 86' lang='lat' dir='ltr'>genera</span> <span class='ocrx_word' id='word_1_94' title='bbox 932 835 1056 876; x_wconf 91' lang='lat' dir='ltr'>simili</span> <span class='ocrx_word' id='word_1_95' title='bbox 1087 835 1295 890; x_wconf 85' lang='lat' dir='ltr'>implicata</span> <span class='ocrx_word' id='word_1_96' title='bbox 1324 838 1607 878; x_wconf 78' lang='lat' dir='ltr'>controversia</span> <span class='ocrx_word' id='word_1_97' title='bbox 1648 837 1761 879; x_wconf 88' lang='lat' dir='ltr'>nulla</span> <span class='ocrx_word' id='word_1_98' title='bbox 1799 851 1892 880; x_wconf 90' lang='lat' dir='ltr'>cum</span> 
     </span>
     <span class='ocr_line' id='line_1_11' title="bbox 133 897 1942 953; baseline -0.001 -13"><span class='ocrx_word' id='word_1_99' title='bbox 133 898 373 940; x_wconf 83' lang='lat' dir='ltr'>difficultate</span> <span class='ocrx_word' id='word_1_100' title='bbox 403 897 725 945; x_wconf 81' lang='lat' dir='ltr'>transferentur;</span> <span class='ocrx_word' id='word_1_101' title='bbox 759 903 851 952; x_wconf 82' lang='lat' dir='ltr'>post</span> <span class='ocrx_word' id='word_1_102' title='bbox 881 904 1017 939; x_wconf 88' lang='lat' dir='ltr'>autem</span> <span class='ocrx_word' id='word_1_103' title='bbox 1049 899 1271 951; x_wconf 88' lang='lat' dir='ltr'>separatim</span> <span class='ocrx_word' id='word_1_104' title='bbox 1303 897 1353 938; x_wconf 88' lang='lat' dir='ltr'>de</span> <span class='ocrx_word' id='word_1_105' title='bbox 1384 898 1557 953; x_wconf 87' lang='lat' dir='ltr'>reliquis</span> <span class='ocrx_word' id='word_1_106' title='bbox 1588 901 1789 942; x_wconf 83' lang='lat' dir='ltr'>dicemus.</span> <span class='ocrx_word' id='word_1_107' title='bbox 1907 914 1942 938; x_wconf 70' lang='lat'>⁴10</span> 
     </span>
    </p>

    <p class='ocr_par' dir='ltr' id='par_1_3' title="bbox 131 958 1946 2325">
     <span class='ocr_line' id='line_1_12' title="bbox 247 958 1892 1015; baseline 0.002 -13"><span class='ocrx_word' id='word_1_108' title='bbox 247 963 312 1002; x_wconf 65' lang='lat'>12.</span> <span class='ocrx_word' id='word_1_109' title='bbox 356 962 473 1001; x_wconf 81' lang='lat' dir='ltr'>Nunc</span> <span class='ocrx_word' id='word_1_110' title='bbox 509 958 560 1000; x_wconf 89' lang='lat' dir='ltr'>ab</span> <span class='ocrx_word' id='word_1_111' title='bbox 598 959 866 1001; x_wconf 84' lang='lat' dir='ltr'>coniecturali</span> <span class='ocrx_word' id='word_1_112' title='bbox 896 960 1187 1002; x_wconf 89' lang='lat' dir='ltr'>constitutione</span> <span class='ocrx_word' id='word_1_113' title='bbox 1218 959 1556 1015; x_wconf 80' lang='lat' dir='ltr'>proficiscemur3</span> <span class='ocrx_word' id='word_1_114' title='bbox 1605 962 1718 1003; x_wconf 89' lang='lat' dir='ltr'>cuius</span> <span class='ocrx_word' id='word_1_115' title='bbox 1751 976 1892 1005; x_wconf 84' lang='lat' dir='ltr'>exem-</span> 
     </span>
     <span class='ocr_line' id='line_1_13' title="bbox 131 1021 1892 1080; baseline 0.002 -15"><span class='ocrx_word' id='word_1_116' title='bbox 131 1023 244 1080; x_wconf 92' lang='lat' dir='ltr'>plum</span> <span class='ocrx_word' id='word_1_117' title='bbox 276 1022 327 1064; x_wconf 91' lang='lat' dir='ltr'>sit</span> <span class='ocrx_word' id='word_1_118' title='bbox 355 1024 435 1064; x_wconf 86' lang='lat' dir='ltr'>hoc</span> <span class='ocrx_word' id='word_1_119' title='bbox 465 1022 725 1076; x_wconf 74' lang='lat' dir='ltr'>expositum:</span> <span class='ocrx_word' id='word_1_120' title='bbox 762 1024 806 1063; x_wconf 94' lang='lat' dir='ltr'>ln</span> <span class='ocrx_word' id='word_1_121' title='bbox 836 1021 984 1063; x_wconf 90' lang='lat' dir='ltr'>itinere</span> <span class='ocrx_word' id='word_1_122' title='bbox 1016 1024 1185 1077; x_wconf 90' lang='lat' dir='ltr'>quidam</span> <span class='ocrx_word' id='word_1_123' title='bbox 1216 1022 1553 1077; x_wconf 82' lang='lat' dir='ltr'>proficiscentem</span> <span class='ocrx_word' id='word_1_124' title='bbox 1583 1028 1634 1066; x_wconf 92' lang='lat' dir='ltr'>ad</span> <span class='ocrx_word' id='word_1_125' title='bbox 1665 1033 1892 1068; x_wconf 88' lang='lat' dir='ltr'>mercatum</span> 
     </span>
     <span class='ocr_line' id='line_1_14' title="bbox 132 1084 1892 1140; baseline 0.002 -14"><span class='ocrx_word' id='word_1_126' title='bbox 132 1084 338 1140; x_wconf 88' lang='lat' dir='ltr'>quendam</span> <span class='ocrx_word' id='word_1_127' title='bbox 369 1090 410 1125; x_wconf 90' lang='lat' dir='ltr'>et</span> <span class='ocrx_word' id='word_1_128' title='bbox 439 1098 579 1126; x_wconf 88' lang='lat' dir='ltr'>secum</span> <span class='ocrx_word' id='word_1_129' title='bbox 609 1085 861 1140; x_wconf 90' lang='lat' dir='ltr'>aliquantum</span> <span class='ocrx_word' id='word_1_130' title='bbox 892 1098 1114 1126; x_wconf 91' lang='lat' dir='ltr'>numorum</span> <span class='ocrx_word' id='word_1_131' title='bbox 1143 1084 1347 1126; x_wconf 85' lang='lat' dir='ltr'>serentem</span> <span class='ocrx_word' id='word_1_132' title='bbox 1378 1091 1440 1127; x_wconf 93' lang='lat' dir='ltr'>est</span> <span class='ocrx_word' id='word_1_133' title='bbox 1469 1093 1726 1129; x_wconf 88' lang='lat' dir='ltr'>consecutus.</span> <span class='ocrx_word' id='word_1_134' title='bbox 1788 1090 1892 1130; x_wconf 92' lang='lat' dir='ltr'>Cum</span> 
     </span>
     <span class='ocr_line' id='line_1_15' title="bbox 131 1145 1894 1201; baseline 0.002 -12"><span class='ocrx_word' id='word_1_135' title='bbox 131 1149 236 1196; x_wconf 90' lang='lat' dir='ltr'>hoc,</span> <span class='ocrx_word' id='word_1_136' title='bbox 269 1154 317 1188; x_wconf 94' lang='lat' dir='ltr'>ut</span> <span class='ocrx_word' id='word_1_137' title='bbox 346 1145 433 1188; x_wconf 92' lang='lat' dir='ltr'>sere</span> <span class='ocrx_word' id='word_1_138' title='bbox 464 1146 527 1192; x_wconf 79' lang='lat' dir='ltr'>sit,</span> <span class='ocrx_word' id='word_1_139' title='bbox 559 1147 601 1188; x_wconf 90' lang='lat' dir='ltr'>in</span> <span class='ocrx_word' id='word_1_140' title='bbox 630 1147 695 1188; x_wconf 64' lang='lat' dir='ltr'>via</span> <span class='ocrx_word' id='word_1_141' title='bbox 728 1159 962 1187; x_wconf 88' lang='lat' dir='ltr'>sermonem</span> <span class='ocrx_word' id='word_1_142' title='bbox 994 1146 1189 1196; x_wconf 91' lang='lat' dir='ltr'>contulit;</span> <span class='ocrx_word' id='word_1_143' title='bbox 1222 1160 1273 1187; x_wconf 81' lang='lat' dir='ltr'>ex</span> <span class='ocrx_word' id='word_1_144' title='bbox 1303 1161 1385 1201; x_wconf 89' lang='lat' dir='ltr'>quo</span> <span class='ocrx_word' id='word_1_145' title='bbox 1417 1146 1569 1190; x_wconf 88' lang='lat' dir='ltr'>sactum</span> <span class='ocrx_word' id='word_1_146' title='bbox 1600 1157 1681 1197; x_wconf 80' lang='lat' dir='ltr'>cst,</span> <span class='ocrx_word' id='word_1_147' title='bbox 1720 1157 1765 1191; x_wconf 90' lang='lat' dir='ltr'>ut</span> <span class='ocrx_word' id='word_1_148' title='bbox 1794 1151 1894 1192; x_wconf 90' lang='lat' dir='ltr'>illud</span> 
     </span>
     <span class='ocr_line' id='line_1_16' title="bbox 131 1208 1943 1260; baseline -0.001 -8"><span class='ocrx_word' id='word_1_149' title='bbox 131 1210 212 1252; x_wconf 90' lang='lat' dir='ltr'>iter</span> <span class='ocrx_word' id='word_1_150' title='bbox 240 1208 484 1251; x_wconf 84' lang='lat' dir='ltr'>familiarius</span> <span class='ocrx_word' id='word_1_151' title='bbox 515 1209 652 1250; x_wconf 82' lang='lat' dir='ltr'>facere</span> <span class='ocrx_word' id='word_1_152' title='bbox 684 1209 846 1251; x_wconf 84' lang='lat' dir='ltr'>vellent.</span> <span class='ocrx_word' id='word_1_153' title='bbox 907 1211 1047 1260; x_wconf 87' lang='lat' dir='ltr'>Quare</span> <span class='ocrx_word' id='word_1_154' title='bbox 1086 1222 1180 1250; x_wconf 89' lang='lat' dir='ltr'>cum</span> <span class='ocrx_word' id='word_1_155' title='bbox 1222 1211 1262 1249; x_wconf 92' lang='lat' dir='ltr'>in</span> <span class='ocrx_word' id='word_1_156' title='bbox 1306 1208 1476 1250; x_wconf 89' lang='lat' dir='ltr'>eandem</span> <span class='ocrx_word' id='word_1_157' title='bbox 1508 1209 1718 1253; x_wconf 88' lang='lat' dir='ltr'>tabernam</span> <span class='ocrx_word' id='word_1_158' title='bbox 1749 1212 1943 1254; x_wconf 76' lang='lat' dir='ltr'>‹lever-1⁵</span> 
     </span>
     <span class='ocr_line' id='line_1_17' title="bbox 131 1270 1892 1328; baseline 0.002 -14"><span class='ocrx_word' id='word_1_159' title='bbox 131 1273 303 1320; x_wconf 86' lang='lat' dir='ltr'>tissent,</span> <span class='ocrx_word' id='word_1_160' title='bbox 352 1271 472 1312; x_wconf 90' lang='lat' dir='ltr'>simul</span> <span class='ocrx_word' id='word_1_161' title='bbox 515 1285 691 1312; x_wconf 87' lang='lat' dir='ltr'>coenare</span> <span class='ocrx_word' id='word_1_162' title='bbox 736 1277 776 1312; x_wconf 88' lang='lat' dir='ltr'>ct</span> <span class='ocrx_word' id='word_1_163' title='bbox 812 1271 855 1313; x_wconf 89' lang='lat' dir='ltr'>in</span> <span class='ocrx_word' id='word_1_164' title='bbox 894 1271 1042 1313; x_wconf 89' lang='lat' dir='ltr'>eodem</span> <span class='ocrx_word' id='word_1_165' title='bbox 1081 1270 1175 1313; x_wconf 91' lang='lat' dir='ltr'>loco</span> <span class='ocrx_word' id='word_1_166' title='bbox 1225 1285 1414 1313; x_wconf 90' lang='lat' dir='ltr'>somnum</span> <span class='ocrx_word' id='word_1_167' title='bbox 1463 1286 1612 1328; x_wconf 86' lang='lat' dir='ltr'>capere</span> <span class='ocrx_word' id='word_1_168' title='bbox 1656 1274 1892 1317; x_wconf 82' lang='lat' dir='ltr'>voluerunt.</span> 
     </span>
     <span class='ocr_line' id='line_1_18' title="bbox 134 1332 1897 1391; baseline 0.002 -15"><span class='ocrx_word' id='word_1_169' title='bbox 134 1334 304 1377; x_wconf 91' lang='lat' dir='ltr'>Coenati</span> <span class='ocrx_word' id='word_1_170' title='bbox 351 1332 648 1375; x_wconf 85' lang='lat' dir='ltr'>discubuerunt</span> <span class='ocrx_word' id='word_1_171' title='bbox 684 1332 855 1374; x_wconf 88' lang='lat' dir='ltr'>ibidem.</span> <span class='ocrx_word' id='word_1_172' title='bbox 931 1336 1070 1388; x_wconf 90' lang='lat' dir='ltr'>Caupo</span> <span class='ocrx_word' id='word_1_173' title='bbox 1109 1339 1247 1374; x_wconf 87' lang='lat' dir='ltr'>autem</span> <span class='ocrx_word' id='word_1_174' title='bbox 1289 1332 1395 1387; x_wconf 83' lang='lat' dir='ltr'>(nam</span> <span class='ocrx_word' id='word_1_175' title='bbox 1436 1333 1492 1376; x_wconf 89' lang='lat' dir='ltr'>ita</span> <span class='ocrx_word' id='word_1_176' title='bbox 1532 1334 1682 1377; x_wconf 89' lang='lat' dir='ltr'>dicitur</span> <span class='ocrx_word' id='word_1_177' title='bbox 1712 1345 1805 1391; x_wconf 90' lang='lat' dir='ltr'>post</span> <span class='ocrx_word' id='word_1_178' title='bbox 1835 1337 1897 1379; x_wconf 94' lang='lat' dir='ltr'>in-</span> 
     </span>
     <span class='ocr_line' id='line_1_19' title="bbox 131 1395 1893 1451; baseline 0.001 -12"><span class='ocrx_word' id='word_1_179' title='bbox 131 1404 321 1445; x_wconf 79' lang='lat' dir='ltr'>ventum,</span> <span class='ocrx_word' id='word_1_180' title='bbox 371 1410 465 1438; x_wconf 87' lang='lat' dir='ltr'>cum</span> <span class='ocrx_word' id='word_1_181' title='bbox 505 1396 546 1437; x_wconf 91' lang='lat' dir='ltr'>in</span> <span class='ocrx_word' id='word_1_182' title='bbox 584 1395 666 1437; x_wconf 88' lang='lat' dir='ltr'>alio</span> <span class='ocrx_word' id='word_1_183' title='bbox 704 1395 907 1438; x_wconf 84' lang='lat' dir='ltr'>maleficio</span> <span class='ocrx_word' id='word_1_184' title='bbox 946 1395 1230 1451; x_wconf 91' lang='lat' dir='ltr'>deprehensus</span> <span class='ocrx_word' id='word_1_185' title='bbox 1273 1395 1392 1449; x_wconf 81' lang='lat' dir='ltr'>esset)</span> <span class='ocrx_word' id='word_1_186' title='bbox 1435 1410 1526 1438; x_wconf 89' lang='lat' dir='ltr'>cum</span> <span class='ocrx_word' id='word_1_187' title='bbox 1557 1397 1675 1439; x_wconf 93' lang='lat' dir='ltr'>illum</span> <span class='ocrx_word' id='word_1_188' title='bbox 1704 1398 1893 1449; x_wconf 87' lang='lat' dir='ltr'>alterum,</span> 
     </span>
     <span class='ocr_line' id='line_1_20' title="bbox 132 1457 1895 1515; baseline 0.001 -14"><span class='ocrx_word' id='word_1_189' title='bbox 132 1459 325 1502; x_wconf 85' lang='lat' dir='ltr'>videlicet</span> <span class='ocrx_word' id='word_1_190' title='bbox 363 1459 433 1515; x_wconf 95' lang='lat' dir='ltr'>qui</span> <span class='ocrx_word' id='word_1_191' title='bbox 472 1471 619 1499; x_wconf 88' lang='lat' dir='ltr'>numos</span> <span class='ocrx_word' id='word_1_192' title='bbox 659 1457 853 1505; x_wconf 89' lang='lat' dir='ltr'>haberet,</span> <span class='ocrx_word' id='word_1_193' title='bbox 885 1460 1068 1500; x_wconf 91' lang='lat' dir='ltr'>animum</span> <span class='ocrx_word' id='word_1_194' title='bbox 1099 1459 1363 1506; x_wconf 78' lang='lat' dir='ltr'>advertisset,</span> <span class='ocrx_word' id='word_1_195' title='bbox 1396 1466 1519 1501; x_wconf 91' lang='lat' dir='ltr'>noctu</span> <span class='ocrx_word' id='word_1_196' title='bbox 1548 1466 1765 1515; x_wconf 88' lang='lat' dir='ltr'>postquam</span> <span class='ocrx_word' id='word_1_197' title='bbox 1803 1461 1895 1503; x_wconf 91' lang='lat' dir='ltr'>illos</span> 
     </span>
     <span class='ocr_line' id='line_1_21' title="bbox 132 1519 1945 1569; baseline 0.002 -6"><span class='ocrx_word' id='word_1_198' title='bbox 132 1523 259 1564; x_wconf 86' lang='lat' dir='ltr'>artius</span> <span class='ocrx_word' id='word_1_199' title='bbox 297 1521 404 1569; x_wconf 91' lang='lat' dir='ltr'>iam,</span> <span class='ocrx_word' id='word_1_200' title='bbox 452 1527 497 1561; x_wconf 94' lang='lat' dir='ltr'>ut</span> <span class='ocrx_word' id='word_1_201' title='bbox 534 1519 602 1568; x_wconf 90' lang='lat' dir='ltr'>fit,</span> <span class='ocrx_word' id='word_1_202' title='bbox 653 1533 705 1560; x_wconf 77' lang='lat' dir='ltr'>ex</span> <span class='ocrx_word' id='word_1_203' title='bbox 742 1519 983 1562; x_wconf 84' lang='lat' dir='ltr'>lassitudine</span> <span class='ocrx_word' id='word_1_204' title='bbox 1024 1520 1210 1562; x_wconf 89' lang='lat' dir='ltr'>dormire</span> <span class='ocrx_word' id='word_1_205' title='bbox 1249 1520 1401 1568; x_wconf 83' lang='lat' dir='ltr'>sensit,</span> <span class='ocrx_word' id='word_1_206' title='bbox 1448 1522 1619 1564; x_wconf 89' lang='lat' dir='ltr'>accessit</span> <span class='ocrx_word' id='word_1_207' title='bbox 1658 1529 1699 1564; x_wconf 88' lang='lat' dir='ltr'>et</span> <span class='ocrx_word' id='word_1_208' title='bbox 1728 1524 1895 1566; x_wconf 91' lang='lat' dir='ltr'>alterius</span> <span class='ocrx_word' id='word_1_209' title='bbox 1910 1541 1945 1566; x_wconf 87' lang='lat'>20</span> 
     </span>
     <span class='ocr_line' id='line_1_22' title="bbox 134 1582 1898 1639; baseline 0.001 -13"><span class='ocrx_word' id='word_1_210' title='bbox 134 1599 301 1633; x_wconf 84' lang='lat' dir='ltr'>eorum,</span> <span class='ocrx_word' id='word_1_211' title='bbox 334 1584 404 1639; x_wconf 90' lang='lat' dir='ltr'>qui</span> <span class='ocrx_word' id='word_1_212' title='bbox 436 1585 523 1625; x_wconf 89' lang='lat' dir='ltr'>sine</span> <span class='ocrx_word' id='word_1_213' title='bbox 552 1582 687 1624; x_wconf 91' lang='lat' dir='ltr'>numis</span> <span class='ocrx_word' id='word_1_214' title='bbox 719 1589 828 1631; x_wconf 88' lang='lat' dir='ltr'>erat,</span> <span class='ocrx_word' id='word_1_215' title='bbox 859 1583 1039 1638; x_wconf 87' lang='lat' dir='ltr'>gladium</span> <span class='ocrx_word' id='word_1_216' title='bbox 1072 1588 1244 1638; x_wconf 88' lang='lat' dir='ltr'>propter</span> <span class='ocrx_word' id='word_1_217' title='bbox 1275 1583 1510 1638; x_wconf 89' lang='lat' dir='ltr'>appositum</span> <span class='ocrx_word' id='word_1_218' title='bbox 1541 1598 1563 1626; x_wconf 92' lang='lat' dir='ltr'>e</span> <span class='ocrx_word' id='word_1_219' title='bbox 1586 1584 1734 1639; x_wconf 85' lang='lat' dir='ltr'>vagina</span> <span class='ocrx_word' id='word_1_220' title='bbox 1756 1585 1898 1628; x_wconf 73' lang='lat' dir='ltr'>eduxit</span> 
     </span>
     <span class='ocr_line' id='line_1_23' title="bbox 133 1645 1896 1703; baseline 0.001 -14"><span class='ocrx_word' id='word_1_221' title='bbox 133 1654 174 1689; x_wconf 90' lang='lat' dir='ltr'>et</span> <span class='ocrx_word' id='word_1_222' title='bbox 202 1648 316 1688; x_wconf 89' lang='lat' dir='ltr'>illum</span> <span class='ocrx_word' id='word_1_223' title='bbox 348 1646 524 1687; x_wconf 90' lang='lat' dir='ltr'>alterum</span> <span class='ocrx_word' id='word_1_224' title='bbox 555 1645 732 1693; x_wconf 87' lang='lat' dir='ltr'>occidit,</span> <span class='ocrx_word' id='word_1_225' title='bbox 763 1659 910 1686; x_wconf 89' lang='lat' dir='ltr'>numos</span> <span class='ocrx_word' id='word_1_226' title='bbox 941 1645 1130 1693; x_wconf 90' lang='lat' dir='ltr'>abstulit,</span> <span class='ocrx_word' id='word_1_227' title='bbox 1163 1645 1344 1699; x_wconf 89' lang='lat' dir='ltr'>gladium</span> <span class='ocrx_word' id='word_1_228' title='bbox 1366 1652 1622 1688; x_wconf 89' lang='lat' dir='ltr'>cruentatum</span> <span class='ocrx_word' id='word_1_229' title='bbox 1641 1647 1685 1689; x_wconf 89' lang='lat' dir='ltr'>in</span> <span class='ocrx_word' id='word_1_230' title='bbox 1706 1648 1896 1703; x_wconf 81' lang='lat' dir='ltr'>vaginam</span> 
     </span>
     <span class='ocr_line' id='line_1_24' title="bbox 133 1707 1897 1766; baseline 0.002 -15"><span class='ocrx_word' id='word_1_231' title='bbox 133 1708 394 1757; x_wconf 87' lang='lat' dir='ltr'>recondidit,</span> <span class='ocrx_word' id='word_1_232' title='bbox 438 1708 526 1763; x_wconf 90' lang='lat' dir='ltr'>ipse</span> <span class='ocrx_word' id='word_1_233' title='bbox 556 1722 601 1748; x_wconf 88' lang='lat' dir='ltr'>se</span> <span class='ocrx_word' id='word_1_234' title='bbox 631 1707 674 1748; x_wconf 90' lang='lat' dir='ltr'>in</span> <span class='ocrx_word' id='word_1_235' title='bbox 705 1721 824 1749; x_wconf 91' lang='lat' dir='ltr'>suum</span> <span class='ocrx_word' id='word_1_236' title='bbox 854 1707 1049 1749; x_wconf 91' lang='lat' dir='ltr'>lectulum</span> <span class='ocrx_word' id='word_1_237' title='bbox 1079 1709 1251 1763; x_wconf 87' lang='lat' dir='ltr'>recepit.</span> <span class='ocrx_word' id='word_1_238' title='bbox 1308 1708 1380 1750; x_wconf 88' lang='lat' dir='ltr'>Ille</span> <span class='ocrx_word' id='word_1_239' title='bbox 1410 1715 1573 1758; x_wconf 89' lang='lat' dir='ltr'>autem,</span> <span class='ocrx_word' id='word_1_240' title='bbox 1614 1710 1730 1752; x_wconf 89' lang='lat' dir='ltr'>cuius</span> <span class='ocrx_word' id='word_1_241' title='bbox 1760 1711 1897 1766; x_wconf 87' lang='lat' dir='ltr'>gladio</span> 
     </span>
     <span class='ocr_line' id='line_1_25' title="bbox 135 1770 1898 1819; baseline 0.002 -7"><span class='ocrx_word' id='word_1_242' title='bbox 135 1771 290 1813; x_wconf 90' lang='lat' dir='ltr'>occisio</span> <span class='ocrx_word' id='word_1_243' title='bbox 322 1776 410 1812; x_wconf 90' lang='lat' dir='ltr'>erat</span> <span class='ocrx_word' id='word_1_244' title='bbox 439 1770 570 1818; x_wconf 84' lang='lat' dir='ltr'>sacta,</span> <span class='ocrx_word' id='word_1_245' title='bbox 612 1770 742 1811; x_wconf 91' lang='lat' dir='ltr'>multo</span> <span class='ocrx_word' id='word_1_246' title='bbox 781 1777 875 1812; x_wconf 91' lang='lat' dir='ltr'>ante</span> <span class='ocrx_word' id='word_1_247' title='bbox 905 1770 1038 1811; x_wconf 79' lang='lat' dir='ltr'>lucem</span> <span class='ocrx_word' id='word_1_248' title='bbox 1068 1770 1272 1819; x_wconf 82' lang='lat' dir='ltr'>surrexit,</span> <span class='ocrx_word' id='word_1_249' title='bbox 1317 1774 1510 1812; x_wconf 87' lang='lat' dir='ltr'>comitem</span> <span class='ocrx_word' id='word_1_250' title='bbox 1540 1772 1655 1814; x_wconf 91' lang='lat' dir='ltr'>illum</span> <span class='ocrx_word' id='word_1_251' title='bbox 1686 1787 1806 1816; x_wconf 91' lang='lat' dir='ltr'>suum</span> <span class='ocrx_word' id='word_1_252' title='bbox 1835 1775 1898 1816; x_wconf 92' lang='lat' dir='ltr'>in-</span> 
     </span>
     <span class='ocr_line' id='line_1_26' title="bbox 133 1832 1946 1889; baseline 0.001 -15"><span class='ocrx_word' id='word_1_253' title='bbox 133 1832 324 1875; x_wconf 79' lang='lat' dir='ltr'>clamavit</span> <span class='ocrx_word' id='word_1_254' title='bbox 353 1832 481 1874; x_wconf 89' lang='lat' dir='ltr'>semel</span> <span class='ocrx_word' id='word_1_255' title='bbox 512 1839 552 1874; x_wconf 90' lang='lat' dir='ltr'>et</span> <span class='ocrx_word' id='word_1_256' title='bbox 581 1834 759 1887; x_wconf 89' lang='lat' dir='ltr'>saepius.</span> <span class='ocrx_word' id='word_1_257' title='bbox 824 1836 889 1874; x_wconf 81' lang='lat'>15.</span> <span class='ocrx_word' id='word_1_258' title='bbox 931 1833 1049 1874; x_wconf 90' lang='lat' dir='ltr'>Illum</span> <span class='ocrx_word' id='word_1_259' title='bbox 1080 1846 1226 1874; x_wconf 86' lang='lat' dir='ltr'>somno</span> <span class='ocrx_word' id='word_1_260' title='bbox 1256 1834 1499 1888; x_wconf 88' lang='lat' dir='ltr'>impeditum</span> <span class='ocrx_word' id='word_1_261' title='bbox 1530 1847 1613 1876; x_wconf 88' lang='lat' dir='ltr'>non</span> <span class='ocrx_word' id='word_1_262' title='bbox 1643 1835 1895 1889; x_wconf 89' lang='lat' dir='ltr'>respondere</span> <span class='ocrx_word' id='word_1_263' title='bbox 1911 1851 1946 1876; x_wconf 82' lang='lat'>25</span> 
     </span>
     <span class='ocr_line' id='line_1_27' title="bbox 134 1894 1896 1951; baseline 0.002 -14"><span class='ocrx_word' id='word_1_264' title='bbox 134 1894 406 1944; x_wconf 77' lang='lat' dir='ltr'>existimavit3</span> <span class='ocrx_word' id='word_1_265' title='bbox 437 1894 526 1950; x_wconf 90' lang='lat' dir='ltr'>ipse</span> <span class='ocrx_word' id='word_1_266' title='bbox 557 1894 739 1948; x_wconf 86' lang='lat' dir='ltr'>gladium</span> <span class='ocrx_word' id='word_1_267' title='bbox 771 1903 811 1937; x_wconf 90' lang='lat' dir='ltr'>et</span> <span class='ocrx_word' id='word_1_268' title='bbox 840 1901 997 1943; x_wconf 88' lang='lat' dir='ltr'>cetera,</span> <span class='ocrx_word' id='word_1_269' title='bbox 1030 1909 1137 1951; x_wconf 90' lang='lat' dir='ltr'>quae</span> <span class='ocrx_word' id='word_1_270' title='bbox 1160 1908 1298 1936; x_wconf 89' lang='lat' dir='ltr'>secum</span> <span class='ocrx_word' id='word_1_271' title='bbox 1320 1895 1534 1945; x_wconf 90' lang='lat' dir='ltr'>attulerat,</span> <span class='ocrx_word' id='word_1_272' title='bbox 1568 1896 1752 1945; x_wconf 84' lang='lat' dir='ltr'>sustulit,</span> <span class='ocrx_word' id='word_1_273' title='bbox 1784 1898 1896 1940; x_wconf 85' lang='lat' dir='ltr'>solus</span> 
     </span>
     <span class='ocr_line' id='line_1_28' title="bbox 133 1956 1896 2014; baseline 0.002 -14"><span class='ocrx_word' id='word_1_274' title='bbox 133 1956 344 2014; x_wconf 85' lang='lat' dir='ltr'>profectus</span> <span class='ocrx_word' id='word_1_275' title='bbox 375 1962 450 1998; x_wconf 87' lang='lat' dir='ltr'>est.</span> <span class='ocrx_word' id='word_1_276' title='bbox 521 1959 661 2012; x_wconf 86' lang='lat' dir='ltr'>Caupo</span> <span class='ocrx_word' id='word_1_277' title='bbox 692 1971 776 1999; x_wconf 87' lang='lat' dir='ltr'>non</span> <span class='ocrx_word' id='word_1_278' title='bbox 805 1958 935 2000; x_wconf 91' lang='lat' dir='ltr'>multo</span> <span class='ocrx_word' id='word_1_279' title='bbox 966 1965 1061 2011; x_wconf 89' lang='lat' dir='ltr'>post</span> <span class='ocrx_word' id='word_1_280' title='bbox 1091 1958 1322 1999; x_wconf 80' lang='lat' dir='ltr'>conclamat</span> <span class='ocrx_word' id='word_1_281' title='bbox 1349 1960 1562 2001; x_wconf 90' lang='lat' dir='ltr'>hominem</span> <span class='ocrx_word' id='word_1_282' title='bbox 1593 1973 1683 2002; x_wconf 89' lang='lat' dir='ltr'>esse</span> <span class='ocrx_word' id='word_1_283' title='bbox 1715 1962 1896 2004; x_wconf 84' lang='lat' dir='ltr'>occisum</span> 
     </span>
     <span class='ocr_line' id='line_1_29' title="bbox 135 2019 1894 2078; baseline 0.001 -15"><span class='ocrx_word' id='word_1_284' title='bbox 135 2027 176 2063; x_wconf 84' lang='lat' dir='ltr'>et</span> <span class='ocrx_word' id='word_1_285' title='bbox 214 2034 308 2061; x_wconf 88' lang='lat' dir='ltr'>cum</span> <span class='ocrx_word' id='word_1_286' title='bbox 345 2021 594 2074; x_wconf 89' lang='lat' dir='ltr'>quibusdam</span> <span class='ocrx_word' id='word_1_287' title='bbox 633 2019 928 2062; x_wconf 87' lang='lat' dir='ltr'>deversoribus</span> <span class='ocrx_word' id='word_1_288' title='bbox 966 2020 1104 2068; x_wconf 89' lang='lat' dir='ltr'>illum,</span> <span class='ocrx_word' id='word_1_289' title='bbox 1152 2021 1223 2075; x_wconf 89' lang='lat' dir='ltr'>qui</span> <span class='ocrx_word' id='word_1_290' title='bbox 1262 2028 1354 2062; x_wconf 91' lang='lat' dir='ltr'>ante</span> <span class='ocrx_word' id='word_1_291' title='bbox 1384 2021 1568 2070; x_wconf 77' lang='lat' dir='ltr'>exierat,</span> <span class='ocrx_word' id='word_1_292' title='bbox 1615 2024 1894 2078; x_wconf 85' lang='lat' dir='ltr'>consequitur.</span> 
     </span>
     <span class='ocr_line' id='line_1_30' title="bbox 134 2082 1899 2141; baseline 0.002 -17"><span class='ocrx_word' id='word_1_293' title='bbox 134 2085 183 2124; x_wconf 91' lang='lat' dir='ltr'>In</span> <span class='ocrx_word' id='word_1_294' title='bbox 211 2083 359 2124; x_wconf 87' lang='lat' dir='ltr'>itinere</span> <span class='ocrx_word' id='word_1_295' title='bbox 388 2082 600 2124; x_wconf 89' lang='lat' dir='ltr'>hominem</span> <span class='ocrx_word' id='word_1_296' title='bbox 629 2082 964 2138; x_wconf 87' lang='lat' dir='ltr'>comprehendit,</span> <span class='ocrx_word' id='word_1_297' title='bbox 996 2082 1178 2137; x_wconf 85' lang='lat' dir='ltr'>gladium</span> <span class='ocrx_word' id='word_1_298' title='bbox 1209 2085 1296 2125; x_wconf 90' lang='lat' dir='ltr'>eius</span> <span class='ocrx_word' id='word_1_299' title='bbox 1327 2097 1349 2125; x_wconf 92' lang='lat' dir='ltr'>e</span> <span class='ocrx_word' id='word_1_300' title='bbox 1379 2084 1527 2138; x_wconf 82' lang='lat' dir='ltr'>vagina</span> <span class='ocrx_word' id='word_1_301' title='bbox 1549 2085 1710 2134; x_wconf 87' lang='lat' dir='ltr'>educit,</span> <span class='ocrx_word' id='word_1_302' title='bbox 1743 2086 1899 2141; x_wconf 88' lang='lat' dir='ltr'>reperit</span> 
     </span>
     <span class='ocr_line' id='line_1_31' title="bbox 135 2144 1946 2195; baseline 0.001 -8"><span class='ocrx_word' id='word_1_303' title='bbox 135 2150 418 2195; x_wconf 83' lang='lat' dir='ltr'>cruentatum3</span> <span class='ocrx_word' id='word_1_304' title='bbox 451 2146 579 2187; x_wconf 92' lang='lat' dir='ltr'>homo</span> <span class='ocrx_word' id='word_1_305' title='bbox 599 2144 643 2186; x_wconf 93' lang='lat' dir='ltr'>in</span> <span class='ocrx_word' id='word_1_306' title='bbox 661 2144 809 2187; x_wconf 88' lang='lat' dir='ltr'>urbem</span> <span class='ocrx_word' id='word_1_307' title='bbox 830 2144 880 2186; x_wconf 91' lang='lat' dir='ltr'>ab</span> <span class='ocrx_word' id='word_1_308' title='bbox 900 2145 980 2187; x_wconf 91' lang='lat' dir='ltr'>illis</span> <span class='ocrx_word' id='word_1_309' title='bbox 1002 2144 1220 2187; x_wconf 90' lang='lat' dir='ltr'>deducitur</span> <span class='ocrx_word' id='word_1_310' title='bbox 1239 2160 1286 2188; x_wconf 90' lang='lat' dir='ltr'>ac</span> <span class='ocrx_word' id='word_1_311' title='bbox 1305 2160 1399 2188; x_wconf 89' lang='lat' dir='ltr'>reus</span> <span class='ocrx_word' id='word_1_312' title='bbox 1430 2146 1486 2189; x_wconf 86' lang='lat' dir='ltr'>fit.</span> <span class='ocrx_word' id='word_1_313' title='bbox 1544 2149 1591 2188; x_wconf 93' lang='lat' dir='ltr'>In</span> <span class='ocrx_word' id='word_1_314' title='bbox 1620 2147 1696 2190; x_wconf 84' lang='lat' dir='ltr'>hac</span> <span class='ocrx_word' id='word_1_315' title='bbox 1724 2148 1897 2190; x_wconf 89' lang='lat' dir='ltr'>intentio</span> <span class='ocrx_word' id='word_1_316' title='bbox 1911 2163 1946 2189; x_wconf 82' lang='grc' dir='ltr'>3ο</span> 
     </span>
     <span class='ocr_line' id='line_1_32' title="bbox 136 2206 1899 2263; baseline 0.002 -15"><span class='ocrx_word' id='word_1_317' title='bbox 136 2213 198 2249; x_wconf 88' lang='lat' dir='ltr'>est</span> <span class='ocrx_word' id='word_1_318' title='bbox 229 2206 438 2254; x_wconf 88' lang='lat' dir='ltr'>criminis,</span> <span class='ocrx_word' id='word_1_319' title='bbox 472 2207 683 2249; x_wconf 86' lang='lat' dir='ltr'>Occidisti.</span> <span class='ocrx_word' id='word_1_320' title='bbox 734 2207 956 2263; x_wconf 89' lang='lat' dir='ltr'>Depulsio,</span> <span class='ocrx_word' id='word_1_321' title='bbox 987 2210 1078 2249; x_wconf 74' lang='lat' dir='ltr'>Non</span> <span class='ocrx_word' id='word_1_322' title='bbox 1110 2208 1257 2250; x_wconf 89' lang='lat' dir='ltr'>occidi.</span> <span class='ocrx_word' id='word_1_323' title='bbox 1319 2212 1380 2250; x_wconf 83' lang='lat' dir='ltr'>Ex</span> <span class='ocrx_word' id='word_1_324' title='bbox 1410 2208 1558 2263; x_wconf 91' lang='lat' dir='ltr'>quibus</span> <span class='ocrx_word' id='word_1_325' title='bbox 1579 2210 1816 2252; x_wconf 88' lang='lat' dir='ltr'>constitutio</span> <span class='ocrx_word' id='word_1_326' title='bbox 1838 2217 1899 2252; x_wconf 90' lang='lat' dir='ltr'>est</span> 
     </span>
     <span class='ocr_line' id='line_1_33' title="bbox 139 2268 1826 2325; baseline 0.002 -15"><span class='ocrx_word' id='word_1_327' title='bbox 139 2268 196 2324; x_wconf 91' lang='lat' dir='ltr'>[id</span> <span class='ocrx_word' id='word_1_328' title='bbox 225 2276 312 2318; x_wconf 91' lang='lat' dir='ltr'>est,</span> <span class='ocrx_word' id='word_1_329' title='bbox 344 2269 546 2324; x_wconf 89' lang='lat' dir='ltr'>quaestio]</span> <span class='ocrx_word' id='word_1_330' title='bbox 581 2269 723 2311; x_wconf 87' lang='lat' dir='ltr'>eadem</span> <span class='ocrx_word' id='word_1_331' title='bbox 753 2270 796 2312; x_wconf 94' lang='lat' dir='ltr'>in</span> <span class='ocrx_word' id='word_1_332' title='bbox 827 2270 1117 2318; x_wconf 86' lang='lat' dir='ltr'>coniecturali,</span> <span class='ocrx_word' id='word_1_333' title='bbox 1149 2285 1255 2325; x_wconf 88' lang='lat' dir='ltr'>quae</span> <span class='ocrx_word' id='word_1_334' title='bbox 1285 2271 1507 2321; x_wconf 84' lang='lat' dir='ltr'>iudicatio,</span> <span class='ocrx_word' id='word_1_335' title='bbox 1540 2271 1826 2314; x_wconf 76' lang='lat' dir='ltr'>Occideritne?</span> 
     </span>
    </p>

    <p class='ocr_par' dir='ltr' id='par_1_4' title="bbox 135 2332 1943 2764">
     <span class='ocr_line' id='line_1_34' title="bbox 248 2332 1896 2389; baseline 0.002 -16"><span class='ocrx_word' id='word_1_336' title='bbox 248 2332 296 2374; x_wconf 85' lang='lat' dir='ltr'>V.</span> <span class='ocrx_word' id='word_1_337' title='bbox 329 2334 394 2373; x_wconf 90' lang='lat'>16.</span> <span class='ocrx_word' id='word_1_338' title='bbox 432 2334 550 2374; x_wconf 81' lang='lat' dir='ltr'>Nunc</span> <span class='ocrx_word' id='word_1_339' title='bbox 580 2346 835 2388; x_wconf 81' lang='lat' dir='ltr'>exponemus</span> <span class='ocrx_word' id='word_1_340' title='bbox 864 2332 1001 2383; x_wconf 87' lang='lat' dir='ltr'>locos,</span> <span class='ocrx_word' id='word_1_341' title='bbox 1035 2347 1213 2388; x_wconf 90' lang='lat' dir='ltr'>quorum</span> <span class='ocrx_word' id='word_1_342' title='bbox 1242 2347 1338 2389; x_wconf 89' lang='lat' dir='ltr'>pars</span> <span class='ocrx_word' id='word_1_343' title='bbox 1368 2334 1504 2388; x_wconf 91' lang='lat' dir='ltr'>aliqua</span> <span class='ocrx_word' id='word_1_344' title='bbox 1533 2335 1574 2375; x_wconf 91' lang='lat' dir='ltr'>in</span> <span class='ocrx_word' id='word_1_345' title='bbox 1605 2347 1768 2376; x_wconf 90' lang='lat' dir='ltr'>omnem</span> <span class='ocrx_word' id='word_1_346' title='bbox 1800 2348 1896 2376; x_wconf 89' lang='lat' dir='ltr'>con-</span> 
     </span>
     <span class='ocr_line' id='line_1_35' title="bbox 135 2393 1893 2439; baseline 0.001 -3"><span class='ocrx_word' id='word_1_347' title='bbox 135 2394 375 2436; x_wconf 87' lang='lat' dir='ltr'>iecturalem</span> <span class='ocrx_word' id='word_1_348' title='bbox 419 2393 564 2436; x_wconf 87' lang='lat' dir='ltr'>incidit</span> <span class='ocrx_word' id='word_1_349' title='bbox 607 2396 948 2437; x_wconf 90' lang='lat' dir='ltr'>controversiam.</span> <span class='ocrx_word' id='word_1_350' title='bbox 1026 2397 1117 2437; x_wconf 90' lang='lat' dir='ltr'>Hoc</span> <span class='ocrx_word' id='word_1_351' title='bbox 1159 2401 1297 2437; x_wconf 88' lang='lat' dir='ltr'>autem</span> <span class='ocrx_word' id='word_1_352' title='bbox 1342 2402 1383 2438; x_wconf 88' lang='lat' dir='ltr'>et</span> <span class='ocrx_word' id='word_1_353' title='bbox 1426 2396 1470 2438; x_wconf 91' lang='lat' dir='ltr'>in</span> <span class='ocrx_word' id='word_1_354' title='bbox 1513 2398 1662 2439; x_wconf 89' lang='lat' dir='ltr'>horum</span> <span class='ocrx_word' id='word_1_355' title='bbox 1707 2397 1893 2438; x_wconf 90' lang='lat' dir='ltr'>locorum</span> 
     </span>
     <span class='ocr_line' id='line_1_36' title="bbox 137 2456 1943 2514; baseline 0.001 -14"><span class='ocrx_word' id='word_1_356' title='bbox 137 2457 401 2512; x_wconf 82' lang='lat' dir='ltr'>expositione</span> <span class='ocrx_word' id='word_1_357' title='bbox 441 2462 482 2499; x_wconf 89' lang='lat' dir='ltr'>et</span> <span class='ocrx_word' id='word_1_358' title='bbox 510 2457 552 2499; x_wconf 90' lang='lat' dir='ltr'>in</span> <span class='ocrx_word' id='word_1_359' title='bbox 582 2464 819 2500; x_wconf 88' lang='lat' dir='ltr'>ceterorum</span> <span class='ocrx_word' id='word_1_360' title='bbox 849 2456 1058 2514; x_wconf 87' lang='lat' dir='ltr'>oportebit</span> <span class='ocrx_word' id='word_1_361' title='bbox 1087 2457 1328 2507; x_wconf 88' lang='lat' dir='ltr'>attendere,</span> <span class='ocrx_word' id='word_1_362' title='bbox 1372 2472 1456 2500; x_wconf 91' lang='lat' dir='ltr'>non</span> <span class='ocrx_word' id='word_1_363' title='bbox 1485 2472 1630 2500; x_wconf 91' lang='lat' dir='ltr'>omnes</span> <span class='ocrx_word' id='word_1_364' title='bbox 1659 2459 1702 2500; x_wconf 91' lang='lat' dir='ltr'>in</span> <span class='ocrx_word' id='word_1_365' title='bbox 1731 2473 1892 2501; x_wconf 80' lang='lat' dir='ltr'>omnem</span> <span class='ocrx_word' id='word_1_366' title='bbox 1907 2476 1943 2503; x_wconf 77' lang='lat'>35</span> 
     </span>
     <span class='ocr_line' id='line_1_37' title="bbox 138 2519 1893 2574; baseline 0 -13"><span class='ocrx_word' id='word_1_367' title='bbox 138 2533 303 2561; x_wconf 89' lang='lat' dir='ltr'>causam</span> <span class='ocrx_word' id='word_1_368' title='bbox 333 2519 572 2562; x_wconf 83' lang='lat' dir='ltr'>convenire.</span> <span class='ocrx_word' id='word_1_369' title='bbox 633 2522 684 2562; x_wconf 92' lang='lat' dir='ltr'>Ut</span> <span class='ocrx_word' id='word_1_370' title='bbox 712 2521 822 2561; x_wconf 89' lang='lat' dir='ltr'>enim</span> <span class='ocrx_word' id='word_1_371' title='bbox 852 2534 975 2562; x_wconf 90' lang='lat' dir='ltr'>omne</span> <span class='ocrx_word' id='word_1_372' title='bbox 1005 2535 1156 2562; x_wconf 89' lang='lat' dir='ltr'>nomen</span> <span class='ocrx_word' id='word_1_373' title='bbox 1186 2534 1240 2562; x_wconf 79' lang='lat' dir='ltr'>ex</span> <span class='ocrx_word' id='word_1_374' title='bbox 1270 2521 1497 2574; x_wconf 88' lang='lat' dir='ltr'>aliquibus,</span> <span class='ocrx_word' id='word_1_375' title='bbox 1528 2535 1612 2562; x_wconf 90' lang='lat' dir='ltr'>non</span> <span class='ocrx_word' id='word_1_376' title='bbox 1633 2535 1683 2562; x_wconf 86' lang='lat' dir='ltr'>ex</span> <span class='ocrx_word' id='word_1_377' title='bbox 1705 2521 1893 2562; x_wconf 90' lang='lat' dir='ltr'>omnibus</span> 
     </span>
     <span class='ocr_line' id='line_1_38' title="bbox 136 2581 1892 2638; baseline -0.001 -14"><span class='ocrx_word' id='word_1_378' title='bbox 136 2581 282 2624; x_wconf 87' lang='lat' dir='ltr'>litteris</span> <span class='ocrx_word' id='word_1_379' title='bbox 311 2581 529 2631; x_wconf 87' lang='lat' dir='ltr'>scribitur,</span> <span class='ocrx_word' id='word_1_380' title='bbox 560 2581 620 2624; x_wconf 88' lang='lat' dir='ltr'>sic</span> <span class='ocrx_word' id='word_1_381' title='bbox 649 2595 817 2624; x_wconf 89' lang='lat' dir='ltr'>omnem</span> <span class='ocrx_word' id='word_1_382' title='bbox 847 2583 890 2624; x_wconf 93' lang='lat' dir='ltr'>in</span> <span class='ocrx_word' id='word_1_383' title='bbox 920 2596 1085 2625; x_wconf 86' lang='lat' dir='ltr'>causam</span> <span class='ocrx_word' id='word_1_384' title='bbox 1116 2597 1198 2624; x_wconf 91' lang='lat' dir='ltr'>non</span> <span class='ocrx_word' id='word_1_385' title='bbox 1228 2583 1363 2625; x_wconf 91' lang='lat' dir='ltr'>omnis</span> <span class='ocrx_word' id='word_1_386' title='bbox 1394 2589 1731 2638; x_wconf 86' lang='lat' dir='ltr'>argumentorum</span> <span class='ocrx_word' id='word_1_387' title='bbox 1761 2583 1892 2638; x_wconf 89' lang='lat' dir='ltr'>copia,</span> 
     </span>
     <span class='ocr_line' id='line_1_39' title="bbox 138 2643 1893 2701; baseline 0.001 -16"><span class='ocrx_word' id='word_1_388' title='bbox 138 2643 211 2686; x_wconf 86' lang='lat' dir='ltr'>sed</span> <span class='ocrx_word' id='word_1_389' title='bbox 241 2657 386 2686; x_wconf 90' lang='lat' dir='ltr'>eorum</span> <span class='ocrx_word' id='word_1_390' title='bbox 416 2645 653 2686; x_wconf 89' lang='lat' dir='ltr'>necessario</span> <span class='ocrx_word' id='word_1_391' title='bbox 683 2657 779 2700; x_wconf 87' lang='lat' dir='ltr'>pars</span> <span class='ocrx_word' id='word_1_392' title='bbox 809 2644 944 2701; x_wconf 88' lang='lat' dir='ltr'>aliqua</span> <span class='ocrx_word' id='word_1_393' title='bbox 973 2645 1203 2687; x_wconf 87' lang='lat' dir='ltr'>conveniet.</span> <span class='ocrx_word' id='word_1_394' title='bbox 1263 2646 1405 2688; x_wconf 88' lang='lat' dir='ltr'>Omnis</span> <span class='ocrx_word' id='word_1_395' title='bbox 1434 2646 1562 2701; x_wconf 87' lang='lat' dir='ltr'>igitur</span> <span class='ocrx_word' id='word_1_396' title='bbox 1591 2659 1642 2687; x_wconf 81' lang='lat' dir='ltr'>ex</span> <span class='ocrx_word' id='word_1_397' title='bbox 1671 2659 1809 2693; x_wconf 89' lang='lat' dir='ltr'>causa,</span> <span class='ocrx_word' id='word_1_398' title='bbox 1842 2658 1893 2686; x_wconf 86' lang='lat' dir='ltr'>ex</span> 
     </span>
     <span class='ocr_line' id='line_1_40' title="bbox 139 2706 1278 2764; baseline 0.002 -16"><span class='ocrx_word' id='word_1_399' title='bbox 139 2720 336 2761; x_wconf 85' lang='lat' dir='ltr'>persona,</span> <span class='ocrx_word' id='word_1_400' title='bbox 369 2721 422 2749; x_wconf 86' lang='lat' dir='ltr'>ex</span> <span class='ocrx_word' id='word_1_401' title='bbox 451 2706 558 2749; x_wconf 86' lang='lat' dir='ltr'>sacto</span> <span class='ocrx_word' id='word_1_402' title='bbox 588 2707 680 2763; x_wconf 91' lang='lat' dir='ltr'>ipso</span> <span class='ocrx_word' id='word_1_403' title='bbox 709 2706 946 2750; x_wconf 89' lang='lat' dir='ltr'>coniectura</span> <span class='ocrx_word' id='word_1_404' title='bbox 974 2707 1174 2764; x_wconf 89' lang='lat' dir='ltr'>capienda</span> <span class='ocrx_word' id='word_1_405' title='bbox 1203 2714 1278 2750; x_wconf 89' lang='lat' dir='ltr'>est.</span> 
     </span>
    </p>
   </div>
   <div class='ocr_carea' id='block_1_3' title="bbox 141 2843 1896 3355">
    <p class='ocr_par' dir='ltr' id='par_1_5' title="bbox 141 2843 1896 3355">
     <span class='ocr_line' id='line_1_41' title="bbox 232 2843 1891 2887; baseline -0.001 -9"><span class='ocrx_word' id='word_1_406' title='bbox 232 2845 290 2879; x_wconf 83' lang='lat'>11.</span> <span class='ocrx_word' id='word_1_407' title='bbox 316 2844 364 2879; x_wconf 77' lang='lat' dir='ltr'>ad</span> <span class='ocrx_word' id='word_1_408' title='bbox 388 2847 656 2880; x_wconf 78' lang='lat' dir='ltr'>coniecturalem</span> <span class='ocrx_word' id='word_1_409' title='bbox 692 2848 977 2879; x_wconf 79' lang='lat' dir='ltr'>constitutionem</span> <span class='ocrx_word' id='word_1_410' title='bbox 1011 2846 1041 2879; x_wconf 72' lang='lat' dir='ltr'>A</span> <span class='ocrx_word' id='word_1_411' title='bbox 1068 2851 1102 2880; x_wconf 87' lang='lat' dir='ltr'>et</span> <span class='ocrx_word' id='word_1_412' title='bbox 1125 2855 1230 2887; x_wconf 84' lang='lat' dir='ltr'>supra</span> <span class='ocrx_word' id='word_1_413' title='bbox 1261 2856 1400 2880; x_wconf 88' lang='lat' dir='ltr'>versum</span> <span class='ocrx_word' id='word_1_414' title='bbox 1428 2847 1477 2885; x_wconf 91' lang='lat' dir='ltr'>T,</span> <span class='ocrx_word' id='word_1_415' title='bbox 1520 2848 1602 2879; x_wconf 84' lang='lat' dir='ltr'>item</span> <span class='ocrx_word' id='word_1_416' title='bbox 1639 2846 1678 2876; x_wconf 89' lang='lat' dir='ltr'>L.</span> <span class='ocrx_word' id='word_1_417' title='bbox 1723 2843 1783 2885; x_wconf 83' lang='lat' dir='ltr'>(Ut</span> <span class='ocrx_word' id='word_1_418' title='bbox 1815 2853 1891 2880; x_wconf 84' lang='lat' dir='ltr'>nos.</span> 
     </span>
     <span class='ocr_line' id='line_1_42' title="bbox 143 2892 1890 2935; baseline -0.003 -9"><span class='ocrx_word' id='word_1_419' title='bbox 143 2893 246 2926; x_wconf 79' lang='lat' dir='ltr'>etiam</span> <span class='ocrx_word' id='word_1_420' title='bbox 270 2893 501 2935; x_wconf 82' lang='lat' dir='ltr'>Victorinus.)</span> <span class='ocrx_word' id='word_1_421' title='bbox 522 2912 560 2918; x_wconf 92' lang='lat'><strong>—</strong></span> <span class='ocrx_word' id='word_1_422' title='bbox 590 2896 645 2927; x_wconf 84' lang='lat'>13.</span> <span class='ocrx_word' id='word_1_423' title='bbox 673 2897 858 2927; x_wconf 81' lang='lat' dir='ltr'>comitatus</span> <span class='ocrx_word' id='word_1_424' title='bbox 876 2895 955 2932; x_wconf 85' lang='lat' dir='ltr'>PR,</span> <span class='ocrx_word' id='word_1_425' title='bbox 982 2894 1022 2926; x_wconf 92' lang='lat' dir='ltr'>L.</span> <span class='ocrx_word' id='word_1_426' title='bbox 1045 2910 1082 2916; x_wconf 89' lang='lat'><strong>—</strong></span> <span class='ocrx_word' id='word_1_427' title='bbox 1111 2894 1167 2926; x_wconf 86' lang='lat'>17.</span> <span class='ocrx_word' id='word_1_428' title='bbox 1196 2895 1288 2934; x_wconf 85' lang='lat' dir='ltr'>Copo</span> <span class='ocrx_word' id='word_1_429' title='bbox 1314 2894 1374 2925; x_wconf 80' lang='lat' dir='ltr'>AT</span> <span class='ocrx_word' id='word_1_430' title='bbox 1401 2898 1435 2925; x_wconf 85' lang='lat' dir='ltr'>et</span> <span class='ocrx_word' id='word_1_431' title='bbox 1461 2901 1510 2932; x_wconf 85' lang='lat' dir='ltr'>pr.</span> <span class='ocrx_word' id='word_1_432' title='bbox 1535 2893 1580 2929; x_wconf 72' lang='lat' dir='ltr'>P:</span> <span class='ocrx_word' id='word_1_433' title='bbox 1609 2894 1689 2924; x_wconf 86' lang='lat' dir='ltr'>item</span> <span class='ocrx_word' id='word_1_434' title='bbox 1715 2901 1747 2924; x_wconf 87' lang='lat' dir='ltr'>v.</span> <span class='ocrx_word' id='word_1_435' title='bbox 1774 2892 1831 2923; x_wconf 87' lang='grc'><strong>27.</strong></span> <span class='ocrx_word' id='word_1_436' title='bbox 1854 2907 1890 2912; x_wconf 97' lang='grc'>-</span> 
     </span>
     <span class='ocr_line' id='line_1_43' title="bbox 142 2939 1895 2974; baseline -0.002 -1"><span class='ocrx_word' id='word_1_437' title='bbox 142 2940 199 2973; x_wconf 85' lang='grc'><strong>19.</strong></span> <span class='ocrx_word' id='word_1_438' title='bbox 227 2942 384 2972; x_wconf 80' lang='lat' dir='ltr'>animum</span> <span class='ocrx_word' id='word_1_439' title='bbox 409 2942 613 2974; x_wconf 75' lang='lat' dir='ltr'>advertisset</span> <span class='ocrx_word' id='word_1_440' title='bbox 638 2941 686 2973; x_wconf 90' lang='lat' dir='ltr'>P:</span> <span class='ocrx_word' id='word_1_441' title='bbox 729 2942 1032 2973; x_wconf 75' lang='lat' dir='ltr'>animadvertisset</span> <span class='ocrx_word' id='word_1_442' title='bbox 1062 2940 1199 2973; x_wconf 75' lang='lat' dir='ltr'>ARTE.</span> <span class='ocrx_word' id='word_1_443' title='bbox 1230 2958 1267 2964; x_wconf 94' lang='lat'>—-</span> <span class='ocrx_word' id='word_1_444' title='bbox 1311 2942 1367 2972; x_wconf 92' lang='grc'><strong>20.</strong></span> <span class='ocrx_word' id='word_1_445' title='bbox 1402 2942 1512 2972; x_wconf 83' lang='lat' dir='ltr'>artius</span> <span class='ocrx_word' id='word_1_446' title='bbox 1535 2941 1606 2970; x_wconf 77' lang='lat' dir='ltr'>iam</span> <span class='ocrx_word' id='word_1_447' title='bbox 1632 2939 1741 2970; x_wconf 67' lang='lat' dir='ltr'><strong>PAT:</strong></span> <span class='ocrx_word' id='word_1_448' title='bbox 1782 2939 1895 2971; x_wconf 73' lang='lat' dir='ltr'>artius</span> 
     </span>
     <span class='ocr_line' id='line_1_44' title="bbox 143 2983 1894 3028; baseline -0.001 -9"><span class='ocrx_word' id='word_1_449' title='bbox 143 2989 228 3026; x_wconf 90' lang='lat' dir='ltr'>(om.</span> <span class='ocrx_word' id='word_1_450' title='bbox 254 2985 340 3028; x_wconf 77' lang='lat' dir='ltr'>iam)</span> <span class='ocrx_word' id='word_1_451' title='bbox 363 2987 437 3018; x_wconf 86' lang='lat' dir='ltr'>RE.</span> <span class='ocrx_word' id='word_1_452' title='bbox 472 3005 509 3011; x_wconf 94' lang='lat'>—</span> <span class='ocrx_word' id='word_1_453' title='bbox 553 2989 611 3020; x_wconf 78' lang='lat'>22&#39;.</span> <span class='ocrx_word' id='word_1_454' title='bbox 645 2993 829 3020; x_wconf 81' lang='lat' dir='ltr'>cruentum</span> <span class='ocrx_word' id='word_1_455' title='bbox 853 2988 986 3019; x_wconf 78' lang='lat' dir='ltr'>PART.</span> <span class='ocrx_word' id='word_1_456' title='bbox 1037 2983 1094 3026; x_wconf 80' lang='lat' dir='ltr'>(L&#39;t</span> <span class='ocrx_word' id='word_1_457' title='bbox 1119 2996 1203 3026; x_wconf 89' lang='lat' dir='ltr'>nos,</span> <span class='ocrx_word' id='word_1_458' title='bbox 1242 2987 1359 3026; x_wconf 77' lang='lat' dir='ltr'>schol.</span> <span class='ocrx_word' id='word_1_459' title='bbox 1388 2986 1505 3021; x_wconf 55' lang='lat' dir='ltr'>Oud„</span> <span class='ocrx_word' id='word_1_460' title='bbox 1546 2985 1643 3017; x_wconf 82' lang='lat' dir='ltr'>Leid.</span> <span class='ocrx_word' id='word_1_461' title='bbox 1668 2985 1732 3016; x_wconf 89' lang='lat'>111.</span> <span class='ocrx_word' id='word_1_462' title='bbox 1750 3008 1758 3019; x_wconf 86' lang='lat'><em>‚</em></span> <span class='ocrx_word' id='word_1_463' title='bbox 1803 2993 1894 3017; x_wconf 83' lang='lat' dir='ltr'>unus</span> 
     </span>
     <span class='ocr_line' id='line_1_45' title="bbox 141 3031 1892 3073; baseline -0.002 -6"><span class='ocrx_word' id='word_1_464' title='bbox 141 3034 317 3067; x_wconf 80' lang='lat' dir='ltr'>Lambini.</span> <span class='ocrx_word' id='word_1_465' title='bbox 359 3049 398 3055; x_wconf 98' lang='lat'><strong>—</strong></span> <span class='ocrx_word' id='word_1_466' title='bbox 439 3033 497 3066; x_wconf 90' lang='grc'><strong>23.</strong></span> <span class='ocrx_word' id='word_1_467' title='bbox 531 3042 567 3066; x_wconf 82' lang='lat' dir='ltr'>se</span> <span class='ocrx_word' id='word_1_468' title='bbox 603 3035 714 3067; x_wconf 87' lang='lat' dir='ltr'><strong>PRT:</strong></span> <span class='ocrx_word' id='word_1_469' title='bbox 754 3044 823 3067; x_wconf 81' lang='lat' dir='ltr'>sese</span> <span class='ocrx_word' id='word_1_470' title='bbox 860 3035 885 3066; x_wconf 92' lang='lat' dir='ltr'>E</span> <span class='ocrx_word' id='word_1_471' title='bbox 925 3040 982 3073; x_wconf 86' lang='lat' dir='ltr'>et,</span> <span class='ocrx_word' id='word_1_472' title='bbox 1023 3038 1060 3065; x_wconf 88' lang='lat' dir='ltr'>ut</span> <span class='ocrx_word' id='word_1_473' title='bbox 1085 3035 1244 3072; x_wconf 81' lang='lat' dir='ltr'>videtur,</span> <span class='ocrx_word' id='word_1_474' title='bbox 1278 3035 1319 3065; x_wconf 74' lang='lat' dir='ltr'>A.</span> <span class='ocrx_word' id='word_1_475' title='bbox 1353 3050 1396 3056; x_wconf 96' lang='lat'>—</span> <span class='ocrx_word' id='word_1_476' title='bbox 1442 3040 1541 3063; x_wconf 81' lang='lat' dir='ltr'>suum</span> <span class='ocrx_word' id='word_1_477' title='bbox 1576 3032 1736 3063; x_wconf 83' lang='lat' dir='ltr'>lectulum</span> <span class='ocrx_word' id='word_1_478' title='bbox 1775 3031 1892 3063; x_wconf 80' lang='lat' dir='ltr'>ART:</span> 
     </span>
     <span class='ocr_line' id='line_1_46' title="bbox 142 3077 1896 3119; baseline -0.002 -6"><span class='ocrx_word' id='word_1_479' title='bbox 142 3090 243 3113; x_wconf 81' lang='lat' dir='ltr'>suum</span> <span class='ocrx_word' id='word_1_480' title='bbox 269 3080 390 3112; x_wconf 82' lang='lat' dir='ltr'>lectum</span> <span class='ocrx_word' id='word_1_481' title='bbox 417 3079 468 3119; x_wconf 81' lang='lat' dir='ltr'>P,</span> <span class='ocrx_word' id='word_1_482' title='bbox 495 3080 615 3113; x_wconf 76' lang='lat' dir='ltr'>lectum</span> <span class='ocrx_word' id='word_1_483' title='bbox 641 3090 743 3113; x_wconf 77' lang='lat' dir='ltr'>suum</span> <span class='ocrx_word' id='word_1_484' title='bbox 769 3082 808 3113; x_wconf 90' lang='lat' dir='ltr'>E.</span> <span class='ocrx_word' id='word_1_485' title='bbox 838 3098 878 3104; x_wconf 89' lang='lat'>—</span> <span class='ocrx_word' id='word_1_486' title='bbox 919 3081 977 3112; x_wconf 71' lang='lat'>2&#39;4.</span> <span class='ocrx_word' id='word_1_487' title='bbox 1005 3081 1162 3112; x_wconf 81' lang='lat' dir='ltr'>comitem</span> <span class='ocrx_word' id='word_1_488' title='bbox 1187 3082 1283 3112; x_wconf 83' lang='lat' dir='ltr'>illum</span> <span class='ocrx_word' id='word_1_489' title='bbox 1309 3088 1407 3110; x_wconf 84' lang='lat' dir='ltr'>suum</span> <span class='ocrx_word' id='word_1_490' title='bbox 1432 3077 1573 3110; x_wconf 67' lang='lat' dir='ltr'>PART:</span> <span class='ocrx_word' id='word_1_491' title='bbox 1615 3079 1772 3110; x_wconf 80' lang='lat' dir='ltr'>comitem</span> <span class='ocrx_word' id='word_1_492' title='bbox 1796 3087 1896 3109; x_wconf 82' lang='lat' dir='ltr'>suum</span> 
     </span>
     <span class='ocr_line' id='line_1_47' title="bbox 144 3122 1896 3170; baseline -0.003 -10"><span class='ocrx_word' id='word_1_493' title='bbox 144 3125 226 3170; x_wconf 90' lang='lat' dir='ltr'>(om.</span> <span class='ocrx_word' id='word_1_494' title='bbox 252 3126 366 3166; x_wconf 82' lang='lat' dir='ltr'>illum)</span> <span class='ocrx_word' id='word_1_495' title='bbox 392 3126 430 3158; x_wconf 86' lang='grc' dir='ltr'><strong>Ε.</strong></span> <span class='ocrx_word' id='word_1_496' title='bbox 462 3143 498 3149; x_wconf 92' lang='grc'>-</span> <span class='ocrx_word' id='word_1_497' title='bbox 539 3127 597 3158; x_wconf 83' lang='grc'><strong>27.</strong></span> <span class='ocrx_word' id='word_1_498' title='bbox 634 3129 828 3161; x_wconf 81' lang='lat' dir='ltr'>conclamat</span> <span class='ocrx_word' id='word_1_499' title='bbox 852 3127 965 3159; x_wconf 72' lang='lat' dir='ltr'>PAT:</span> <span class='ocrx_word' id='word_1_500' title='bbox 1006 3127 1239 3159; x_wconf 77' lang='lat' dir='ltr'>conclamavit</span> <span class='ocrx_word' id='word_1_501' title='bbox 1265 3127 1311 3164; x_wconf 89' lang='lat' dir='ltr'>E,</span> <span class='ocrx_word' id='word_1_502' title='bbox 1340 3126 1506 3157; x_wconf 77' lang='lat' dir='ltr'>clamavit</span> <span class='ocrx_word' id='word_1_503' title='bbox 1531 3125 1573 3156; x_wconf 86' lang='lat' dir='ltr'>R.</span> <span class='ocrx_word' id='word_1_504' title='bbox 1613 3141 1650 3148; x_wconf 91' lang='lat'><em>-</em></span> <span class='ocrx_word' id='word_1_505' title='bbox 1694 3124 1752 3156; x_wconf 85' lang='grc'><strong>29.</strong></span> <span class='ocrx_word' id='word_1_506' title='bbox 1790 3122 1820 3165; x_wconf 87' lang='lat' dir='ltr'>e]</span> <span class='ocrx_word' id='word_1_507' title='bbox 1855 3125 1896 3155; x_wconf 78' lang='lat' dir='ltr'>de</span> 
     </span>
     <span class='ocr_line' id='line_1_48' title="bbox 142 3170 1892 3214; baseline -0.004 -6"><span class='ocrx_word' id='word_1_508' title='bbox 142 3174 217 3208; x_wconf 75' lang='lat' dir='ltr'>AT.</span> <span class='ocrx_word' id='word_1_509' title='bbox 247 3190 287 3197; x_wconf 92' lang='lat'>—</span> <span class='ocrx_word' id='word_1_510' title='bbox 328 3172 385 3205; x_wconf 87' lang='lat'>30.</span> <span class='ocrx_word' id='word_1_511' title='bbox 414 3178 631 3206; x_wconf 82' lang='lat' dir='ltr'>cruentatum</span> <span class='ocrx_word' id='word_1_512' title='bbox 656 3179 694 3206; x_wconf 87' lang='lat' dir='ltr'>ut</span> <span class='ocrx_word' id='word_1_513' title='bbox 718 3183 844 3214; x_wconf 86' lang='lat' dir='ltr'>supra,</span> <span class='ocrx_word' id='word_1_514' title='bbox 870 3176 952 3207; x_wconf 85' lang='lat' dir='ltr'>item</span> <span class='ocrx_word' id='word_1_515' title='bbox 980 3173 1117 3206; x_wconf 86' lang='lat' dir='ltr'>Oxonn.</span> <span class='ocrx_word' id='word_1_516' title='bbox 1147 3179 1334 3214; x_wconf 76' lang='lat' dir='ltr'>quattuor:</span> <span class='ocrx_word' id='word_1_517' title='bbox 1363 3176 1541 3203; x_wconf 80' lang='lat' dir='ltr'>cruentum</span> <span class='ocrx_word' id='word_1_518' title='bbox 1565 3171 1728 3204; x_wconf 75' lang='lat' dir='ltr'>PARTE.</span> <span class='ocrx_word' id='word_1_519' title='bbox 1760 3186 1795 3193; x_wconf 90' lang='lat'>·-</span> <span class='ocrx_word' id='word_1_520' title='bbox 1834 3170 1892 3201; x_wconf 83' lang='lat'>32.</span> 
     </span>
     <span class='ocr_line' id='line_1_49' title="bbox 144 3216 1891 3261; baseline -0.003 -8"><span class='ocrx_word' id='word_1_521' title='bbox 144 3225 194 3254; x_wconf 82' lang='lat' dir='ltr'>est</span> <span class='ocrx_word' id='word_1_522' title='bbox 217 3220 255 3252; x_wconf 68' lang='lat' dir='ltr'>cd</span> <span class='ocrx_word' id='word_1_523' title='bbox 283 3225 331 3252; x_wconf 86' lang='lat' dir='ltr'>est</span> <span class='ocrx_word' id='word_1_524' title='bbox 357 3221 514 3261; x_wconf 82' lang='lat' dir='ltr'>quaestio</span> <span class='ocrx_word' id='word_1_525' title='bbox 539 3221 655 3252; x_wconf 82' lang='lat' dir='ltr'>eadem</span> <span class='ocrx_word' id='word_1_526' title='bbox 678 3221 768 3252; x_wconf 75' lang='lat' dir='ltr'>PAT</span> <span class='ocrx_word' id='word_1_527' title='bbox 790 3230 798 3252; x_wconf 72' lang='grc' dir='ltr'>ι</span> <span class='ocrx_word' id='word_1_528' title='bbox 835 3224 885 3252; x_wconf 87' lang='lat' dir='ltr'>est</span> <span class='ocrx_word' id='word_1_529' title='bbox 909 3225 959 3252; x_wconf 84' lang='lat' dir='ltr'>est</span> <span class='ocrx_word' id='word_1_530' title='bbox 985 3221 1141 3261; x_wconf 83' lang='lat' dir='ltr'>quaestio</span> <span class='ocrx_word' id='word_1_531' title='bbox 1166 3221 1216 3257; x_wconf 83' lang='lat' dir='ltr'>R,</span> <span class='ocrx_word' id='word_1_532' title='bbox 1245 3224 1307 3250; x_wconf 88' lang='lat' dir='ltr'>est.</span> <span class='ocrx_word' id='word_1_533' title='bbox 1359 3218 1522 3258; x_wconf 80' lang='lat' dir='ltr'>Quaestio</span> <span class='ocrx_word' id='word_1_534' title='bbox 1549 3218 1587 3249; x_wconf 92' lang='lat' dir='ltr'>E.</span> <span class='ocrx_word' id='word_1_535' title='bbox 1617 3216 1789 3258; x_wconf 86' lang='lat' dir='ltr'>(Delenda</span> <span class='ocrx_word' id='word_1_536' title='bbox 1815 3217 1891 3249; x_wconf 87' lang='lat' dir='ltr'>scil.</span> 
     </span>
     <span class='ocr_line' id='line_1_50' title="bbox 144 3263 1894 3308; baseline -0.003 -7"><span class='ocrx_word' id='word_1_537' title='bbox 144 3277 199 3302; x_wconf 82' lang='lat' dir='ltr'>vv.</span> <span class='ocrx_word' id='word_1_538' title='bbox 224 3268 262 3299; x_wconf 77' lang='lat' dir='ltr'>id</span> <span class='ocrx_word' id='word_1_539' title='bbox 285 3267 334 3299; x_wconf 83' lang='lat' dir='ltr'>est</span> <span class='ocrx_word' id='word_1_540' title='bbox 350 3290 358 3305; x_wconf 90' lang='lat'>‚</span> <span class='ocrx_word' id='word_1_541' title='bbox 384 3268 552 3308; x_wconf 78' lang='lat' dir='ltr'>quaestio.</span> <span class='ocrx_word' id='word_1_542' title='bbox 581 3266 663 3306; x_wconf 75' lang='lat' dir='ltr'>On.)</span> <span class='ocrx_word' id='word_1_543' title='bbox 682 3284 725 3290; x_wconf 90' lang='lat'>—</span> <span class='ocrx_word' id='word_1_544' title='bbox 750 3267 807 3298; x_wconf 87' lang='grc'><strong>36.</strong></span> <span class='ocrx_word' id='word_1_545' title='bbox 839 3267 880 3298; x_wconf 86' lang='lat' dir='ltr'>Ut</span> <span class='ocrx_word' id='word_1_546' title='bbox 904 3267 1007 3306; x_wconf 75' lang='lat' dir='ltr'>enim]</span> <span class='ocrx_word' id='word_1_547' title='bbox 1035 3267 1124 3298; x_wconf 85' lang='lat' dir='ltr'>Nam</span> <span class='ocrx_word' id='word_1_548' title='bbox 1147 3270 1187 3298; x_wconf 86' lang='lat' dir='ltr'>ut</span> <span class='ocrx_word' id='word_1_549' title='bbox 1211 3266 1250 3298; x_wconf 85' lang='lat' dir='ltr'>P.</span> <span class='ocrx_word' id='word_1_550' title='bbox 1275 3281 1315 3288; x_wconf 89' lang='lat'>-</span> <span class='ocrx_word' id='word_1_551' title='bbox 1344 3263 1402 3297; x_wconf 85' lang='lat'>38.</span> <span class='ocrx_word' id='word_1_552' title='bbox 1427 3265 1622 3298; x_wconf 76' lang='lat' dir='ltr'>necessario</span> <span class='ocrx_word' id='word_1_553' title='bbox 1647 3273 1735 3297; x_wconf 88' lang='lat' dir='ltr'>corr.</span> <span class='ocrx_word' id='word_1_554' title='bbox 1762 3264 1789 3296; x_wconf 88' lang='lat' dir='ltr'>P</span> <span class='ocrx_word' id='word_1_555' title='bbox 1815 3271 1894 3296; x_wconf 89' lang='lat' dir='ltr'>cum</span> 
     </span>
     <span class='ocr_line' id='line_1_51' title="bbox 145 3312 1123 3355; baseline -0.003 -8"><span class='ocrx_word' id='word_1_556' title='bbox 145 3315 221 3348; x_wconf 80' lang='lat' dir='ltr'>aliis</span> <span class='ocrx_word' id='word_1_557' title='bbox 246 3314 424 3355; x_wconf 83' lang='lat' dir='ltr'>plurimis:</span> <span class='ocrx_word' id='word_1_558' title='bbox 451 3314 647 3346; x_wconf 81' lang='lat' dir='ltr'>necessaria</span> <span class='ocrx_word' id='word_1_559' title='bbox 671 3313 698 3345; x_wconf 85' lang='lat' dir='ltr'><strong>E</strong></span> <span class='ocrx_word' id='word_1_560' title='bbox 724 3321 801 3346; x_wconf 89' lang='lat' dir='ltr'>cum</span> <span class='ocrx_word' id='word_1_561' title='bbox 826 3313 918 3346; x_wconf 71' lang='grc' dir='ltr'>ΛΒΤ</span> <span class='ocrx_word' id='word_1_562' title='bbox 944 3317 979 3346; x_wconf 85' lang='lat' dir='ltr'>et</span> <span class='ocrx_word' id='word_1_563' title='bbox 1003 3321 1056 3353; x_wconf 87' lang='lat' dir='ltr'>pr.</span> <span class='ocrx_word' id='word_1_564' title='bbox 1083 3312 1123 3344; x_wconf 88' lang='lat' dir='ltr'>P.</span> 
     </span>
    </p>
   </div>
  </div>
 </body>
</html>
