2117 3762
778 261 876 300 LIB.
911 260 962 300 Π.
1023 262 1066 302 C.
1104 263 1138 303 1.
1169 263 1206 302 2.
1237 264 1276 302 3.
1827 267 1905 307 223

154 367 387 408 existimare
419 380 603 420 possem,
635 367 782 406 rudem
813 372 884 405 aut
914 367 1101 417 ignarum
1134 382 1224 407 esse
1256 369 1404 407 visum.
1466 369 1505 409 4.
1537 368 1619 408 Sed
1651 366 1728 409 suit
1757 367 1834 410 hoc
1867 373 1907 410 in

153 436 332 483 utroque
364 444 531 476 eorum,
563 435 607 470 ut
637 429 806 469 Crassus
837 443 918 468 non
954 435 1032 469 tam
1064 429 1290 470 existimari
1322 428 1444 470 vellet
1465 444 1548 471 non
1569 429 1762 472 didicisse
1785 445 1908 486 quam

154 490 221 532 illa
253 493 467 544 despicere
497 498 539 532 et
568 497 804 532 nostrorum
836 491 1049 531 hominum
1082 492 1123 532 in
1146 494 1257 531 omni
1281 506 1433 546 genere
1455 494 1717 547 prudentiam
1741 495 1908 533 Graecis

153 552 388 603 anteferre;
441 554 642 595 Antonius
689 559 825 594 autem
869 553 1192 607 probabiliorem
1233 554 1310 595 boc
1351 556 1506 610 populo
1547 555 1779 596 orationem
1819 554 1911 596 sore

155 618 349 657 censebat
388 631 528 665 suam,
577 615 610 657 si
652 616 821 656 omnino
863 616 1054 658 didicisse
1100 630 1310 671 nunquam
1343 623 1577 671 putaretur;
1627 623 1749 671 atque
1781 619 1837 658 ita
1867 632 1940 657 ses

155 684 331 732 uterque
371 681 606 732 graviorem
647 678 761 725 fore,
812 679 845 718 si
886 680 990 719 alter
1030 685 1319 727 contemnere,
1373 680 1477 720 alter
1507 693 1558 721 ne
1590 694 1712 722 nosse
1743 679 1912 737 quidem

158 743 337 782 Graecos
368 741 595 782 videretur.

268 806 306 845 5.
368 805 556 852 Quorum
601 803 818 843 consilium
865 803 984 857 quale
1030 803 1176 853 suerit,
1226 806 1329 846 nihil
1376 820 1473 846 sane
1519 805 1570 847 ad
1612 807 1693 847 hoc
1736 810 1911 861 tempuS.

156 864 261 906 lllud
292 872 429 906 autem
460 870 520 905 est
551 863 672 906 huius
703 865 911 906 institutae
943 867 1179 919 scriptionis
1211 880 1256 908 ac
1294 869 1522 922 temporiS,
1574 869 1785 909 neminem
1824 869 1912 909 elo—

154 929 320 980 quentia
363 942 445 968 non
491 930 617 969 modo
659 927 745 968 sine
795 930 959 969 dicendi
1004 930 1193 970 doctrina
1237 928 1310 971 sed
1353 944 1406 971 ne
1453 931 1540 971 sine
1587 932 1700 971 omni
1740 929 1910 986 quidem
1926 945 1961 970 10

154 991 350 1043 sapientia
381 992 533 1031 florere
563 1005 742 1044 unquam
776 998 815 1032 et
846 997 1052 1046 praestare
1083 993 1283 1045 potuisse.
1345 994 1397 1032 II.
1431 994 1594 1033 Etenim
1627 998 1790 1034 ceterae
1820 993 1908 1034 fere

153 1056 262 1092 artes
293 1065 337 1092 se
368 1052 484 1106 ipsae
516 1067 589 1108 per
620 1068 662 1094 se
697 1060 864 1094 tuentur
902 1053 1110 1107 singulae3
1162 1053 1267 1096 bene
1312 1054 1451 1096 dicere
1493 1061 1656 1103 autem,
1702 1057 1813 1110 quod
1852 1061 1914 1096 est

152 1115 329 1155 scienter
359 1122 401 1156 et
428 1115 562 1171 perite
593 1122 633 1156 et
664 1122 806 1157 ornate
837 1115 1000 1163 dicere,
1049 1129 1133 1158 non
1164 1116 1289 1159 habet
1320 1117 1531 1159 definitam
1563 1117 1743 1173 aliquam
1773 1118 1909 1173 regio-

153 1189 271 1225 nem,
305 1177 421 1219 cuius
454 1180 639 1219 terminis
670 1185 811 1233 saepta
843 1183 1046 1219 teneatur.
1110 1180 1281 1229 Omnia,
1323 1194 1595 1236 quaecunque
1628 1181 1670 1221 in
1700 1180 1912 1222 hominum

153 1237 495 1292 disceptationem
527 1242 676 1281 cadere
707 1246 903 1295 possunt,
937 1243 1042 1281 bene
1072 1247 1165 1282 sunt
1195 1244 1230 1283 ei
1263 1242 1461 1291 dicenda,
1505 1244 1575 1298 qui
1607 1241 1684 1283 hoc
1716 1258 1759 1284 se
1789 1257 1911 1296 posse
1925 1255 1961 1281 τε

151 1300 391 1355 profitetur,
425 1308 494 1343 aut
524 1303 785 1357 eloquentiae
816 1316 969 1343 nomen
1000 1301 1314 1358 relinquendum
1345 1312 1419 1346 est.
1483 1309 1521 1346 6.
1559 1305 1696 1354 Quare
1719 1304 1911 1359 equidem

154 1370 193 1403 et
222 1362 262 1404 in
295 1371 434 1405 nostra
465 1366 629 1405 civitate
662 1371 699 1405 et
734 1366 773 1404 in
808 1365 893 1419 ipsa
926 1365 1118 1412 Graecia,
1166 1382 1270 1421 quae
1311 1382 1473 1423 semper
1512 1370 1612 1408 haee
1645 1381 1804 1408 summa
1833 1369 1909 1408 du-

154 1427 228 1472 xit,
279 1429 431 1468 multos
471 1434 511 1467 et
552 1427 580 1477 ἦ
611 1427 787 1481 ingeniis
821 1434 861 1467 et
891 1442 1038 1481 magna
1076 1428 1195 1470 laude
1235 1428 1398 1471 dicendi
1440 1432 1528 1470 sine
1569 1443 1728 1470 summa
1774 1443 1913 1470 rerum

153 1490 338 1530 omnium
371 1491 543 1530 scientia
573 1489 699 1530 suis-se
730 1489 886 1530 fateor:
921 1492 1042 1530 talem
1076 1505 1174 1533 vero
1206 1494 1406 1533 exsistere
1439 1491 1746 1545 eloquentiam,
1780 1493 1913 1546 qualis

152 1550 229 1592 fuit
258 1554 299 1593 in
331 1555 478 1602 Crasso
511 1558 552 1592 et
581 1553 781 1600 Antonio,
812 1566 895 1592 non
927 1554 1102 1606 cognitis
1133 1556 1258 1595 rebus
1290 1555 1505 1602 omnibus,
1543 1568 1647 1608 quae
1679 1553 1730 1594 ad
1761 1560 1912 1596 tantam
1927 1567 1964 1592 20

152 1616 417 1669 prudentiam
447 1616 703 1670 pertinerent
733 1621 972 1669 tantamque
1005 1617 1165 1658 dicendi
1197 1620 1380 1672 copiam,
1431 1624 1582 1673 quanta
1618 1619 1659 1658 in
1699 1617 1778 1659 illis
1816 1617 1912 1666 fuit,

152 1690 236 1718 non
269 1678 453 1733 potuisse
485 1677 703 1720 confirmo.
766 1681 804 1720 7.
838 1680 930 1728 Quo
962 1680 1084 1719 etiam
1116 1678 1196 1721 feei
1225 1680 1443 1729 libentius,
1476 1686 1521 1722 ut
1546 1694 1638 1721 eum
1662 1694 1913 1729 sermonem,

153 1753 277 1794 quem
309 1740 367 1781 illi
398 1739 605 1796 quondam
639 1740 747 1781 inter
777 1754 820 1781 se
853 1742 903 1780 de
935 1741 996 1780 bis
1027 1742 1153 1782 rebus
1184 1741 1450 1791 habuissent,
1483 1742 1722 1784 mandarem
1745 1743 1913 1791 litteris,

153 1803 218 1841 vel
250 1807 294 1842 ut
322 1802 391 1843 illa
422 1803 588 1857 opinio,
620 1816 725 1858 quae
758 1815 924 1856 semper
954 1803 1117 1851 suisset,
1158 1807 1376 1848 tolleretur
1406 1806 1581 1847 alterum
1614 1820 1697 1846 non
1728 1807 1918 1847 doctissi-

153 1877 291 1912 mum,
340 1863 514 1905 alterum
548 1864 669 1919 plane
700 1866 915 1905 indoctum
946 1864 1094 1913 fuisse;
1144 1867 1211 1908 vel
1242 1874 1285 1908 ut
1315 1881 1386 1915 ea,
1433 1881 1539 1922 quae
1577 1867 1862 1909 existimarem
1893 1880 1966 1909 a2⁵

153 1926 324 1967 summis
354 1925 594 1968 oratoribus
625 1929 676 1968 de
707 1928 946 1982 eloquentia
977 1927 1171 1970 divinitus
1201 1943 1291 1970 esse
1314 1931 1444 1978 dicta,
1477 1928 1730 1971 custodirem
1752 1929 1914 1977 litteris,

154 1987 188 2028 si
218 1987 302 2029 ullo
334 1990 459 2030 modo
492 1988 659 2044 assequi
689 1989 993 2045 complectique
1031 1990 1279 2045 potuissem3
1327 1991 1391 2033 vel
1432 1993 1671 2033 mehercule
1711 1993 1834 2033 etiam
1874 1998 1920 2032 ut

151 2050 320 2094 laudem
349 2065 496 2094 eorum
527 2053 608 2092 iam
639 2065 769 2107 prope
801 2059 1111 2102 senescentem,
1156 2060 1355 2108 quantum
1388 2068 1466 2110 ego
1498 2068 1687 2108 possem,
1731 2057 1782 2096 ab
1815 2056 1920 2096 obli-

153 2113 278 2156 vione
320 2114 538 2156 hominum
584 2119 706 2169 atque
748 2128 772 2155 a
811 2114 978 2156 silentio
1018 2115 1286 2158 vindicarem.
1349 2118 1390 2158 8.
1439 2120 1540 2158 Nam
1587 2118 1622 2159 si
1663 2130 1714 2158 ex
1758 2117 1920 2172 scriptis

155 2176 351 2232 cognosci
395 2177 475 2231 ipsi
521 2178 606 2219 suis
645 2177 898 2230 potuissent,
948 2177 1084 2219 minus
1124 2180 1205 2219 hoc
1244 2180 1420 2221 fortasse
1456 2180 1560 2222 mihi
1591 2193 1681 2221 esse
1711 2186 1920 2235 putassem
1934 2192 1969 2217 ³0

153 2239 450 2290 laborandum;
493 2238 567 2280 sed
597 2253 691 2280 eum
722 2241 829 2281 alter
857 2254 941 2281 non
972 2240 1146 2282 multum
1192 2244 1323 2296 (quod
1363 2241 1530 2297 quidem
1569 2247 1770 2290 exstaret)
1810 2248 1850 2283 et
1878 2241 1921 2283 id

156 2302 291 2354 ipsum
322 2301 587 2351 adolescens,
620 2303 724 2343 alter
753 2301 855 2343 nihil
887 2304 1113 2345 admodum
1143 2303 1287 2358 scripti
1318 2303 1577 2359 reliquisset,
1609 2302 1756 2346 deberi
1786 2307 1866 2346 hoc
1895 2319 1920 2346 a

156 2377 224 2405 me
254 2365 374 2405 tantis
404 2365 620 2406 hominum
652 2363 827 2418 ingeniis
857 2365 1022 2417 putavi,
1069 2370 1137 2414 ut,
1186 2380 1281 2407 eum
1319 2365 1557 2408 etiamnunc
1586 2367 1722 2408 vivam
1753 2365 1920 2408 illorum

157 2425 406 2467 memoriam
425 2432 683 2474 teneremus,
714 2428 820 2467 hanc
843 2427 1122 2468 immortalem
1143 2430 1388 2479 redderem,
1423 2429 1457 2471 si
1477 2443 1660 2483 possem.
1722 2432 1762 2470 9.
1797 2430 1919 2480 Quod

158 2489 240 2530 hoc
271 2490 394 2530 etiam
425 2503 497 2543 spe
527 2490 750 2544 aggredior
778 2490 938 2530 maiore
969 2491 1019 2530 ad
1041 2492 1320 2545 probandum,
1357 2492 1455 2547 quia
1475 2506 1560 2533 non
1582 2495 1632 2533 de
1657 2493 1745 2533 Ser.
1769 2491 1919 2534 Galbae
1934 2503 1968 2527 ³⁵

158 2557 228 2592 aut
257 2554 301 2595 C.
327 2551 528 2593 Carbonis
558 2553 795 2608 eloquentia
826 2549 963 2593 scribo
993 2551 1178 2608 aliquid,
1230 2554 1273 2594 in
1311 2568 1394 2610 quo
1435 2555 1558 2596 liceat
1597 2555 1699 2595 mihi
1737 2552 1917 2607 fingere,

158 2613 194 2655 si
223 2613 323 2670 quid
352 2614 498 2663 velim,
531 2613 684 2656 nullius
714 2613 917 2656 memoria
946 2612 1030 2655 iam
1058 2613 1302 2667 refellente;
1341 2619 1413 2658 sed
1445 2616 1523 2659 edo
1554 2618 1656 2658 haec
1685 2618 1734 2657 iis
1764 2629 1920 2668 cogno-

159 2678 335 2727 scenda,
382 2678 453 2732 qui
494 2690 566 2718 eos
607 2676 744 2732 ipsos,
792 2675 843 2718 de
883 2674 1032 2732 quibus
1069 2675 1240 2732 loquor,
1287 2693 1410 2735 saepe
1447 2679 1685 2729 audierunt;
1738 2683 1781 2718 ut
1812 2679 1917 2718 duos

160 2752 344 2781 summos
373 2740 485 2782 viros
514 2741 590 2788 iis,
637 2741 706 2794 qui
738 2744 929 2780 neutrum
961 2738 1128 2780 illorum
1157 2740 1358 2791 viderint,
1399 2757 1568 2790 eorum,
1615 2739 1762 2795 quihus
1793 2737 1917 2780 ambo

160 2799 220 2841 illi
252 2806 440 2843 oratores
470 2803 624 2857 cogniti
654 2803 754 2851 sint,
798 2803 987 2843 vivorum
1019 2808 1059 2844 et
1098 2804 1381 2859 praesentium
1421 2804 1624 2847 memoria
1662 2808 1764 2844 teste
1805 2813 1969 2844 com-⁶0

160 2862 417 2906 mendemus.
477 2866 551 2906 III.
588 2868 654 2907 10.
688 2867 773 2906 Nec
793 2879 893 2907 vero
925 2871 986 2914 te,
1017 2867 1228 2908 carissime
1257 2868 1387 2909 frater
1416 2873 1540 2924 atque
1569 2867 1745 2919 optime,
1779 2865 1920 2906 rheto-

160 2925 260 2967 ricis
289 2940 397 2968 nuuc
427 2927 674 2982 quibusdam
705 2926 842 2976 libris,
885 2941 990 2982 quos
1020 2933 1064 2968 tu
1095 2935 1278 2983 agrestes
1308 2936 1453 2984 putas,
1494 2930 1717 2984 insequor,
1750 2934 1794 2970 ut
1826 2942 1920 2969 eru-

255 3064 290 3096 2.
319 3067 391 3096 tam
415 3073 483 3096 om.
504 3064 545 3096 B.
567 3082 604 3090 —-
634 3065 691 3098 12.
716 3074 780 3106 per
805 3074 838 3098 se
857 3074 925 3098 om.
945 3065 985 3098 B.
1007 3083 1048 3089 —
1075 3066 1130 3098 13.
1158 3066 1296 3100 haberet
1316 3068 1359 3100 R.
1380 3084 1421 3090 —
1449 3067 1505 3098 14.
1532 3071 1689 3106 saeptum
1713 3065 1918 3099 Lambinus.

162 3125 203 3133 ——
234 3111 361 3143 Omnia
390 3112 480 3142 enim
504 3111 548 3144 R.
577 3129 613 3135 —
658 3112 715 3144 18.
741 3114 889 3154 inqeniis
914 3121 1060 3155 maqnos
1085 3116 1115 3145 et
1141 3113 1244 3145 laude
1268 3115 1404 3146 dicendi
1428 3113 1554 3146 mavolt
1579 3113 1738 3152 Ellendt,
1764 3114 1920 3155 insignes

162 3166 226 3198 pro
266 3159 413 3200 inqeniis
452 3157 588 3191 Hanov.
626 3176 668 3182 —-
711 3161 863 3191 omnium
898 3168 1015 3192 rerum
1051 3160 1094 3191 R.
1131 3176 1176 3181 -
1215 3160 1271 3192 20.
1305 3161 1375 3202 suit
1401 3160 1427 3190 B
1453 3160 1608 3199 aliique:
1641 3161 1746 3200 suerit
1771 3159 1846 3192 RE.
1879 3176 1917 3182 —

163 3205 223 3244 ad]
249 3206 288 3237 in
303 3206 344 3237 B.
366 3222 404 3228 —
432 3204 488 3236 21.
516 3204 584 3245 fuit
608 3204 635 3236 B
661 3208 840 3245 ceterique
856 3230 866 3245 ,
893 3206 947 3238 R:
976 3205 1081 3246 suerit
1106 3206 1284 3239 Ernestius
1308 3210 1427 3238 contra
1453 3206 1568 3240 libros.
1589 3223 1626 3230 ——
1654 3205 1710 3239 23.
1740 3207 1921 3248 quondam

162 3251 214 3283 illi
239 3251 281 3283 R.
321 3267 361 3274 --
400 3251 458 3283 30.
485 3253 553 3292 ipsi
577 3260 599 3282 a
630 3253 702 3283 suis
744 3253 816 3284 BR.
854 3269 899 3274 —
935 3253 1167 3284 laborandum
1187 3257 1364 3292 putassem
1390 3252 1435 3284 R.
1470 3269 1514 3275 -—
1550 3251 1608 3285 33.
1635 3251 1723 3292 cum]
1749 3254 1919 3295 quoniam

163 3298 214 3334 Β,
245 3298 415 3339 quomodo
441 3299 482 3330 R.
511 3299 720 3338 (Utrumque
746 3308 786 3332 ex
811 3306 876 3331 scr.
904 3300 1036 3341 quom.)
1062 3315 1103 3320 —-
1131 3298 1189 3331 35.
1215 3299 1327 3341 Sei-91⁶2·
1352 3300 1394 3331 R.
1422 3316 1464 3323 —
1489 3299 1546 3332 37.
1573 3300 1646 3332 iam
1668 3309 1721 3332 me
1745 3300 1919 3342 refellente

165 3344 239 3376 BR.
270 3363 303 3369 -—
337 3345 421 3378 dedo
448 3346 490 3376 R.
