2117 3762
284 255 337 300 ιο
947 247 1013 292 AD
1046 244 1350 288 HERENNIUM

288 364 424 413 Quare
466 362 509 403 in
549 362 628 403 hoc
668 370 832 415 quoque
870 368 1013 398 causae
1053 364 1202 405 genere
1232 350 1415 393 nonnihil
1445 349 1667 392 industriae
1699 348 2022 392 consumendum

285 430 487 480 putemus.
546 425 679 468 Nunc,
721 419 903 461 absoluta
934 431 956 458 a
986 414 1103 458 nobis
1134 411 1367 454 difficillima
1398 419 1511 468 parte
1541 415 1792 458 rhetoricae,
1832 413 1911 453 hoc
1939 418 2019 459 est,

286 486 522 527 inventione
552 483 753 539 perpolita
784 487 904 535 atquc
934 477 983 519 ad
1014 488 1133 519 omne
1164 488 1308 515 causae
1339 489 1465 528 genus
1496 473 1821 521 accommodata,
1863 480 2021 529 tempus

290 554 350 590 est
378 547 427 588 ad
459 554 612 588 ceteras
643 551 777 599 partes
809 539 1022 597 proficisci.
1079 536 1281 590 Deinceps
1310 536 1437 590 igitur
1467 537 1517 578 dc
1538 536 1804 591 dispositione
1826 535 2020 579 dicemus.

259 621 275 645 ⁵
399 611 469 650 IX.
505 612 566 650 16.
606 606 809 656 Quoniam
840 602 1053 658 dispositio
1084 605 1160 645 est,
1192 611 1267 652 per
1296 612 1417 653 quam
1447 599 1532 646 illa,
1564 612 1669 654 quae
1697 597 1949 645 invenimus,
1980 596 2023 639 in

290 670 474 713 ordinem
504 669 748 723 redigimus,
793 672 837 707 ut
867 670 980 706 certo
1009 662 1189 718 quidque
1220 660 1310 701 loco
1341 661 1647 714 pronuntietur,
1692 660 1913 701 videndum
1943 665 2022 706 est,

290 732 516 775 cuiusmodi
545 731 747 772 rationem
777 732 818 770 in
849 725 1101 782 disponendo
1131 722 1281 764 habere
1311 723 1537 765 conveniat.
1599 726 1759 765 Genera
1790 721 2025 777 dispositio-

289 810 386 837 num
417 800 509 836 sunt
539 796 640 834 duo:
671 805 798 832 unum
829 789 879 831 ab
909 788 1159 830 institutione
1189 784 1286 826 artis
1317 784 1570 837 profectum,
1604 787 1775 827 alterum
1806 785 1856 826 ad
1887 798 2024 826 casum

291 856 486 912 temporis
516 853 882 896 accommodatum.
939 853 1001 892 Ex
1032 847 1285 890 institutione
1316 849 1412 887 artis
1444 847 1725 902 disponemus,
1757 862 1848 889 cum
1880 860 2024 902 seque-

241 934 277 958 1o
292 934 384 961 mur
413 932 500 959 eam
531 917 883 972 praeceptionem,
912 926 1034 968 quam
1065 911 1105 952 in
1136 910 1269 964 primo
1300 908 1407 949 libro
1439 911 1728 964 exposuimus,
1763 913 1840 951 hoc
1871 915 1950 956 est,
1984 913 2028 950 ut

291 988 454 1024 utamur
495 979 717 1034 principio,
769 976 1022 1022 narratione,
1078 973 1299 1018 divisione,
1349 970 1678 1020 confirmatione,
1729 972 2025 1018 confutatione,

293 1043 577 1090 conclusione,
618 1048 657 1083 et
685 1044 791 1082 hunc
828 1038 1032 1083 ordinem,
1064 1032 1408 1091 quemadmodum
1438 1040 1700 1088 praeceptum
1732 1040 1792 1076 est
1821 1041 1934 1082 ante,
1986 1035 2028 1075 in

293 1105 465 1147 dicendo
495 1118 727 1160 sequamur.
786 1105 886 1145 Item
917 1114 969 1142 ex
998 1097 1251 1140 institutione
1283 1096 1379 1137 artis
1409 1110 1491 1137 non
1522 1096 1646 1138 modo
1668 1102 1771 1138 totas
1793 1111 1934 1138 causas
1956 1110 2029 1152 per

294 1168 543 1214 orationem,
588 1166 658 1208 sed
698 1165 876 1219 singulas
907 1175 1071 1218 quoque
1102 1158 1475 1213 argumentationes
1507 1161 1791 1213 disponemus,
1836 1158 2030 1213 quemad-

245 1243 279 1268 1⁵
295 1230 460 1272 modum
482 1229 521 1270 in
543 1228 650 1271 libro
671 1226 849 1270 secundo
871 1225 1102 1270 docuimus,
1138 1221 1193 1277 [id
1214 1226 1294 1268 est,
1328 1223 1646 1276 expositionem,
1680 1221 1901 1268 rationem,
1934 1235 2030 1262 con-

293 1292 563 1334 firmationem
592 1290 783 1337 rationis,
815 1286 1146 1332 exornationem,
1177 1285 1519 1339 complexionem.
1584 1287 1646 1324 17.
1676 1285 1786 1325 Haec
1814 1284 1939 1337 igitur
1959 1283 2033 1324 du·-

293 1354 389 1410 plex
420 1353 633 1409 dispositio
664 1357 743 1393 est:
788 1365 868 1392 una
898 1363 973 1405 per
1004 1347 1233 1395 orationes,
1282 1346 1405 1387 altera
1437 1360 1510 1400 per
1540 1346 1936 1400 argumentationes,
1980 1345 2030 1387 ab

295 1417 545 1458 institutione
576 1415 674 1456 artis
704 1411 916 1469 prosecta}
973 1414 1044 1452 Est
1074 1415 1207 1451 autem
1242 1407 1308 1462 [et]
1342 1409 1417 1449 alia
1441 1407 1673 1463 dispositio,
1708 1423 1833 1462 quae,
1866 1423 1958 1450 cum
1981 1408 2031 1449 ab

297 1479 440 1521 ordine
470 1477 692 1520 artificioso
722 1473 993 1517 secedendum
1025 1478 1106 1520 est,
1145 1472 1319 1513 oratoris
1350 1470 1503 1511 iudicio
1534 1470 1584 1511 ad
1614 1477 1772 1526 tempus
1803 1485 2033 1513 accommo-

247 1553 282 1578 20
298 1541 436 1590 datum
485 1546 529 1581 ut
570 1539 602 1580 si
641 1553 663 1579 a
703 1537 936 1579 narratione
980 1535 1116 1576 dicere
1158 1533 1397 1588 incipiamus
1442 1539 1510 1573 aut
1548 1532 1598 1573 ab
1638 1533 1773 1588 aliqua
1802 1532 2033 1574 firmissima

297 1602 647 1657 argumentatione
677 1605 746 1642 aut
774 1615 797 1640 a
827 1599 1052 1640 litterarum
1084 1596 1312 1650 aliquarum
1342 1594 1599 1645 recitatione;
1649 1602 1716 1636 aut
1746 1595 1779 1636 si
1810 1595 2033 1636 secundum

297 1665 541 1722 principium
573 1662 879 1705 confirmatione
909 1666 1092 1705 utamur,
1125 1656 1270 1698 deinde
1301 1657 1558 1705 narration03
1594 1664 1679 1703 aut,
1712 1657 1746 1698 si
1776 1671 1897 1712 quam
1927 1657 2034 1698 eius-

298 1727 410 1769 modi
439 1725 778 1781 permutationem
811 1721 967 1764 ordinis
997 1720 1210 1768 saciamus;
1244 1732 1418 1774 quorum
1451 1719 1570 1766 nihil,
1603 1719 1680 1760 nisi
1701 1733 1820 1761 causa
1842 1720 2033 1774 postulet,

298 1790 387 1832 fieri
418 1787 638 1843 oportebit.
696 1790 793 1828 Nam
825 1785 858 1826 si
887 1783 1156 1826 vehementer
1186 1795 1303 1823 aures
1334 1781 1566 1822 auditorum
1598 1781 1767 1823 obtusae
1789 1781 2036 1823 videbuntur

251 1860 421 1908 2⁵atque
463 1851 586 1894 animi
625 1847 829 1904 defatigati
868 1850 917 1888 ab
957 1845 1202 1887 adversariis
1240 1843 1497 1884 multitudine
1527 1843 1771 1890 verborum,
1821 1844 2037 1885 commode

300 1915 524 1971 poterimus
553 1912 755 1968 principio
786 1912 1055 1965 supersedere
1086 1913 1125 1949 et
1155 1906 1339 1948 exordiri
1370 1919 1529 1946 causam
1561 1913 1629 1947 aut
1659 1920 1681 1947 a
1707 1907 1940 1947 narratione
1969 1912 2038 1948 aut

300 1977 351 2018 ab
382 1977 513 2033 aliqua
543 1975 659 2016 firma
689 1971 1054 2028 argumentatione.
1113 1969 1290 2017 Deinde,
1332 1968 1365 2009 si
1396 1971 1654 2010 commodum
1686 1969 1783 2015 erit,
1815 1968 1925 2024 quod
1956 1983 2038 2010 non

302 2052 463 2094 semper
491 2051 657 2079 necesse
687 2042 768 2082 est,
801 2038 850 2076 ad
881 2033 1071 2089 principii
1100 2031 1340 2074 sententiam
1370 2031 1524 2071 reverti
1554 2031 1704 2072 licebit.
1761 2034 1812 2072 X.
1847 2031 1888 2072 Si
1918 2045 2039 2072 causa

301 2109 443 2145 nostra
479 2113 668 2155 magnam
708 2097 982 2140 difficultatem
1025 2094 1233 2137 videbitur
1272 2092 1442 2139 habere,
1492 2099 1536 2134 ut
1574 2108 1693 2134 nemo
1731 2107 1865 2149 aequo
1903 2094 2037 2134 animo

254 2178 287 2202 ³⁰
304 2164 546 2222 principium
585 2161 713 2217 possit
756 2160 915 2206 audire,
962 2173 985 2199 a
1023 2157 1257 2199 narratione
1299 2170 1390 2197 cum
1427 2155 1724 2210 inceperimus,
1773 2156 1821 2197 ad
1851 2155 2039 2210 principii

304 2226 542 2269 sententiam
573 2231 842 2265 revertemur.
901 2221 943 2262 Si
980 2219 1165 2261 narratio
1205 2232 1350 2274 parum
1387 2217 1611 2271 probabilis
1642 2224 1721 2264 θεῖ,
1774 2218 2040 2259 exordiemur

284 2289 354 2332 -·ab
385 2289 519 2343 aliqua
548 2286 663 2327 firma
695 2283 1057 2339 argumentatione.
1115 2281 1189 2323 His
1221 2280 1606 2323 commutationibus
1637 2287 1676 2322 et
1706 2280 2040 2322 translationibus

305 2352 481 2408 partium
512 2363 631 2404 saepe
661 2348 720 2390 uti
750 2361 917 2389 necesse
948 2353 1027 2393 est,
1073 2359 1164 2386 cum
1202 2344 1289 2397 ipsa
1326 2357 1393 2384 res
1430 2342 1690 2384 artificiosam
1731 2343 2040 2397 dispositionem

306 2413 524 2455 artificiose
554 2416 803 2453 commutare
835 2409 954 2464 cogit.
1016 2409 1078 2452 18.
1110 2410 1156 2448 In
1197 2405 1503 2447 confirmatione
1542 2411 1581 2446 et
1615 2404 1891 2446 confutatione
1921 2418 2041 2459 argu-

257 2476 598 2518 3⁵mentationum
629 2473 916 2528 dispositiones
946 2469 1180 2512 huiusmodi
1210 2468 1400 2510 convenit
1428 2466 1599 2509 habere:
1641 2466 1892 2508 firmissimas
1921 2481 2042 2520 argu-

307 2538 574 2579 mentationes
604 2536 644 2577 in
674 2536 816 2591 primis
847 2541 886 2576 et
915 2537 956 2575 in
985 2532 1204 2589 postremis
1233 2544 1377 2572 causae
1407 2529 1591 2585 partibus
1620 2529 1839 2579 collocare;
1883 2528 2040 2569 medio-

307 2615 398 2642 cres
437 2606 476 2641 et
513 2613 646 2654 neque
687 2598 848 2639 inutiles
893 2597 941 2638 ad
984 2595 1200 2638 dicendum
1237 2607 1371 2648 neque
1401 2592 1648 2633 necessarias
1679 2595 1729 2632 ad
1758 2589 2035 2646 probandum,

308 2678 436 2719 quae,
485 2662 517 2704 si
556 2661 772 2717 separatim
819 2674 865 2701 ac
907 2659 1092 2713 singulae
1133 2657 1340 2702 dicantur,
1385 2654 1569 2695 infirmae
1613 2654 1708 2701 sint,
1755 2666 1846 2693 cum
1891 2653 2041 2694 ceteris

309 2726 568 2772 coniunctae,
617 2723 758 2764 firmae
797 2728 836 2763 et
878 2720 1111 2777 probabiles
1141 2719 1256 2764 fiant,
1306 2717 1512 2771 interponi
1542 2721 1581 2756 et
1610 2716 1650 2756 in
1681 2714 1817 2756 medio
1847 2714 2041 2756 collocari

260 2799 295 2824 40
311 2794 482 2843 oportet.
541 2790 639 2828 Nam
670 2785 801 2827 statim
830 2798 877 2826 re
907 2789 1068 2825 narrata
1098 2785 1306 2836 exspectat
1335 2779 1492 2820 animus
1522 2777 1738 2825 auditoris,
1789 2791 1840 2818 ex
1877 2791 1956 2832 qua
1994 2792 2041 2818 re

308 2854 1495 2870 ——————..-.——-———

400 2891 431 2920 1.
459 2898 581 2920 causae
605 2896 722 2928 qenere
748 2885 916 2917 PAFRT:
954 2893 1075 2925 yenere
1100 2892 1225 2915 causae
1250 2882 1318 2912 BE.
1351 2897 1393 2902 —
1433 2880 1465 2910 2.
1493 2888 1514 2909 α
1537 2878 1634 2908 nobis
1660 2878 1853 2910 PABFRT:
1880 2881 1977 2912 nobis
2005 2882 2040 2914 E.

313 2935 368 2966 13.
395 2944 574 2976 sequamur
598 2934 795 2965 PABFRT:
821 2941 997 2972 sequemur
1022 2931 1060 2961 E.
1089 2947 1129 2952 —
1157 2930 1220 2960 14..
1239 2929 1295 2959 secl
1319 2926 1474 2965 sinqulas
1498 2924 1694 2955 PABFRT:
1722 2926 1780 2955 sed
1801 2935 1862 2965 per
1886 2929 2043 2969 singulas

312 2982 353 3013 E.
384 2999 421 3004 —
448 2980 592 3022 qnoque]
612 2989 763 3021 quasque
781 2980 891 3016 BRT,
918 2987 985 3009 om.
1006 2978 1059 3008 PF
1085 2981 1119 3007 et
1145 2985 1194 3015 pr.
1216 2975 1256 3005 Α.
1291 2989 1323 2994 -
1353 2974 1408 3004 15.
1437 2972 1524 3002 libro
1542 2971 1687 3002 secundo
1705 2971 1870 3004 PBFRT:
1897 2974 2043 3006 secundo

313 3028 400 3058 libro
426 3027 497 3058 ΑΕ.
540 3046 573 3051 -
620 3028 681 3059 Vv.
711 3027 749 3057 id
774 3032 822 3058 est
840 3043 883 3049 --
908 3024 1176 3063 compleaeionem
1208 3021 1349 3052 seclusit
1385 3019 1432 3054 E:
1470 3026 1547 3049 cum
1585 3018 1635 3048 his
1661 3020 1761 3049 etiam
1790 3029 1842 3051 vv.
1886 3020 1981 3052 Haec
1999 3037 2011 3042 -
2030 3037 2043 3042 -

311 3073 466 3114 prosecta
491 3074 569 3104 sch.
599 3090 638 3096 —
677 3074 732 3104 18.
760 3078 791 3105 et
817 3081 882 3104 om.
902 3071 1062 3102 PBFRT.
1112 3069 1180 3100 Nos
1206 3069 1425 3099 seclusimus.
1455 3081 1488 3087 —
1530 3063 1583 3094 19.
1610 3064 1831 3096 secedendum
1855 3067 1958 3098 PFT:
1993 3076 2044 3098 re-

315 3120 500 3152 cedendum
527 3120 656 3150 ABRE.
697 3137 734 3142 —
772 3120 828 3150 22.
869 3117 1035 3149 eiusmodi
1059 3115 1222 3146 PABFT:
1259 3110 1456 3143 huiusmodi
1480 3110 1551 3141 RE.
1590 3127 1626 3133 —
1665 3111 1722 3143 27.
1750 3114 1840 3153 quod
1867 3113 1984 3144 PBRT
2011 3118 2044 3144 et

317 3176 403 3198 corr.
426 3167 473 3196 A:
512 3166 592 3205 quia
618 3167 670 3197 FE
698 3170 731 3196 et
756 3175 806 3204 pr.
827 3165 868 3197 Α.
907 3181 943 3187 -
988 3164 1044 3194 31.
1070 3167 1280 3192 revertemur
1304 3158 1422 3189 PABR
1448 3162 1480 3188 et
1505 3165 1591 3188 corr.
1620 3157 1664 3187 F:
1706 3164 1912 3191 revertemur
1937 3160 2045 3190 licebit

318 3222 369 3252 pr.
389 3213 434 3249 F,
460 3215 664 3242 revertemur
690 3212 801 3244 libebit
826 3212 874 3251 T,
901 3213 1116 3241 revertamur
1133 3209 1207 3239 licet
1226 3207 1266 3238 E.
1293 3221 1335 3228 —
1361 3204 1414 3235 33.
1440 3204 1596 3244 partium
1620 3212 1688 3234 om.
1706 3203 1805 3237 ΡΑΤ.
1828 3223 1865 3229 -
1893 3205 1949 3237 35.
1977 3207 2044 3237 dis-

312 3261 511 3301 putationes
535 3258 560 3288 P
586 3258 733 3297 aliique,
767 3259 864 3297 prob.
888 3257 1046 3290 Graevio.
1076 3270 1115 3277 -
1141 3254 1196 3285 lto.
1223 3252 1343 3284 statim
1363 3259 1398 3282 re
1422 3253 1572 3282 narrata
1598 3254 1770 3288 exspectat
1789 3253 1982 3292 Stephanus
2012 3256 2046 3283 et

319 3306 504 3337 Lambinus
531 3306 656 3345 (eoque
684 3305 813 3335 ducunt
837 3314 893 3336 sex
920 3304 1080 3335 codicum
1106 3306 1296 3333 nostrorum
1322 3300 1461 3338 vestigia
1488 3306 1518 3328 v.
1540 3305 1569 3327 c.
1589 3306 1670 3327 nam
1689 3301 1751 3330 etsi
1774 3301 1811 3330 in
1834 3308 1869 3330 re
1892 3304 2045 3330 narrata

320 3355 489 3392 exspectat
507 3350 551 3388 P,
579 3352 612 3381 in
631 3360 697 3391 quo
715 3351 776 3381 etsi
794 3352 832 3381 in
848 3351 1029 3383 manifesto
1048 3352 1158 3382 ortum
1179 3352 1228 3381 est
1241 3356 1258 3379 e
1272 3344 1424 3385 statim:
1452 3353 1488 3375 re
1505 3348 1657 3375 narrata
1673 3347 1791 3379 statim
1809 3349 1983 3386 exspectat
2003 3347 2041 3377 E.
