2117 3762
693 286 791 326 LIB.
825 283 857 324 1.
921 282 967 324 C.
999 284 1068 324 47.
1104 283 1168 325 48.
1200 283 1266 324 49.
1779 286 1851 326 121

216 397 354 451 Ipsum
396 401 533 437 autem
571 405 699 448 genus
738 389 1106 444 argumentationis
1142 389 1336 430 vitiosum
1374 389 1437 429 his
1477 386 1527 428 dc
1558 388 1690 430 causis
1721 395 1858 431 osten-

104 460 245 505 detur,
278 460 401 499 siant
431 460 471 498 in
503 459 592 510 ipso
615 454 758 495 vitium
782 454 858 493 crit
878 459 946 493 aut
977 454 1007 492 si
1041 466 1123 493 non
1154 454 1204 492 ad
1237 453 1301 499 id,
1335 452 1447 507 quod
1469 452 1663 498 instituit,
1695 465 1858 493 accom-

105 520 353 563 modabitur.
409 508 542 575 'Atque
575 519 616 558 in
647 517 737 569 ipso
770 516 911 556 vitium
944 517 1046 562 crit,
1089 517 1121 554 si
1152 516 1320 555 omnino
1354 519 1483 555 totum
1515 512 1661 554 salsum
1693 516 1791 562 erit,
1823 516 1857 556 si

103 596 342 630 commune,
389 584 421 623 si
454 583 644 634 vulgare,
691 579 723 619 si
756 579 863 624 leve,
911 577 943 618 si
975 583 1206 624 remotum,
1254 576 1288 617 si
1319 575 1424 617 mala
1455 573 1662 622 delinitio,
1694 577 1727 616 si
1759 589 1858 618 con-

103 652 358 693 troversum,
391 646 424 685 si
455 643 746 699 perspicuum,
788 640 821 681 si
853 654 934 681 non
966 653 1229 686 concessum,
1263 640 1294 678 si
1327 644 1465 693 turpe,
1499 640 1531 679 si
1564 636 1790 686 offensum,
1824 640 1887 679 sis

102 707 376 754 contrarium,
422 708 454 747 si
486 705 746 751 inconstans,
795 704 827 742 si
858 702 1091 743 adversum.
1153 703 1220 745 90.
1251 703 1414 742 Falsum
1446 706 1527 748 cst,
1574 699 1615 741 in
1647 713 1729 755 quo
1766 714 1859 756 pcr-

103 770 243 825 spicue
273 769 533 810 mendacium
565 772 646 814 est,
690 767 769 806 hoc
799 768 948 805 modo:
1002 767 1092 805 Non
1123 768 1259 819 potest
1290 778 1379 804 csse
1411 765 1595 818 sapiens,
1633 762 1703 818 qui
1734 776 1859 818 pecu-

102 834 211 874 niam
244 831 428 885 negligit.
491 831 682 870 Socrates
712 835 846 868 autem
881 829 1096 883 pecuniam
1130 828 1377 879 negligebat.
1438 828 1526 866 Non
1549 826 1675 878 igitur
1695 824 1859 878 sapiens

102 900 204 935 erat.
264 894 491 934 Commune
534 897 618 938 est,
672 893 780 946 quod
823 891 953 931 nihilo
995 891 1125 944 magis
1166 891 1217 929 ab
1257 888 1503 928 adversariis
1534 901 1655 943 quam
1688 902 1710 928 a
1741 889 1859 929 nobis

100 956 217 1002 facit,
249 956 330 996 hoc
360 956 506 995 modo:
557 953 739 1001 Idcirco,
775 952 953 1000 iudices,
988 954 1085 1007 quia
1115 964 1255 992 veram
1287 965 1450 992 causam
1481 952 1709 997 habebam.
1740 949 1908 992 brevi1o

99 1017 306 1073 peroravi.
372 1018 547 1071 Vulgare
579 1023 663 1064 est,
710 1018 820 1070 quod
853 1017 892 1056 in
925 1015 1045 1056 aliam
1078 1028 1243 1069 quoque
1275 1028 1361 1054 rem
1395 1027 1476 1053 non
1508 1011 1784 1068 probabilem,
1825 1014 1857 1053 si

99 1093 208 1121 nunc
246 1094 488 1121 concessum
528 1081 601 1126 sit,
649 1078 864 1119 transferri
905 1077 1053 1133 possit,
1100 1083 1143 1117 ut
1180 1079 1279 1118 hoc:
1332 1075 1373 1116 Si
1404 1089 1567 1117 causam
1598 1090 1737 1117 veram
1778 1089 1859 1117 non

99 1144 295 1191 haberet,
326 1143 444 1183 vobis
476 1156 538 1187 se,
581 1143 760 1188 iudices,
802 1155 885 1181 non
915 1140 1201 1180 commisisset.
1261 1141 1371 1180 Leve
1403 1144 1482 1185 est,
1526 1140 1636 1193 quod
1668 1145 1735 1179 aut
1767 1143 1861 1194 post

100 1213 261 1260 tempus
292 1203 464 1251 dicitur,
509 1206 589 1245 hoc
621 1206 772 1245 modo:
827 1204 867 1244 Si
911 1203 951 1242 in
994 1207 1173 1242 mentem
1206 1202 1408 1248 venisset,
1455 1215 1536 1241 non
1568 1200 1854 1243 commisisset:

100 1274 170 1309 aut
199 1267 416 1324 perspicue
448 1273 610 1322 turpem
642 1281 729 1308 rem
759 1266 840 1306 levi
873 1271 1013 1318 tegere
1045 1266 1133 1304 vult
1162 1263 1426 1311 defensione,
1459 1262 1538 1305 hoc
1570 1261 1715 1304 modo:
1875 1274 1908 1301 13

328 1350 424 1389 Cum
455 1354 489 1389 te
520 1349 743 1401 expetebant
775 1360 924 1392 omnes,
951 1346 1232 1399 florentissimo

326 1414 459 1464 Reqno
488 1412 653 1464 reliqui:
685 1423 788 1450 nunc
816 1410 1010 1449 desertum
1039 1408 1086 1447 ab
1115 1408 1312 1455 omnibus,

325 1476 487 1516 Summo
512 1474 682 1528 periclo,
714 1473 800 1513 sola
828 1478 870 1512 ut
899 1473 1130 1519 restituam,
1155 1484 1275 1524 paro.

213 1570 359 1611 XLIX.
399 1570 468 1609 91.
522 1570 741 1609 Remotum
781 1571 866 1614 est,
913 1563 1022 1621 quod
1066 1566 1174 1606 ultra
1213 1578 1335 1620 quam
1376 1564 1473 1607 satis
1508 1569 1590 1613 est,
1639 1567 1858 1620 repetitur,

101 1631 357 1675 huiusmodi:
405 1629 565 1681 Quodsi
596 1644 680 1671 non
710 1631 750 1672 P.
784 1629 920 1684 Scipio
952 1627 1187 1668 Corneliam
1232 1626 1358 1669 liliam
1408 1627 1470 1669 Ti.
1506 1626 1689 1670 Graccho
1735 1628 1909 1670 collo-²0

102 1700 234 1737 casset
274 1701 396 1749 atque
435 1708 488 1734 ex
525 1706 572 1733 ea
612 1691 716 1733 duos
750 1693 958 1732 Gracchos
989 1696 1271 1745 procreasset,
1318 1696 1453 1731 tantae
1486 1690 1711 1732 seditiones
1742 1697 1860 1732 natae

101 1771 186 1799 non
228 1763 387 1805 essent3
443 1770 570 1811 quare
616 1756 694 1796 hoc
742 1754 1051 1795 incommodum
1098 1753 1280 1808 Scipioni
1325 1754 1644 1795 adscribendum
1685 1754 1859 1796 videtur.

102 1820 350 1861 Huiusmodi
383 1824 445 1858 est
474 1818 542 1859 illa
573 1831 738 1873 quoque
769 1818 1033 1873 conquestio:

328 1900 486 1940 Utinam
516 1913 562 1939 ne
591 1900 633 1939 in
662 1911 817 1939 nemore
847 1900 955 1939 Pelio
986 1898 1186 1939 securibus

326 1963 450 2003 Caesa
478 1962 680 2002 accidisset
709 1962 874 2014 abiegna
903 1962 954 2001 ad
983 1967 1133 2001 terram
1162 1960 1316 2000 trabes!
1875 1977 1909 2002 25

102 2058 286 2111 Longius
326 2057 437 2097 enim
479 2056 652 2110 repetita
694 2060 779 2102 est,
832 2068 956 2110 quam
992 2068 1059 2094 res
1097 2053 1349 2106 postulabat.
1410 2053 1517 2095 Mala
1555 2052 1739 2095 definitio
1779 2058 1861 2101 est,

103 2133 196 2161 cum
226 2123 305 2160 aut¹
327 2119 562 2159 communia
591 2116 810 2164 describit,
853 2119 932 2158 hoc
963 2119 1112 2158 modo:
1167 2115 1395 2157 Seditiosus
1436 2122 1496 2157 est
1527 2116 1583 2163 is,
1630 2118 1699 2172 qui
1733 2117 1861 2157 malus

103 2188 226 2237 atque
255 2180 410 2222 inutilis
441 2180 539 2222 civis
571 2186 658 2229 est3
712 2179 819 2233 (nam
860 2181 941 2220 hoc
980 2194 1062 2220 non
1100 2178 1228 2233 magis
1260 2178 1445 2220 seditiosi
1477 2193 1599 2234 quam
1631 2177 1858 2227 ambitiosi,

104 2257 227 2301 quam
258 2243 585 2292 calumniatoris,
620 2257 741 2299 quam
774 2244 949 2286 alicuius
980 2242 1159 2284 hominis
1191 2239 1373 2295 improbi
1403 2243 1486 2282 vim
1518 2240 1753 2295 describit;)
1794 2247 1862 2281 aut

103 2306 251 2349 salsum
292 2307 487 2361 quiddam
531 2308 652 2355 dicit,
702 2307 779 2349 hoc
817 2312 964 2360 pacto:
1018 2305 1227 2359 Sapientia
1269 2311 1331 2345 est
1370 2306 1570 2357 pecuniae
1601 2305 1910 2358 quaerendae³0

103 2369 396 2424 intelligentia;
437 2374 507 2410 aut
536 2369 690 2424 aliquid
721 2383 805 2411 non
837 2383 960 2423 grave
991 2383 1068 2410 nec
1099 2380 1289 2422 magnum
1323 2366 1560 2414 continens,
1595 2368 1675 2408 sic:
1725 2365 1863 2407 Stulti-

104 2433 157 2473 tia
189 2437 251 2473 est
282 2431 506 2473 immensae
539 2431 696 2485 gloriae
728 2432 943 2487 cupiditas.
1005 2434 1077 2472 Est
1114 2432 1217 2470 haec
1256 2429 1424 2484 quidem
1463 2430 1657 2476 stultitia,
1706 2427 1777 2469 sed
1812 2442 1861 2469 ex

103 2501 219 2552 parte
250 2496 448 2550 quadam,
481 2508 565 2535 non
596 2507 648 2535 ex
679 2496 791 2535 omni
823 2508 976 2547 genere
1008 2492 1188 2534 definita.
1254 2492 1575 2533 Controversum
1599 2496 1684 2539 cst,
1717 2491 1756 2531 in
1779 2503 1858 2545 quo

104 2560 156 2600 ad
186 2555 354 2600 dubium
388 2555 757 2598 demonstrandum
787 2558 912 2598 dubia
942 2569 1063 2597 causa
1094 2555 1284 2603 affertur,
1315 2556 1396 2596 hoc
1427 2554 1572 2597 modo:

327 2651 418 2691 Eho
448 2657 512 2697 tu,
543 2651 605 2698 ds,
637 2651 775 2704 quibus
805 2657 859 2691 est
882 2655 1056 2703 potestas
1085 2656 1213 2689 molus
1243 2653 1425 2703 superum
1456 2656 1570 2703 atque
1598 2649 1785 2702 inferum,
1875 2656 1909 2684 ³⁵

328 2715 469 2754 Pacem
498 2714 602 2754 inter
631 2726 710 2753 sese
740 2714 969 2759 conciliant,
1001 2713 1203 2766 conserunt
1233 2712 1497 2752 concordiam.

198 2857 232 2889 2.
261 2858 416 2889 instituit
441 2857 495 2888 ΡΑ
522 2863 556 2889 et.
582 2865 670 2889 corr.
699 2857 751 2888 T:
780 2858 923 2888 instruit
950 2866 1000 2896 pr.
1028 2856 1075 2893 T,
1104 2857 1308 2889 instituitur
1334 2855 1409 2886 RE.
1443 2870 1483 2875 —
1527 2854 1583 2885 11.
1620 2853 1742 2883 sinon
1775 2852 1862 2883 ΡᾹΤ

107 2909 141 2936 et
168 2907 300 2935 tantum
327 2912 395 2935 non
424 2913 555 2936 omnes.
596 2904 639 2936 Ut.
666 2913 746 2941 nos,
776 2904 874 2935 Leid.
903 2904 948 2933 ΙΙ.
980 2904 1022 2934 R.
1046 2919 1084 2924 —
1114 2903 1169 2934 12.
1198 2907 1234 2933 ut
1261 2902 1321 2934 Ιιοο
1347 2902 1400 2933 PA
1429 2905 1462 2933 et
1488 2909 1572 2932 corr.
1595 2899 1647 2930 T:
1675 2899 1735 2930 hoc
1762 2899 1863 2930 modo

107 2952 134 2984 E
161 2959 237 2982 cum
265 2951 293 2981 R
321 2955 355 2983 et
382 2959 432 2988 pr.
462 2950 503 2982 T.
534 2967 567 2973 —
609 2960 750 2982 causam
776 2960 891 2982 veram
918 2950 1027 2981 PA'l':
1058 2958 1174 2980 veram
1199 2958 1341 2980 causam
1369 2948 1440 2979 RE.
1472 2964 1508 2969 —
1553 2946 1607 2976 15.
1644 2949 1706 2976 out
1729 2946 1863 2986 perspi-

106 3007 164 3031 cue
193 2997 312 3029 PART
347 3000 381 3029 et
418 3001 549 3028 tantum
578 3007 645 3030 non
674 3006 819 3030 onmes:
863 3001 925 3028 aut
955 2998 988 3027 si
1020 2997 1199 3035 perspicue
1230 3004 1306 3028 cum
1335 2992 1592 3026 Grevenburch.
1623 2991 1723 3023 Grut.
1754 2992 1790 3024 E.
1825 3007 1862 3015 -

107 3051 244 3085 turpem
280 3052 352 3074 rem
388 3043 533 3075 PART:
575 3053 647 3075 rem
673 3050 808 3085 turpem
836 3044 877 3076 E.
919 3059 956 3065 —-
1000 3044 1055 3074 19.
1090 3044 1257 3081 repetitur
1289 3043 1337 3079 T,
1366 3042 1414 3072 L:
1455 3040 1625 3078 reperitur
1649 3039 1700 3075 Α,
1735 3040 1863 3079 petitur

106 3092 209 3123 PRE.
251 3090 321 3122 Cir.
350 3089 427 3120 Lib.
456 3091 490 3126 2,
518 3088 554 3130 §.
583 3092 615 3122 6.
648 3107 683 3113 -
726 3094 780 3122 20.
810 3091 1006 3121 huiusmodi
1033 3089 1152 3120 1&an
1180 3094 1213 3120 et
1239 3094 1368 3120 tantum
1397 3095 1462 3116 non
1491 3093 1635 3118 omnes:
1675 3085 1735 3116 hoc
1760 3085 1863 3117 modo

108 3139 148 3170 E.
179 3154 217 3161 -—-
245 3137 301 3169 25.
330 3145 433 3167 caesa
459 3137 638 3169 accidisset
665 3137 854 3170 Oudend.:
882 3145 982 3169 caesa
1004 3136 1238 3172 ccc-idissetE,
1275 3141 1394 3165 caesae
1421 3133 1625 3164 accedissent
1650 3131 1726 3171 (sic)
1752 3141 1801 3170 pr.
1820 3131 1860 3168 P,

107 3193 225 3217 caesae
251 3184 450 3215 cecidissent
478 3183 568 3214 ΛΚΤ
596 3188 630 3215 et
656 3193 743 3217 corr.
773 3185 811 3218 P.
853 3201 889 3207 —
935 3184 1083 3223 abieyna
1118 3191 1185 3213 om.
1223 3181 1313 3213 AitT
1348 3184 1381 3210 et
1408 3187 1457 3217 pr.
1488 3179 1525 3209 P.
1556 3178 1624 3209 (ll'r.
1653 3179 1774 3217 'l'opic.
1805 3179 1859 3209 16.

109 3237 175 3263 cet.
208 3246 242 3252 —
272 3230 328 3270 28.
357 3231 438 3261 civis
465 3234 513 3260 est
537 3230 629 3262 ΛΚΤ
657 3235 690 3262 et
715 3240 802 3263 corr.
833 3231 870 3262 P.
900 3229 981 3262 (om.
1012 3235 1059 3261 est
1088 3238 1136 3267 pr.
1166 3226 1221 3268 P.)
1252 3243 1289 3249 —
1317 3226 1373 3256 29.
1401 3226 1549 3256 hominis
1574 3225 1724 3264 improbi
1750 3224 1859 3256 PA'r:

107 3277 257 3318 improbi
279 3278 427 3308 hontinis
454 3276 524 3307 RE.
558 3294 593 3300 —
624 3277 680 3308 32.
710 3278 848 3309 «Malim
875 3279 1052 3308 irmnensa.
1101 3275 1194 3314 Virg.
1224 3275 1310 3305 Αεη.
1338 3272 1372 3308 6,
1400 3272 1502 3302 82ί-;
1532 3271 1674 3302 laudum
1698 3272 1862 3302 immensa

108 3324 245 3364 cupido.
298 3324 348 3354 Ad
380 3324 460 3355 tter.
490 3323 523 3361 2,
552 3323 608 3361 22,
636 3322 722 3355 Sti-,2
748 3325 901 3356 stultitia
924 3324 1023 3363 parit
1049 3322 1230 3353 immensas
1257 3319 1500 3359 cupiditates.»
1528 3318 1634 3350 ΒΛιτ.
1665 3334 1703 3341 -
1740 3317 1796 3350 35.
1825 3316 1862 3348 di

107 3370 159 3403 P:
187 3370 240 3403 dii
261 3369 399 3403 ARTE.
