2117 3762
229 308 311 354 110ss
1002 304 1218 350 ORATOR

221 422 454 474 sophorum
491 414 709 468 disciplina
747 423 879 467 genus
916 413 958 453 et
986 413 1169 466 speciem
1200 415 1401 469 cuiusque
1431 411 1495 454 rei
1526 424 1697 453 cernere
1728 425 1862 468 neque
1895 427 1988 456 eam

221 480 459 524 definiendo
490 479 700 533 explicare
730 489 808 516 nec
837 472 1022 516 tribuere
1051 475 1095 515 in
1123 480 1262 530 partes
1291 489 1512 531 possumus
1541 487 1621 516 nec
1639 473 1846 525 iudicare,
1880 491 1988 531 quae

220 558 344 593 vera,
377 556 482 598 quae
511 540 614 582 falsa
644 540 745 588 sint,
789 552 926 592 neque
958 550 1129 579 cernere
1160 540 1477 595 consequentia,
1516 541 1789 592 repugnantia
1819 538 1987 589 videre,

222 608 417 661 ambigua
446 603 716 656 distinguere.
779 600 890 650 Quid
919 601 1054 642 dicam
1083 601 1135 641 de
1166 605 1313 643 natura
1342 615 1507 649 rerum,
1541 600 1657 641 cuius
1688 602 1872 653 cognitio
1902 615 1989 643 ma-

192 683 343 724 sgnani
374 665 574 708 orationis
604 663 840 719 suppeditat
870 663 1058 718 copiam,
1106 662 1158 704 de
1187 663 1293 709 vita,
1336 665 1387 704 de
1416 662 1583 711 officiis,
1630 663 1682 703 de
1711 662 1889 713 virtute,
1938 666 1990 706 de

220 730 409 773 moribus
449 729 538 768 sine
576 727 707 768 multa
746 740 889 768 earum
918 726 1106 781 ipsarum
1134 738 1279 767 rerum
1309 723 1525 779 disciplina
1555 730 1627 767 aut
1657 726 1739 766 dici
1769 731 1840 768 aut
1868 727 1990 769 intel-

219 794 293 847 ligi
322 793 474 848 posse?
523 793 575 834 V.
612 792 677 831 17.
714 791 777 831 Ad
807 791 882 830 has
912 794 974 830 tot
1003 794 1219 844 tantasque
1248 801 1318 829 res
1355 787 1591 843 adhibenda
1621 793 1717 829 sunt
1746 795 1991 833 ornamenta

219 851 559 900 innumerabilia,
604 865 710 908 quae
749 851 838 894 sola
874 857 963 893 tum
1003 850 1172 906 quidem
1212 849 1487 892 tradebantur
1516 849 1568 891 ab
1599 852 1671 898 iis,
1723 852 1793 907 qui
1825 853 1991 894 dicendi

219 913 548 958 numerabantur
576 914 779 970 magistri.
839 916 933 965 Quo
963 912 1031 962 fit,
1065 919 1113 955 ut
1142 927 1285 955 veram
1313 912 1427 954 illam
1458 917 1500 953 et
1529 911 1759 955 absolutam
1790 916 1992 969 eloquen-

169 999 207 1025 10
220 979 317 1021 tiam
345 992 473 1019 nemo
507 984 802 1035 consequatur,
834 979 948 1032 quod
979 978 1059 1018 alia
1087 976 1372 1031 intelligendi,
1406 975 1485 1017 alia
1505 974 1670 1018 dicendi
1691 977 1909 1031 disciplina
1930 982 1994 1019 est

221 1046 261 1083 et
291 1039 342 1082 ab
373 1039 464 1082 aliis
503 1055 671 1090 rerum,
721 1039 773 1082 ab
813 1040 904 1082 aliis
943 1039 1171 1081 verborum
1209 1038 1397 1080 doctrina
1439 1038 1668 1093 quaeritur.
1732 1042 1798 1082 18.
1846 1042 1992 1097 Itaque

219 1106 276 1147 M.
298 1105 527 1154 Antonius,
557 1104 624 1146 cui
639 1105 705 1146 vel
722 1104 877 1159 primas
897 1101 1160 1157 eloquentiae
1182 1107 1346 1158 patrum
1367 1108 1609 1143 nostrorum
1630 1101 1840 1145 tribuebat
1860 1110 1989 1153 aetas,

219 1166 286 1209 vir
325 1172 474 1209 natura
509 1171 731 1221 peracutus
768 1171 808 1208 et
845 1166 1052 1221 prudens,
1103 1166 1146 1206 in
1185 1177 1237 1206 eo
1273 1162 1411 1213 libro,
1463 1178 1589 1220 quem
1628 1178 1759 1206 unum
1801 1166 1990 1222 reliquit,

222 1228 462 1271 disertos
493 1229 548 1271 ait
578 1243 622 1271 se
652 1228 807 1272 vidisse
838 1228 1017 1277 multos,
1059 1229 1407 1283 eloquentem
1439 1228 1610 1268 omnino
1640 1228 1866 1269 neminem.
1927 1230 1994 1270 In-

169 1311 208 1338 15
223 1291 384 1335 sidebat
412 1292 606 1335 videlicet
635 1294 678 1335 iu
700 1293 789 1334 eius
809 1296 947 1333 mente
966 1293 1127 1345 species
1149 1289 1437 1345 eloquentiae,
1471 1303 1595 1345 quam
1617 1291 1815 1331 cernebat
1840 1291 1992 1339 animo,

221 1369 369 1412 reapse
390 1370 476 1397 non
496 1354 679 1397 videbat.
718 1354 793 1398 Vir
812 1359 954 1396 autem
974 1354 1180 1395 acerrimo
1202 1352 1370 1407 ingenio
1401 1376 1456 1384 -—
1477 1353 1534 1394 sic
1557 1353 1669 1394 enim
1689 1351 1767 1394 fuit
1788 1377 1843 1384 —-
1863 1355 1994 1394 multa

223 1424 265 1461 et
292 1419 335 1460 in
365 1433 409 1461 se
440 1423 482 1460 et
510 1419 553 1460 in
583 1417 675 1460 aliis
705 1419 975 1466 desiderans,
1014 1415 1226 1457 neminem
1256 1415 1397 1471 plane,
1430 1415 1501 1472 qui
1530 1420 1645 1457 recte
1675 1415 1877 1471 appellari
1907 1416 1993 1458 elo-

223 1496 354 1537 quens
374 1487 541 1537 posset,
572 1481 757 1523 videbat.
821 1482 888 1521 19.
924 1478 1082 1529 Quodsi
1103 1478 1171 1519 ille
1199 1491 1276 1520 nec
1307 1493 1351 1520 se
1382 1493 1460 1520 nec
1492 1481 1540 1520 L.
1570 1481 1763 1521 Crassum
1794 1479 1995 1535 eloquen-

222 1550 308 1586 tem
346 1543 527 1600 putavit‚
577 1544 725 1586 habuit
768 1542 958 1599 profecto
1000 1543 1346 1596 comprehensam
1390 1541 1531 1583 animo
1570 1545 1775 1598 quandam
1814 1541 1995 1584 formam

173 1607 512 1662 2oeloquentiae,
559 1608 626 1648 cui
665 1606 864 1661 quoniam
903 1604 1006 1647 nihil
1045 1606 1208 1653 deerat,
1255 1618 1346 1653 θος,
1392 1606 1544 1660 quibus
1582 1604 1739 1660 aliquid
1776 1611 1848 1647 aut
1875 1605 1994 1661 plura

224 1668 418 1717 deerant,
450 1670 494 1710 in
524 1682 615 1711 eam
644 1670 823 1712 formam
852 1682 939 1711 non
967 1673 1130 1724 poterat
1159 1667 1388 1723 includere.
1449 1669 1749 1722 Investigemus
1778 1670 1889 1710 hunc
1918 1669 1995 1722 igi-

223 1736 316 1781 tur,
350 1734 501 1779 Brute,
534 1733 569 1773 si
600 1745 845 1786 possumus,
878 1745 1001 1787 quem
1022 1744 1235 1786 nunquam
1258 1732 1362 1772 vidit
1381 1732 1607 1780 Antonius,
1641 1737 1711 1772 aut
1731 1733 1801 1788 qui
1823 1732 1992 1774 omnino

224 1793 361 1836 nullus
400 1808 586 1850 unquam
624 1794 726 1837 fuit:
779 1808 904 1850 quem
945 1795 979 1835 si
1018 1793 1171 1835 imitari
1209 1798 1333 1849 atque
1372 1793 1607 1849 exprimere
1639 1808 1723 1836 non
1753 1808 1993 1850 possumus,

225 1858 341 1912 quod
371 1856 481 1898 idem
510 1857 581 1899 ille
612 1859 683 1900 vix
713 1861 792 1900 deo
824 1871 1068 1901 concessum
1099 1870 1190 1899 esse
1230 1858 1418 1906 dicebat,
1464 1861 1506 1898 at
1535 1856 1666 1912 qualis
1699 1871 1791 1899 esse
1821 1859 1994 1906 debeat,

174 1944 211 1970 2⁵
224 1919 458 1975 poterimus
486 1921 664 1963 fortasse
694 1920 846 1963 dicere.

337 1986 406 2026 20.
455 1985 552 2025 Tria
590 1989 686 2025 sunt
723 1987 891 2026 omnino
931 1997 1085 2038 genera
1121 1983 1312 2031 dicendi,
1360 1983 1511 2038 quibus
1551 1982 1593 2023 in
1624 1982 1794 2037 singulis
1827 1982 1994 2039 quidam

223 2045 481 2096 floruerunt,
532 2060 747 2102 peraeque
789 2052 947 2094 autem,
990 2046 1033 2087 id
1071 2048 1183 2102 quod
1220 2046 1434 2093 volumus,
1480 2047 1677 2100 perpauci
1707 2047 1751 2086 in
1782 2047 1991 2087 omnibus.

223 2111 329 2150 Nam
361 2115 401 2151 et
432 2110 717 2165 grandiloqui,
762 2114 806 2151 ut
836 2109 894 2151 ita
924 2110 1083 2157 dicam,
1130 2107 1299 2148 suerunt
1328 2121 1422 2148 cum
1455 2108 1591 2162 ampla
1623 2114 1664 2149 et
1694 2110 1995 2149 sententiarum

225 2174 426 2227 gravitate
458 2178 499 2214 et
529 2173 745 2214 maiestate
774 2174 1029 2219 verborum,
1074 2169 1342 2211 vehementes
1373 2170 1496 2219 varii,
1536 2169 1698 2226 copiosi
1730 2184 1897 2224 graves,
1945 2169 1997 2212 ad

175 2258 211 2284 ³0
225 2238 532 2292 permovendos
563 2241 604 2277 et
634 2236 940 2277 convertendos
970 2232 1131 2274 animos
1161 2232 1352 2274 instructi
1383 2238 1423 2274 et
1452 2234 1607 2288 parati:
1640 2257 1694 2263 —-
1726 2235 1838 2289 quod
1859 2232 1995 2289 ipsum

225 2300 294 2340 alii
325 2312 496 2352 aspera,
527 2298 662 2347 tristi,
694 2296 869 2339 horrida
899 2297 1090 2338 oratione
1120 2310 1257 2351 neque
1290 2296 1476 2349 perfecta
1505 2309 1640 2351 neque
1672 2295 1892 2345 conclusa,
1925 2295 1995 2337 alii

222 2362 307 2405 levi
336 2368 379 2403 et
408 2366 563 2403 structa
592 2366 634 2402 et
661 2361 882 2402 terminata
912 2374 990 2399 —z
1025 2363 1066 2399 et
1095 2364 1238 2399 contra
1269 2363 1438 2407 tenues,
1472 2360 1603 2408 acuti,
1637 2358 1776 2400 omnia
1799 2361 1994 2400 docentes

226 2431 269 2466 et
298 2423 567 2472 dilucidiora,
597 2437 683 2464 non
714 2422 917 2478 ampliora
944 2422 1167 2469 facientes,
1202 2421 1341 2462 subtili
1372 2423 1551 2476 quadam
1572 2426 1613 2462 et
1632 2434 1774 2476 pressa
1805 2421 1994 2463 oratione

223 2487 377 2538 limati;
427 2488 496 2529 VI.
536 2485 579 2528 in
618 2487 852 2541 eodemque
892 2497 1045 2539 genere
1084 2482 1154 2524 alii
1194 2482 1350 2532 callidi,
1396 2485 1469 2525 sed
1506 2483 1687 2537 impoliti
1724 2488 1766 2525 et
1805 2484 1993 2525 consulto

175 2571 210 2596 35
225 2550 390 2592 rudium
421 2549 575 2591 similes
606 2554 648 2590 et
676 2548 993 2604 imperitorum,
1026 2546 1094 2588 alii
1124 2547 1167 2587 in
1198 2548 1344 2587 eadem
1372 2545 1586 2587 ieiunitate
1610 2546 1921 2593 concinniores,
1952 2545 1995 2587 id

226 2619 311 2663 est,
357 2614 507 2662 faceti,
556 2610 755 2653 florentes
796 2611 920 2652 ctiam
959 2615 1001 2651 et
1039 2610 1186 2651 leviter
1222 2609 1371 2650 ornati.
1432 2611 1500 2651 21.
1543 2611 1615 2650 Est
1653 2613 1789 2650 autem
1823 2607 1992 2663 quidam

223 2677 463 2718 interiectus
499 2677 607 2716 inter
642 2676 746 2723 hos,
793 2675 955 2715 medius
987 2677 1027 2713 et
1057 2671 1173 2727 quasi
1204 2676 1482 2725 temperatus,
1530 2684 1607 2712 nec
1636 2672 1824 2712 acumine
1853 2675 1994 2726 poste-

225 2741 386 2782 riorum
428 2752 505 2780 nec
548 2736 720 2779 flumine
763 2742 886 2778 utens
928 2735 1214 2789 superiorum,
1264 2734 1425 2776 vicinus
1466 2735 1714 2782 amborum,
1760 2734 1802 2774 in
1844 2739 1993 2775 neutro

317 2849 349 2880 1.
376 2856 437 2879 nec
462 2855 537 2879 eam
561 2846 604 2879 R.
645 2861 683 2867 —-
725 2845 759 2875 2.
798 2844 1006 2876 distribuere
1032 2843 1076 2876 R.
1122 2860 1159 2867 —
1204 2845 1239 2876 5.
1268 2844 1422 2875 oratoris
1450 2843 1539 2874 Ven.
1567 2841 1695 2880 1485„
1734 2842 1827 2874 unde
1855 2842 1994 2873 oratori

225 2896 377 2929 malebat
406 2895 488 2926 Ern.
515 2892 702 2934 (orationis
728 2891 808 2923 Ald.
829 2888 915 2931 sec.)
941 2891 985 2922 Ut.
1011 2899 1099 2928 nos,
1126 2891 1171 2921 R.
1203 2907 1237 2913 —
1267 2891 1302 2922 7.
1328 2888 1439 2930 posse]
1467 2889 1538 2921 Vit.
1566 2889 1661 2920 Eins.
1689 2889 1774 2925 Dr.,
1803 2888 1854 2920 R:
1879 2893 1993 2928 potest

226 2952 302 2975 cuin
330 2941 451 2975 Lamb.
482 2942 523 2973 E.
550 2957 595 2962 ——
620 2938 654 2970 8.
683 2939 726 2971 ab
751 2940 793 2969 iis
820 2940 924 2969 etiam
952 2938 980 2969 R
1000 2961 1007 2975 ,
1035 2947 1105 2970 non
1131 2937 1174 2969 ab
1201 2939 1253 2970 his
1279 2938 1348 2968 Vit.
1377 2938 1437 2968 Dr.
1468 2954 1504 2960 —
1551 2936 1606 2967 12.
1634 2935 1850 2976 eloquentiae
1872 2940 1993 2975 partes

223 2993 366 3029 patrum
401 2998 441 3021 ex
467 2989 569 3029 gloss.
596 2987 692 3024 Vit.,
734 2985 777 3016 R.
817 2983 903 3026 (non
931 2983 1044 3025 Eins.)
1079 2999 1119 3008 --
1164 2983 1274 3025 aetas]
1312 2985 1485 3015 autoritas
1519 2980 1593 3022 (sic)
1619 2982 1662 3013 R.
1693 2999 1729 3005 —
1779 2982 1834 3014 16.
1871 2990 1992 3020 reapse

227 3045 267 3068 «c
296 3037 371 3067 Vct.
393 3035 504 3067 Cod.»
542 3033 668 3066 Lamb.
696 3034 731 3064 in
757 3041 825 3071 mg.
846 3032 1013 3070 Repete:
1043 3040 1080 3063 re
1104 3032 1183 3070 ipsa
1208 3033 1315 3064 ceteri
1345 3031 1421 3064 libri
1438 3054 1446 3066 ,
1476 3030 1549 3061 RE.
1572 3045 1612 3051 —
1641 3030 1697 3061 19.
1721 3029 1875 3068 putabat
1895 3029 1989 3060 Eins.

229 3098 261 3104 -
295 3083 351 3114 23.
380 3080 497 3122 atque]
525 3086 589 3113 aut
621 3081 663 3112 R.
705 3096 742 3102 —
781 3078 838 3109 24.
870 3079 927 3110 ille
951 3079 1040 3110 idem
1066 3079 1162 3110 Eins.
1201 3094 1245 3100 -
1294 3087 1336 3108 ac
1367 3077 1481 3117 qualis
1507 3077 1555 3114 R,
1593 3078 1751 3107 attamen
1773 3076 1887 3116 qualis
1913 3083 1990 3106 cum

225 3128 316 3161 Edd.
345 3133 427 3160 vett.
456 3129 577 3162 Lamb.
608 3143 649 3150 —-
676 3126 734 3158 31.
763 3129 867 3166 atque
892 3126 1056 3157 conctusa
1081 3125 1151 3157 Vit.
1180 3125 1274 3156 Eins.
1298 3124 1358 3156 Dr.
1389 3124 1455 3156 Gu.
1485 3124 1518 3154 1.
1538 3123 1572 3154 2.
1593 3123 1638 3154 R.
1667 3122 1868 3154 Cori-ectum
1888 3121 1989 3152 video

225 3177 261 3208 in
289 3174 424 3207 Aldina.
447 3193 484 3198 —
513 3176 568 3207 32.
598 3174 664 3206 levi
692 3173 786 3205 Eins.
805 3181 814 3203 z
841 3173 932 3204 laevi
952 3173 993 3210 E,
1021 3172 1176 3204 lenivit.
1199 3172 1257 3203 Dr.
1274 3195 1282 3207 ,
1304 3172 1342 3203 R.
1362 3186 1407 3193 —
1430 3173 1564 3203 structa
1583 3170 1788 3202 Ernestius:
1816 3169 1990 3199 instructa

226 3222 304 3255 libri
331 3224 365 3252 et
389 3222 431 3253 R.
460 3221 528 3253 Csr.
558 3220 593 3262 ὃ.
622 3220 703 3252 149.
731 3218 770 3260 9.
798 3218 879 3250 232.
909 3219 952 3250 de
980 3223 1051 3258 opt.
1080 3228 1159 3259 gen.
1187 3217 1225 3258 §-
1253 3219 1287 3250 5.
1320 3235 1357 3241 —
1387 3217 1443 3249 33.
1470 3218 1608 3248 ratione
1634 3217 1675 3247 R.
1706 3231 1746 3239 —
1783 3214 1840 3246 34.
1868 3215 1989 3245 incon-

225 3269 309 3301 sulti
333 3267 426 3304 Ἧι..
452 3269 650 3299 inconsulto
676 3268 718 3299 R.
749 3283 787 3290 —-
827 3266 884 3298 35.
912 3267 948 3297 id
974 3264 1036 3306 est}
1063 3267 1166 3297 iidem
1195 3266 1244 3302 R,
1273 3265 1372 3304 prob.
1402 3263 1563 3296 Goellero
1593 3265 1628 3294 in
1654 3262 1719 3294 Ed.
1747 3264 1831 3293 min.
1860 3275 1900 3282 —-
1929 3259 1986 3290 37.

224 3314 426 3348 interiectus
449 3315 675 3345 intermedius
701 3313 777 3345 libri
804 3316 839 3344 et
865 3313 905 3345 R.
934 3313 1163 3344 Emendatum
1191 3318 1241 3345 est
1267 3315 1301 3344 in
1323 3312 1412 3343 Ven.
1440 3318 1510 3343 sec.
1540 3319 1578 3342 ex
1600 3309 1712 3341 Nonio
1740 3311 1774 3340 in
1801 3316 1830 3339 v.
1851 3307 1985 3345 cinnas,

227 3361 275 3403 (p.
301 3360 357 3393 59.
386 3360 451 3396 Μ.)
489 3377 526 3383 -
561 3361 617 3392 38.
643 3361 788 3400 fulmine
812 3360 947 3392 Nonius
974 3359 997 3390 l.
1025 3360 1046 3391 Ι.
1074 3358 1195 3392 Lamb.
1226 3376 1264 3382 —
1306 3359 1440 3391 vicinus
1475 3365 1555 3390 cum
1581 3356 1677 3389 libris
1703 3355 1757 3388 R:
1801 3356 1841 3386 ut
1865 3355 1988 3386 cinnas

227 3417 306 3444 cum
330 3407 443 3441 Nonio
470 3406 511 3440 Ε.
541 3422 581 3430 -
606 3412 731 3440 neutro
757 3407 840 3446 (om.
868 3404 921 3448 in)
945 3406 1095 3440 Nonius.
