2117 3762
825 203 868 244 C.
902 202 941 242 8.
975 203 1015 243 9.
1054 203 1116 243 10.
1765 203 1844 246 481

98 322 378 365 proponemus
409 314 478 350 aut
506 307 736 350 necessaria
768 313 839 348 aut
869 309 1086 349 coniuncta
1116 319 1208 348 cum
1238 305 1359 362 ipsis,
1391 303 1500 359 apud
1522 318 1625 360 quos
1656 319 1722 346 res
1754 321 1847 362 age-

99 379 176 413 tur.
236 373 293 412 Sit
325 378 461 413 autem
494 374 572 412 hoc
605 370 727 411 etiam
768 371 808 410 in
847 372 1096 425 praeceptis,
1141 375 1210 417 ut,
1258 370 1290 409 si
1322 367 1488 423 quando
1518 375 1678 421 tempus
1710 370 1844 422 ipsum

99 439 169 475 aut
197 447 264 474 res
294 440 364 474 aut
395 434 506 475 locus
536 439 606 474 aut
635 434 888 474 interventus
919 432 1088 473 alieuius
1119 437 1189 474 aut
1218 430 1492 484 interpellatio
1522 437 1591 472 aut
1620 433 1671 472 ab
1703 431 1851 472 adver-

100 497 209 536 sario
240 495 391 537 dictum
422 496 588 550 aliquod
619 499 660 535 et
690 496 870 535 maxime
901 496 941 535 in
972 493 1206 550 perorando
1248 493 1407 535 dederit
1442 493 1700 535 occasionem
1729 492 1850 535 nobis

98 559 299 612 aliquam,
331 564 375 599 ut
397 559 578 599 dicamus
599 556 753 610 aliquid
774 559 823 597 ad
847 564 1006 612 tempus
1027 563 1143 611 apte,
1177 569 1229 597 nc
1260 555 1615 612 derelinquamus3
1649 561 1711 604 et,
1743 569 1880 610 quaes

98 633 171 661 suo
204 619 296 661 loeo
328 622 378 661 de
410 618 724 674 amplificatione
755 621 955 668 dicemus,
987 619 1115 660 multa
1145 631 1198 660 ex
1228 617 1289 660 his
1319 624 1516 674 poterunt
1544 618 1597 662 ad
1626 619 1853 675 principio-

98 697 188 724 rum
221 688 438 738 praecepta
468 680 695 723 transferri.

212 747 282 787 lx.
313 747 377 788 31.
422 743 465 784 C.
498 745 542 784 1³.
579 744 709 793 Quid,
748 745 790 786 in
821 746 1056 787 narratione
1087 756 1191 797 quae
1222 740 1387 784 tandem
1419 746 1700 786 conservanda
1730 747 1852 787 sunt?

101 810 145 851 C.
168 809 211 852 P.
244 807 447 858 Quoniam
478 806 660 848 narratio
693 813 753 848 est
784 822 922 849 rerum
954 805 1174 862 explicatio
1205 810 1245 847 et
1277 804 1479 860 quaedam
1508 809 1624 862 quasi
1656 807 1774 850 sedes
1804 821 1853 849 ac

101 870 411 912 fundamentum
444 870 752 911 constituendae
783 869 900 918 fidei,
934 883 982 910 ea
1012 874 1105 910 sunt
1135 870 1175 909 in
1206 881 1254 909 ea
1284 870 1486 910 servanda
1507 871 1712 920 maxime,
1746 883 1902 926 quaem

100 933 223 975 etiam
254 933 295 974 iu
333 932 503 987 reliquis
539 931 625 973 fere
667 933 830 974 dicendi
868 929 1077 988 partibus3
1129 943 1235 983 quae
1273 932 1422 986 partim
1465 937 1559 973 sunt
1598 935 1851 981 necessaria,

97 997 243 1052 partim
274 1002 482 1048 assumpta
513 997 564 1036 ad
594 998 838 1040 ornandum.
895 996 998 1035 Nam
1027 999 1072 1035 ut
1102 992 1282 1034 dilucide
1323 992 1679 1051 probabiliterque
1713 1010 1855 1038 narre-

98 1072 210 1105 mus,
241 1059 523 1099 necessarium
554 1063 638 1108 est;
687 1061 759 1100 sed
789 1071 1047 1100 assumemus
1077 1057 1200 1097 etiam
1231 1057 1489 1099 suavitatem.
1549 1060 1617 1099 32.
1660 1061 1772 1117 Ergo
1803 1058 1855 1101 ad

97 1118 275 1162 dilucide
306 1122 556 1162 narrandum
598 1122 743 1162 eadem
774 1120 844 1162 illa
874 1122 1090 1174 superiora
1121 1118 1374 1173 explanandi
1405 1125 1447 1161 et
1475 1119 1705 1162 illustrandi
1734 1135 1855 1177 prae-

98 1188 217 1236 cepta
247 1189 503 1238 repetemus,
551 1182 594 1223 in
625 1183 775 1237 quibus
806 1183 858 1224 sit
886 1181 1067 1224 brevitas
1098 1195 1166 1230 ea,
1218 1195 1324 1236 quae
1364 1182 1604 1236 saepissime
1641 1185 1685 1225 in
1714 1197 1902 1226 narra-15

97 1246 209 1286 tione
248 1246 463 1294 laudatur,
515 1244 566 1286 de
608 1259 688 1299 qua
733 1259 858 1299 supra
895 1246 1049 1287 dietum
1088 1249 1162 1286 est.
1220 1243 1452 1286 Probabilis
1490 1250 1628 1287 autem
1667 1247 1769 1297 erit,
1819 1248 1854 1289 si

97 1310 310 1363 personis,
343 1309 377 1349 si
407 1307 686 1362 temporibus,
720 1309 753 1350 si
785 1309 884 1351 loeis
916 1322 988 1357 ea,
1021 1321 1127 1364 quae
1156 1308 1463 1354 narrabuntur,
1496 1308 1778 1360 consentient3
1819 1310 1854 1351 si

97 1371 296 1426 cuiusque
325 1371 422 1412 facti
453 1377 494 1412 et
524 1371 659 1413 eventi
692 1386 814 1414 eausa
839 1377 1041 1428 ponetur3
1075 1370 1107 1412 si
1130 1374 1275 1411 testata
1296 1368 1377 1410 diei
1396 1370 1672 1421 videbuntur,
1706 1371 1855 1413 sicum

97 1434 311 1475 hominum
341 1433 555 1488 opinione,
587 1438 857 1484 auctoritate,
890 1436 924 1476 si
956 1447 1048 1475 cum
1078 1433 1193 1487 lege,
1227 1446 1321 1473 cum
1352 1445 1494 1482 more,
1529 1447 1623 1475 cum
1648 1433 1854 1488 religione

97 1494 337 1546 coniuncta;
367 1497 401 1537 si
430 1497 616 1551 probitas
646 1497 849 1539 narrantis
880 1496 1199 1551 significabitur,
1231 1495 1265 1536 si
1296 1494 1542 1550 antiquitas,
1575 1494 1612 1537 si
1633 1501 1851 1546 memoria,
1867 1511 1904 1537 20

97 1558 132 1600 si
162 1559 363 1601 orationis
392 1560 542 1600 veritas
573 1564 614 1601 et
642 1561 750 1602 vitae
781 1559 894 1602 fides.
953 1561 1098 1601 Suavis
1123 1563 1260 1599 autem
1281 1556 1463 1598 narratio
1486 1562 1570 1606 est,
1603 1572 1709 1614 quae
1730 1558 1856 1601 habet

97 1622 412 1669 admirationes,
453 1623 802 1677 exspectationes,
845 1622 981 1665 exitus
1010 1620 1268 1676 inopinatos,
1299 1620 1568 1676 interpositos
1599 1626 1736 1663 motus
1765 1622 1853 1663 ani-

96 1697 288 1734 morum,
336 1684 543 1739 colloquia
572 1698 865 1740 personarum,
912 1684 1096 1732 dolores,
1142 1681 1397 1732 iracundias,
1445 1688 1600 1733 metus,
1652 1683 1852 1734 laetitias,

97 1746 359 1802 cupiditates.
422 1749 503 1788 Sed
532 1747 614 1789 iam
645 1750 696 1789 ad
725 1748 885 1803 reliqua
915 1760 1149 1804 pergamus,

210 1813 275 1852 33.
309 1810 353 1851 C.
378 1809 420 1854 F.
451 1812 609 1866 Nempe
640 1825 689 1852 ea
718 1817 971 1866 sequuntur,
1004 1824 1110 1865 quae
1141 1810 1194 1851 ad
1223 1809 1454 1851 faciendam
1483 1807 1607 1851 fidem
1628 1812 1850 1866 pertinent.
1866 1823 1903 1850 25

100 1873 145 1914 C.
168 1874 212 1914 P.
241 1875 303 1914 lta
332 1877 412 1914 est:
447 1886 552 1927 quae
582 1873 750 1928 quidem
781 1874 824 1915 in
853 1872 1208 1915 confirmationem
1240 1871 1344 1914 etin
1365 1874 1730 1928 reprehensionem
1751 1873 1856 1916 divi-

98 1934 266 1977 duntur.
326 1937 428 1976 Nam
460 1935 501 1976 in
532 1934 815 1978 confirmando
835 1941 978 1978 nostra
997 1937 1175 1990 probare
1196 1934 1414 1984 volumus,
1446 1937 1490 1977 in
1510 1936 1853 1991 reprehendendo

96 1999 348 2053 redarguere
391 1997 608 2040 contraria.
670 1999 873 2048 Quoniam
919 1999 1044 2053 igitur
1089 2011 1236 2047 omne,
1288 1999 1401 2053 quod
1445 1999 1488 2040 in
1527 2001 1854 2041 controversiam

97 2059 233 2109 venit,
264 2061 307 2102 id
338 2065 408 2102 aut
437 2060 490 2102 sit
517 2074 647 2103 necne
678 2063 730 2103 sit
758 2066 827 2103 aut
857 2061 959 2116 quid
989 2062 1042 2103 sit
1071 2066 1142 2102 aut
1172 2061 1294 2116 quale
1316 2060 1369 2101 sit
1389 2062 1620 2116 quaeritur,
1654 2063 1696 2103 in
1717 2060 1854 2117 primo

101 2123 340 2164 coniectura
367 2121 496 2170 valet,
539 2123 583 2164 in
612 2123 741 2166 altero
772 2122 980 2172 definitio,
1024 2122 1066 2164 in
1097 2125 1219 2165 tertio
1248 2124 1370 2165 ratio.
1430 2125 1499 2166 34.
1548 2126 1592 2167 C.
1626 2126 1672 2166 F.
1715 2127 1854 2166 Teneo
1870 2135 1905 2162 30

102 2185 221 2225 istam
254 2185 598 2226 distributionem.
658 2188 774 2228 Nunc
803 2187 1064 2227 coniecturae
1085 2187 1201 2228 locos
1222 2200 1392 2242 quaero.
1448 2188 1502 2229 X.
1550 2189 1594 2230 C.
1621 2189 1667 2228 P.
1698 2189 1746 2229 In
1768 2187 1857 2230 veri

101 2246 304 2288 similibus
343 2252 384 2288 et
418 2247 460 2289 in
494 2249 674 2303 propriis
718 2262 860 2290 rerum
898 2250 1007 2290 notis
1045 2248 1181 2302 posita
1219 2255 1280 2291 est
1322 2254 1420 2291 tota.
1481 2251 1563 2291 Sed
1603 2250 1857 2305 appellemus

100 2308 275 2351 docendi
305 2310 436 2364 gratia
462 2311 553 2351 veri
584 2310 738 2359 simile,
779 2310 893 2366 quod
920 2311 1166 2366 plerumque
1195 2310 1254 2353 ita
1283 2310 1375 2362 fiat,
1422 2316 1489 2362 ut,
1534 2313 1856 2354 adolescentiam

99 2371 393 2427 procliviorem
437 2386 527 2414 esse
571 2374 623 2414 ad
665 2371 904 2425 libidinem;
954 2375 1149 2429 propriae
1193 2379 1331 2416 autem
1377 2380 1502 2417 notae
1547 2380 1856 2430 argumentum,

100 2436 212 2490 quod
256 2449 467 2490 nunquam
507 2435 628 2477 aliter
666 2434 710 2477 fit
749 2441 990 2492 certumque
1028 2438 1231 2485 declarat,
1280 2442 1326 2478 ut
1363 2437 1500 2479 fumus
1544 2438 1697 2492 ignem.
1757 2437 1855 2481 Veri
1870 2446 1905 2474 ³⁵

101 2498 251 2538 similia
290 2498 554 2554 reperientur
592 2513 644 2540 ex
682 2499 868 2553 partibus
905 2505 945 2540 et
975 2498 1093 2554 quasi
1123 2497 1320 2540 membris
1349 2502 1613 2542 narrationis.
1674 2503 1732 2542 Ea
1762 2503 1858 2540 sunt

101 2560 144 2600 in
171 2561 383 2614 personis,
432 2562 474 2603 in
502 2561 626 2610 loeis,
673 2560 715 2602 in
747 2562 1024 2617 temporibus,
1077 2562 1119 2603 in
1148 2561 1290 2611 factis,
1341 2564 1385 2604 in
1415 2562 1593 2610 eventis,
1643 2563 1684 2603 in
1715 2575 1857 2603 rerum

102 2622 283 2678 ipsarum
312 2624 658 2679 negotiorumque
688 2625 855 2668 naturis.
912 2626 980 2665 35.
1027 2625 1074 2665 Iu
1109 2625 1299 2679 personis
1336 2630 1508 2667 naturae
1547 2624 1729 2679 primum
1764 2637 1857 2678 spe-

104 2690 263 2728 ctantur
301 2687 568 2737 valetudinis,
600 2686 782 2741 figurae,
814 2686 982 2735 virium,
1019 2686 1183 2734 aetatis,
1206 2685 1409 2737 marium,
1433 2687 1699 2736 feminarum3
1731 2690 1855 2741 atque

102 2748 204 2788 haee
241 2747 408 2805 quidem
445 2750 489 2791 in
525 2763 724 2805 corpore:
771 2748 897 2791 animi
936 2754 1074 2792 autem
1108 2753 1179 2790 aut
1206 2751 1555 2805 quemadmodum
1587 2748 1724 2791 affecti
1755 2747 1906 2797 sint,1·o

197 2922 231 2953 1.
257 2922 377 2963 aqitur
392 2920 466 2954 RV.
487 2938 527 2945 -
552 2921 587 2954 [4.
612 2920 838 2963 properando
855 2917 897 2952 Y.
919 2936 960 2943 -
985 2918 1020 2953 5.
1048 2920 1208 2962 aliquam
1235 2929 1304 2953 orn.
1332 2920 1404 2953 BR.
1431 2919 1531 2960 prob.
1560 2919 1644 2951 Ern.
1674 2936 1712 2943 -
1739 2918 1775 2951 9.
1799 2915 1854 2959 ac]

104 2971 136 3001 ct
159 2967 234 3000 RV.
260 2983 302 2991 —
329 2968 384 3000 12.
409 2969 542 3007 partim
564 2972 644 3001 sunt
669 2972 851 3009 assumpta
877 2968 926 3006 R,
953 2966 1075 3000 Lamb.
1091 2991 1100 3006 ,
1124 2968 1258 3008 partim
1282 2971 1419 3007 sumpta
1445 2966 1512 2998 Gu.
1542 2982 1581 2989 —
1622 2965 1678 2997 13.
1705 2974 1858 2998 assume-

103 3024 181 3046 ·mus
207 3015 256 3046 V:
283 3023 501 3046 assumamus
526 3015 575 3052 Β,
603 3017 809 3047 assumimus
835 3016 877 3047 Ε.
907 3031 945 3038 -
988 3013 1044 3045 14.
1074 3014 1287 3053 explanandi
1313 3014 1398 3046 RV:
1425 3013 1625 3052 explicandi
1649 3012 1689 3044 E.
1720 3029 1758 3036 —
1797 3013 1855 3044 15.

105 3064 151 3094 sit
177 3062 260 3093 YR:
290 3066 339 3094 est
365 3061 434 3093 VE.
463 3078 503 3084 —
531 3062 681 3094 brevitas
706 3071 769 3098 ea,
796 3071 886 3103 quae
912 3061 997 3093 YV:
1025 3061 1200 3098 brevitas,·
1228 3068 1333 3101 eaque
1359 3060 1430 3091 RE.
1460 3074 1499 3082 -
1537 3059 1593 3091 18.
1621 3064 1761 3092 eventus
1778 3059 1855 3092 RV.

107 3108 161 3148 (1η
188 3110 217 3141 R
245 3116 417 3147 superser.
444 3107 584 3149 eventi.)
611 3123 648 3130 —-
677 3112 800 3140 testate
825 3109 865 3140 B.
892 3124 935 3129 —
973 3107 1031 3138 20.
1059 3108 1281 3146 antiquitatis
1305 3106 1475 3137 memoria
1499 3106 1635 3139 Manut.
1662 3105 1784 3138 Lamb.
1814 3121 1856 3129 --

106 3156 164 3187 22.
192 3155 481 3196 expetitiones,v.
520 3171 562 3178 --
602 3154 661 3186 26.
696 3156 735 3186 in
765 3154 1060 3194 reprehensionem
1084 3154 1169 3185 RV:
1211 3153 1507 3192 reprehensionem
1545 3152 1629 3194 (om.
1655 3152 1709 3193 in)
1733 3154 1772 3186 E.
1811 3166 1857 3174 -

106 3202 165 3234 29.
192 3203 230 3234 id
254 3212 301 3234 an
326 3204 387 3233 auc
411 3202 455 3233 sit
479 3200 598 3241 Margo
624 3200 689 3233 Ed.
716 3201 806 3234 Ven.
835 3201 933 3240 prob.
953 3201 1034 3232 Ern.
1059 3217 1095 3223 —
1123 3201 1169 3231 sit
1196 3203 1272 3239 post.
1298 3207 1404 3231 necne
1429 3208 1498 3231 om.
1524 3199 1574 3238 R,
1600 3202 1640 3231 ut
1657 3199 1853 3232 Schtitzius.

110 3263 149 3272 --
175 3249 231 3282 31.
257 3248 514 3282 verisimillimis
541 3248 580 3279 Y.
608 3264 650 3270 —
687 3246 744 3279 34.
767 3249 910 3287 proprie
935 3251 1050 3279 autem
1075 3250 1223 3278 notatur
1249 3246 1318 3278 YV.
1359 3263 1396 3269 —
1442 3245 1500 3278 36.
1530 3247 1746 3288 reperientur
1770 3244 1853 3278 RV:

107 3297 333 3336 reperiuntur
359 3296 399 3326 E.
427 3311 469 3318 --
494 3294 551 3327 40.
578 3297 658 3326 sunt
682 3295 732 3335 V,
761 3295 811 3326 uti
837 3294 1006 3327 edebatur
1031 3298 1111 3326 ante
1141 3293 1180 3325 E.
1211 3293 1269 3335 (Ut.
1293 3301 1374 3332 nos,
1401 3290 1492 3335 BR.)

185 3367 278 3394 cicero
298 3366 328 3394 Τ.
348 3367 367 3393 1.
1358 3365 1408 3405 31
