2117 3762
708 274 807 313 LIB.
840 272 910 314 111.
969 274 1010 315 C.
1042 276 1109 315 26.
1143 276 1210 316 27.
1244 276 1312 316 28.
1801 280 1879 320 313

242 379 334 418 101.
383 379 549 418 Summa
585 383 721 420 autem
759 377 845 419 laus
881 381 1139 434 eloquentiae
1172 387 1234 421 est
1265 379 1514 436 amplificare
1546 394 1632 422 rem
1665 384 1877 432 ornando,

128 439 238 496 quod
271 440 377 480 valet
410 455 492 481 non
522 441 654 481 solum
686 442 737 480 ad
769 445 1000 492 augendum
1033 443 1186 497 aliquid
1220 449 1259 484 ct
1290 443 1515 484 tollendum
1551 443 1673 484 altius
1704 444 1878 486 (licendo

129 503 201 546 sed
233 505 354 544 ctiam
387 506 436 544 ad
470 502 774 544 extenuandum
805 510 926 558 atque
963 504 1254 545 abiicit-mlum.
1317 507 1486 546 xxvii.
1537 507 1581 545 ld
1626 508 1881 550 desideratur

127 566 321 609 omnibus
363 566 411 607 iis
453 567 492 607 in
530 565 654 613 locis,
707 579 811 620 quos
841 566 890 607 ad
922 566 1041 607 lidi-m
1074 567 1271 608 orationis
1302 567 1529 608 faciendam
1561 567 1747 609 adhibi-ri
1780 571 1881 611 dixit

125 632 350 676 Antonius,
399 629 464 669 vel
495 643 587 669 cum
619 628 886 683 explanamus
917 629 1070 685 aliquid
1102 630 1166 671 vel
1198 644 1290 671 cum
1323 630 1591 671 conciliamus
1622 633 1782 672 animos
1813 634 1909 673 vels

126 706 217 734 cum
250 693 515 735 concitamus.
575 692 668 730 105.
704 691 783 731 Sed
817 690 856 731 in
890 694 991 740 hoc,
1035 694 1145 746 quod
1178 699 1431 747 postremum
1464 692 1572 741 dixi,
1614 694 1881 749 amplificatio

124 762 261 811 potest
282 753 526 809 plurimum,
558 766 686 807 eaque
710 757 789 794 una
812 755 898 794 laus
921 757 1096 796 oratoris
1127 761 1187 795 est
1217 760 1257 795 et
1288 754 1456 808 propria
1491 756 1684 797 maxime.
1745 757 1879 798 Etiam

125 819 260 859 maior
289 823 350 858 est
379 817 448 855 illa
479 815 745 861 exercitatio,
779 830 901 870 quam
931 824 1116 858 extremo
1147 830 1338 858 sermone
1374 817 1568 858 instruxit
1598 818 1797 859 Antonius
1826 842 1881 849 —

123 881 259 936 primo
289 875 599 925 reiiciebat—,
632 877 821 919 laudandi
855 885 894 919 et
924 881 1201 932 vituperandi.
1259 879 1368 920 Nihil
1400 885 1460 919 cst
1491 881 1599 920 enim
1632 882 1682 921 ad
1705 894 1882 934 exagge-

123 944 292 985 randam
326 946 366 981 et
396 938 721 994 amplificandam
753 942 985 981 orationem
1022 940 1368 982 accommodatius
1400 955 1520 995 quam
1554 948 1775 997 utrumque
1804 945 1881 984 ho-
1894 957 1930 983 10

123 1020 215 1046 rum
255 1001 574 1044 cumulatissime
621 1002 756 1043 l'acere
802 1017 938 1055 posse.
1003 1006 1096 1044 106.
1147 1005 1462 1058 Consequentur
1501 1005 1623 1046 etiam
1671 1007 1728 1046 illi
1774 1006 1877 1055 loci,

122 1069 192 1122 qui
235 1078 483 1122 quamquam
524 1067 682 1120 propi-ii
729 1080 945 1106 causarum
986 1072 1026 1107 et
1064 1068 1327 1107 inhaerentes
1369 1066 1409 1107 in
1448 1079 1588 1107 earum
1621 1070 1759 1109 nervis
1790 1083 1880 1111 esse

121 1129 298 1177 debent,
346 1134 483 1169 tamen
515 1129 610 1182 quia
640 1127 691 1168 de
720 1130 912 1169 universa
944 1143 987 1169 re
1020 1130 1187 1169 tractari
1219 1130 1377 1175 solent,
1410 1141 1648 1170 communes
1679 1144 1701 1172 a
1732 1132 1881 1174 veteri-

119 1190 198 1233 bus
227 1190 428 1232 nominati
459 1197 575 1240 sunt;
609 1205 785 1246 quorum
816 1193 966 1245 partim
998 1190 1149 1232 habent
1178 1190 1371 1231 vitiorum
1394 1196 1434 1231 et
1454 1198 1714 1245 peccatorum
1743 1208 1880 1236 acrem

121 1254 327 1308 quandam
360 1267 451 1294 cum
483 1253 803 1306 amplificatione
834 1254 1132 1295 incusationem
1173 1258 1242 1293 aut
1281 1252 1517 1306 querelam,
1572 1261 1714 1297 contra
1756 1269 1929 1311 quamis

121 1315 202 1357 diei
233 1315 334 1356 nihil
365 1317 469 1356 solet
499 1329 575 1356 nec
606 1323 765 1370 potest,
802 1323 844 1357 ut
875 1318 917 1356 in
949 1316 1312 1371 depeculatorem,
1346 1316 1387 1355 in
1410 1314 1688 1370 proditorem,
1723 1317 1763 1359 in
1786 1333 1881 1372 par·-

119 1378 312 1426 ricidam;
352 1376 501 1432 quibus
532 1377 617 1426 uti,
651 1377 902 1419 confirmatis
933 1377 1197 1426 criminibus,
1231 1383 1418 1432 oportet;
1465 1377 1583 1418 aliter
1613 1380 1720 1420 enim
1752 1381 1881 1422 ieiuni

120 1446 215 1481 sunt
244 1447 367 1494 atque
396 1440 558 1489 inanes;
600 1442 693 1481 107.
727 1441 796 1481 alii
827 1448 963 1482 autem
996 1443 1149 1482 habent
1180 1439 1515 1495 deprecationem
1547 1447 1617 1482 aut
1647 1443 1879 1483 miseratio-

120 1517 238 1553 nem3
276 1502 344 1543 alii
375 1516 475 1543 vero
506 1503 703 1557 ancipites
735 1504 1061 1559 disputationes,
1094 1505 1135 1544 in
1166 1504 1316 1558 quibus
1345 1501 1396 1543 de
1427 1502 1620 1544 universo
1654 1518 1805 1558 genere
1835 1507 1877 1546 in

119 1571 336 1620 utramque
379 1571 539 1620 partem
580 1564 728 1607 disseri
766 1568 933 1622 copiose
976 1566 1084 1607 licet.
1147 1568 1265 1616 Quae
1296 1565 1537 1606 exercitatio
1568 1579 1676 1607 nunc
1705 1569 1875 1622 propria
1892 1580 1928 1606 20

120 1630 297 1670 duarum
327 1627 704 1683 philosophiarum‚
753 1631 803 1669 de
835 1631 985 1684 quibus
1015 1635 1110 1670 ante
1149 1628 1257 1676 dixi,
1305 1633 1493 1681 putatur;
1543 1630 1652 1683 apud
1688 1631 1879 1685 antiquos

121 1697 210 1732 erat
239 1703 409 1738 eorum,
456 1703 478 1731 a
510 1692 659 1745 quibus
692 1693 825 1732 omnis
855 1694 905 1733 de
936 1694 1061 1733 rebus
1091 1689 1324 1732 forensibus
1356 1690 1518 1731 dicendi
1549 1693 1656 1732 ratio
1687 1697 1728 1733 et
1758 1693 1878 1747 copia

117 1752 350 1809 petebatur.
411 1755 471 1794 De
502 1753 654 1795 virtute
688 1755 822 1801 enim,
873 1754 923 1795 de
953 1753 1116 1802 officio,
1161 1756 1212 1795 de
1243 1766 1377 1808 aequo
1410 1758 1450 1793 et
1480 1755 1612 1802 bono,
1663 1755 1714 1795 de
1745 1755 1879 1809 digni-

119 1822 223 1864 tate,
256 1815 457 1864 utilitate‚
492 1818 652 1856 honore
668 1847 679 1864 ,
712 1818 960 1870 ignominia,
986 1818 1192 1872 praemio,
1215 1829 1349 1870 poena
1370 1814 1656 1870 similibusque
1677 1818 1727 1857 de
1750 1819 1877 1858 rebus

117 1879 161 1921 in
202 1885 420 1934 utramque
462 1884 620 1933 partem
661 1879 825 1920 dicendi
865 1882 1024 1920 animos
1056 1886 1096 1920 et
1128 1879 1207 1920 vim
1240 1884 1280 1918 et
1310 1884 1440 1918 artem
1471 1877 1622 1919 babere
1664 1878 1928 1921 debemus.25

120 1943 214 1983 108.
249 1943 354 1989 Sed,
403 1940 599 1995 quoniam
640 1939 691 1981 de
729 1947 868 1982 nostra
908 1943 1170 1995 possessione
1211 1940 1372 1993 depulsi
1409 1942 1450 1981 in
1486 1953 1615 1996 parvo
1647 1950 1686 1983 et
1717 1956 1766 1983 eo
1797 1944 1879 1983 liti-

118 2006 236 2059 gioso
276 2002 492 2059 praediolo
529 2002 661 2043 relicti
693 2017 834 2044 sumus
866 2010 906 2045 et
936 2006 1114 2045 aliorum
1145 2004 1307 2056 patroni
1339 2010 1480 2044 nostra
1510 2009 1654 2045 tenere
1689 2007 1877 2059 tuerique

117 2080 201 2109 non
239 2068 474 2122 potuimus,
527 2067 578 2105 ab
610 2066 682 2113 iis,
723 2068 834 2121 quod
866 2065 1193 2120 indignissimum
1227 2071 1314 2114 est,
1363 2068 1434 2119 qui
1464 2067 1506 2106 in
1535 2074 1720 2109 nostruin
1754 2069 1879 2121 patri-

117 2130 303 2171 monium
334 2130 597 2183 irruperunt,
631 2130 742 2182 quod
774 2142 878 2184 opus
909 2135 970 2170 est
999 2128 1118 2170 nobis
1150 2134 1399 2169 mutuemur.
1460 2131 1648 2171 XXVIII.
1685 2133 1776 2171 109.
1811 2129 1880 2171 Di-

119 2198 217 2233 cunt
245 2191 393 2246 igitur,
426 2205 535 2232 nuuc
557 2192 724 2244 quidem
750 2190 835 2245 [illi]
850 2224 860 2240 ‚
892 2194 961 2247 qui
985 2206 1036 2233 ex
1058 2193 1255 2247 particula
1276 2205 1402 2246 parva
1424 2193 1537 2232 urbis
1558 2206 1604 2233 ac
1625 2192 1702 2233 loci
1725 2207 1877 2234 nomen
1893 2205 1928 2231 30

118 2253 271 2295 habent
301 2260 342 2295 et
371 2252 634 2308 Peripatetici
665 2253 902 2309 philosophi
932 2261 1003 2296 aut
1032 2255 1267 2296 Academici
1298 2256 1585 2303 nominantur,
1620 2256 1718 2296 olim
1744 2262 1877 2296 autem

116 2322 288 2372 propter
318 2316 512 2356 eximiam
545 2329 684 2357 rerum
714 2318 987 2360 maximarum
1018 2319 1230 2360 scientiam
1262 2330 1284 2357 a
1318 2318 1482 2357 Graecis
1513 2317 1669 2370 politici
1696 2318 1879 2371 philoso-

115 2380 187 2435 phi
218 2379 413 2434 appellati
446 2379 729 2419 universarum
762 2393 902 2421 rerum
932 2381 1192 2435 publicarum
1212 2381 1381 2420 nomine
1403 2382 1680 2428 vocabantur,
1714 2393 1876 2420 omnem

117 2440 281 2482 civilem
313 2441 546 2482 orationem
577 2442 617 2480 in
650 2440 797 2482 horum
828 2442 1025 2483 alterutro
1057 2457 1212 2498 genere
1244 2445 1423 2490 versari,
1455 2449 1523 2484 aut
1554 2443 1604 2484 de
1634 2444 1747 2483 finita
1781 2456 1878 2483 con-

115 2505 321 2545 troversia
360 2504 484 2544 certis
522 2504 777 2558 temporibus
816 2517 864 2545 ac
896 2506 1001 2554 reis3
1050 2507 1130 2546 hoc
1163 2504 1310 2546 modo:
1362 2505 1576 2547 I'laceatne
1609 2520 1630 2547 a
1662 2507 1926 2559 Karthagi-as

116 2566 329 2607 niensibus
373 2568 556 2621 captivos
599 2572 787 2614 nostros,
834 2566 1008 2609 redditis
1050 2568 1156 2615 suis,
1202 2568 1469 2622 recuperari?
1520 2574 1588 2609 aut
1631 2568 1786 2609 infinite
1824 2570 1876 2608 de

115 2630 313 2670 universo
359 2642 512 2682 genere
559 2630 820 2683 quaerentis:
871 2629 981 2678 Quid
1026 2630 1196 2672 omniuo
1238 2632 1288 2671 de
1330 2629 1492 2683 captivo
1532 2629 1787 2671 statuendum
1829 2643 1875 2670 ac

118 2692 378 2732 sentiendum
417 2693 496 2732 sit?
545 2693 678 2746 Atque
718 2692 867 2732 horum
906 2694 1096 2748 superius
1127 2692 1227 2734 illud
1259 2706 1387 2746 genus
1417 2705 1581 2733 causam
1613 2699 1681 2733 aut
1711 2698 1875 2732 contro-

117 2755 294 2795 versiam
338 2754 546 2810 appellant
585 2768 759 2808 eamque
805 2753 954 2802 tribus,
1003 2757 1074 2796 lite
1112 2761 1182 2795 aut
1212 2754 1512 2806 deliberatione
1544 2760 1613 2796 aut
1643 2754 1875 2795 laudatione

117 2813 338 2857 definiunt:
390 2816 491 2858 haec
531 2823 668 2858 autem
709 2818 839 2858 altera
869 2818 1055 2872 quaestio
1087 2818 1244 2860 infinita
1276 2822 1315 2858 et
1345 2817 1461 2871 quasi
1492 2817 1726 2872 proposita,
1776 2824 1926 2858 con-‘⁸0

117 2879 285 2919 sultatio
327 2881 580 2921 nominatur.
641 2881 775 2934 Atque
814 2880 1013 2920 hactenus
1051 2881 1080 2932 ἦ·
1112 2880 1350 2935 loquuntur.
1415 2883 1506 2921 110.
1550 2879 1683 2920 Etiam
1724 2879 1797 2920 hac
1835 2880 1877 2920 in

209 2984 243 3016 4.
273 2987 429 3017 oratione
455 2986 541 3018 Cod.
567 2988 652 3028 Reg.
679 2987 783 3018 7703.
813 2991 847 3019 et
872 2987 1059 3019 Lambinus
1077 3010 1086 3025 ,
1129 2990 1284 3020 orationi
1302 2991 1418 3020 nescio
1439 2991 1495 3027 qui
1516 2988 1606 3025 apud
1626 2988 1818 3019 l‘earciuin.
1835 3003 1876 3009 —

115 3031 152 3064 7.
180 3033 332 3063 oratoris
357 3036 403 3062 esc
424 3037 454 3064 et
469 3037 619 3073 propria
638 3034 746 3065 Codd.
770 3034 834 3072 al.‚
863 3034 891 3065 R
908 3044 915 3065 ε
944 3035 1095 3065 oratoris
1112 3040 1141 3066 ct
1158 3036 1304 3075 propria
1324 3036 1348 3065 li
1361 3058 1369 3071 ‚
1397 3035 1551 3065 oratoris
1570 3037 1617 3064 ese
1634 3034 1782 3074 propria
1801 3042 1877 3066 cum

116 3079 260 3111 Pearcio
280 3078 318 3109 E.
353 3093 387 3098 —
418 3079 474 3110 13.
505 3080 649 3112 debeant
669 3082 708 3112 B.
742 3098 779 3104 —
809 3082 863 3112 15.
893 3081 1073 3120 quemdam
1101 3081 1140 3111 B.
1158 3096 1196 3104 -
1223 3082 1477 3112 incusationem
1495 3089 1563 3111 om.
1583 3080 1622 3110 B.
1646 3097 1684 3103 ·-
1712 3080 1767 3112 16.
1792 3081 1879 3112 nihil

117 3127 186 3157 dici
203 3125 275 3156 BR.
307 3142 343 3147 —
373 3125 430 3156 22.
457 3126 612 3157 utilitate
637 3136 706 3158 om.
732 3128 774 3159 R.
803 3144 843 3149 —
870 3129 926 3158 ⁶29.
956 3129 1092 3158 Ducunt
1120 3129 1159 3158 R.
1190 3144 1231 3150 —-
1258 3130 1312 3158 30.
1335 3127 1388 3158 illi
1405 3127 1606 3158 seclusimus
1628 3135 1714 3162 nos:
1742 3129 1879 3166 quidem

116 3173 171 3204 illi
195 3173 338 3205 seclusit
364 3171 404 3202 T.
433 3188 476 3193 -
502 3172 559 3203 34.
588 3174 627 3204 de
651 3175 752 3214 linita
778 3176 1014 3205 controversia
1042 3174 1198 3205 Ellendt:
1227 3174 1368 3215 definita
1395 3174 1630 3204 controversia
1657 3173 1733 3204 libri
1760 3176 1877 3213 (etiam

116 3217 158 3259 B)
185 3220 236 3255 R,
270 3219 433 3259 definitae
458 3222 713 3251 controversiae
739 3229 756 3252 e
782 3230 848 3261 mg.
878 3220 962 3252 Cod.
989 3220 1009 3251 ὁ
1035 3220 1176 3252 Pearcio
1202 3225 1342 3251 auctore
1371 3220 1408 3250 E.
1439 3236 1473 3242 —-
1504 3220 1561 3251 36.
1587 3220 1722 3261 infinite
1748 3230 1814 3251 om.
1836 3221 1875 3251 B.

118 3282 159 3288 —
186 3264 244 3296 41.
278 3266 484 3304 loquuntur.
532 3265 651 3296 Etiam
687 3265 766 3306 hac]
796 3266 858 3307 (Sic
886 3268 985 3305 ΒΑΕ.)
1016 3266 1215 3306 loquantur.
1258 3267 1374 3297 Etiam
1401 3267 1465 3296 hac
1496 3266 1550 3303 R,
1592 3266 1783 3307 loquuntur
1805 3267 1874 3298 illi.

120 3310 342 3351 Quamquam
366 3311 516 3342 rhetores
541 3313 646 3342 etiam
677 3313 740 3343 hac
774 3322 812 3345 ex
841 3314 1026 3345 liotomani
1061 3314 1305 3352 supplemento
1333 3312 1537 3351 Sebinnus,
1566 3310 1783 3354 [loquuntur]
1810 3313 1875 3345 illi.

118 3359 197 3390 Hac
231 3359 335 3390 etiam
364 3357 514 3390 Ellendt.
548 3373 588 3380 -
615 3359 651 3389 in
677 3367 756 3390 eum
783 3363 906 3393 ceteris
933 3360 1027 3391 libris
1055 3369 1121 3391 om.
1148 3359 1235 3392 B,R.
1262 3358 1413 3392 Inseruit
1439 3359 1633 3392 Ernestius.
