2117 3762
718 266 818 305 LIB.
852 265 903 305 ΙΙ.
967 264 1011 304 C.
1045 266 1112 305 52.
1146 266 1214 307 53.
1253 264 1321 305 5-ἰ.
1830 271 1909 311 263

163 375 388 419 orationis,
421 385 526 427 quae
549 369 766 425 probitatis
789 369 1147 411 commendatione
1177 373 1276 412 boni
1309 371 1384 412 viri
1416 371 1541 412 debet
1572 373 1751 426 speciem
1782 377 1907 422 tueri,

161 436 286 482 lenis,
321 442 363 475 ut
395 449 519 490 saepi·
551 436 629 475 iam
661 432 767 480 dixi,
800 439 924 487 atque
949 436 1188 482 suminis-stu
1222 435 1279 474 sie
1310 435 1436 481 haec,
1470 447 1576 489 quae
1606 434 1829 489 suscipitur
1859 439 1908 476 ab

162 506 330 540 oratore
361 501 409 539 ad
444 494 756 539 commutandos
786 497 945 536 animos
978 503 1101 550 atque
1134 498 1246 536 onmi
1279 498 1438 537 ratione
1469 498 1713 543 flectendos,
1752 498 1909 539 intenta

160 574 208 602 ac
239 560 457 602 vehemens
488 574 577 600 esse
610 557 748 600 debet.
810 560 915 599 Llll.
965 561 1059 599 212.
1110 560 1190 598 Sed
1230 565 1292 599 est
1330 559 1534 612 quaedam
1573 559 1614 599 in
1651 559 1714 600 his
1746 560 1909 600 duobus

160 622 403 678 generibus,
463 635 639 678 quorum
683 620 855 662 alterum
902 623 1016 668 leue,
1070 621 1249 662 alterum
1296 623 1519 662 vehemens
1562 634 1652 662 esse
1702 620 1941 670 volumus,⁵

160 685 336 728 difficilis
356 685 406 727 ad
428 685 760 738 distinguendum
792 684 1034 726 similitudo.
1098 686 1198 724 Nam
1237 688 1276 724 et
1307 698 1357 723 ex
1389 683 1455 724 illa
1486 683 1681 731 lenitate,
1713 698 1793 738 qua
1814 698 1913 725 con-

160 748 350 790 ciliamur
380 749 457 797 iis,
506 749 574 803 qui
607 750 797 795 audiunt,
844 748 893 789 ad
926 750 1030 788 lianc
1060 748 1141 787 vim
1174 748 1444 793 acerrimam,
1491 761 1572 801 qua
1603 746 1770 788 eosdem
1802 749 1913 788 exci-

161 819 315 859 tamus,
346 810 491 852 innuat
520 817 689 863 oportet
721 810 900 866 aliquid,
945 816 985 850 et
1016 824 1067 850 ex
1097 810 1174 849 liae
1205 811 1243 850 vi
1276 823 1569 864 nonnunquam
1601 811 1725 851 animi
1756 811 1911 864 aliquid

158 875 188 925 †
209 871 543 915 inflammandum
574 879 635 913 est
665 872 719 913 illi
751 873 934 920 leuitati;
967 887 1102 928 neque
1136 879 1199 912 est
1230 871 1311 913 ulla
1343 874 1610 924 temperatior
1631 873 1766 913 oratio
1787 886 1911 927 quam

158 936 252 984 itta,
299 937 341 976 in
381 950 461 990 qua
500 937 702 990 asperitas
733 936 1010 976 contentionis
1043 933 1222 975 oratoris
1252 935 1382 986 ipsius
1413 933 1669 975 humanitate
1700 935 1908 984 conditur,
1926 948 1961 974 10

158 999 344 1040 remissio
374 1004 511 1040 autem
542 998 720 1039 lenitatis
752 1000 929 1054 quadam
962 999 1162 1049 gravitate
1195 1001 1237 1037 et
1267 997 1534 1037 contentione
1557 996 1756 1039 firmatur.
1815 1000 1910 1038 213.

157 1063 204 1102 In
236 1066 412 1115 utroque
458 1068 595 1101 autem
636 1075 787 1115 genere
820 1060 982 1101 dicendi
1022 1065 1062 1100 et
1101 1059 1195 1106 illo,
1241 1057 1284 1099 in
1326 1072 1408 1112 quo
1451 1060 1511 1099 vis
1542 1065 1666 1114 atque
1698 1061 1910 1101 contentio

156 1123 397 1178 quaeritur,
432 1128 473 1163 et
502 1126 603 1170 hoc,
639 1125 751 1177 quod
781 1122 833 1165 ad
864 1125 989 1163 vitam
1021 1128 1061 1163 et
1091 1135 1230 1163 mores
1262 1124 1618 1171 accommodatur,
1651 1128 1691 1163 et
1710 1125 1913 1178 principia

157 1183 271 1226 tarda
302 1191 398 1226 sunt
427 1193 468 1226 ct
499 1188 634 1227 exitus
668 1193 805 1227 tamen
835 1187 954 1240 spissi
986 1190 1027 1226 et
1057 1186 1251 1238 producti
1284 1198 1373 1225 esse
1413 1183 1577 1226 debent.
1635 1187 1737 1226 Nam
1774 1200 1910 1241 neque

154 1249 419 1289 assiliendum
465 1251 604 1290 statim
647 1251 790 1290 estad
832 1248 933 1289 illud
974 1261 1101 1301 genus
1141 1248 1366 1296 orationis;
1416 1245 1533 1288 abest
1571 1248 1678 1288 enim
1719 1253 1850 1289 totum
1888 1260 1960 1288 a15

155 1323 278 1352 causa
324 1316 364 1351 et
409 1310 596 1353 homines
641 1313 755 1365 prius
799 1313 935 1364 ipsum
977 1309 1106 1358 illud,
1159 1311 1271 1365 quod
1311 1311 1528 1363 proprium
1567 1311 1629 1350 sui
1660 1309 1800 1351 iudicii
1831 1315 1908 1359 est,

154 1372 298 1414 audire
345 1372 608 1424 desiderant3
658 1387 734 1415 nec
775 1387 867 1414 cum
911 1374 952 1414 in
992 1386 1082 1414 eam
1119 1372 1325 1414 rationem
1356 1371 1567 1425 ingressus
1599 1373 1672 1420 sis,
1719 1373 1913 1413 celeriter

155 1435 448 1478 discedendum
481 1443 556 1477 cst.
616 1437 711 1477 212.
744 1438 834 1476 Non
866 1435 997 1483 enim,
1029 1436 1137 1476 sicut
1166 1440 1481 1488 argumentum,
1515 1434 1781 1490 simulatque
1803 1434 1913 1490 posi-

156 1505 242 1541 tum
284 1505 376 1547 est,
426 1498 626 1553 arripitur
667 1498 928 1554 alterumque
960 1503 1002 1538 et
1040 1498 1208 1538 tertium
1239 1499 1448 1550 poscitur,
1495 1498 1553 1538 ita
1583 1497 1912 1538 misericordiam

153 1568 225 1603 aut
253 1560 449 1602 invidiam
479 1567 551 1601 aut
581 1560 858 1607 iracundiam,
904 1560 1025 1601 simul
1055 1566 1180 1614 atque
1211 1559 1420 1606 intuleris,
1467 1561 1601 1613 possis
1631 1573 1962 1607 commovere.20

153 1626 454 1678 Argumentum
485 1625 590 1665 ratio
621 1625 709 1678 ipsa
739 1622 976 1669 confirmat,
1018 1637 1124 1677 quae
1164 1622 1285 1664 simul
1323 1628 1448 1676 atque
1480 1623 1676 1663 emissum
1708 1627 1794 1671 est,
1843 1624 1914 1663 ad-

153 1688 377 1735 haerescit;
410 1686 510 1728 illud
541 1692 678 1728 autem
711 1701 838 1741 genus
871 1685 1070 1727 orationis
1102 1698 1185 1726 non
1207 1685 1489 1739 cognitionem
1521 1686 1667 1726 iudicis
1689 1686 1759 1726 sed
1782 1686 1911 1738 magis

156 1750 517 1803 perturbationem
549 1751 750 1804 requirit,
792 1763 915 1803 quam
955 1749 1154 1802 consequi
1186 1749 1262 1788 nisi
1293 1747 1424 1789 multa
1454 1753 1495 1789 et
1524 1748 1640 1789 varia
1671 1752 1714 1788 et
1744 1749 1911 1802 copiosa

154 1813 343 1852 oratione
391 1818 432 1852 et
477 1812 600 1853 simili
645 1813 913 1853 contentione
958 1812 1129 1852 actionis
1170 1823 1291 1851 nemo
1333 1816 1483 1865 potest.
1545 1812 1640 1854 215.
1673 1810 1811 1859 Quare
1842 1810 1910 1865 qui

154 1879 223 1915 aut
252 1875 435 1915 breviter
466 1880 538 1915 aut
567 1876 783 1915 summisse
816 1875 981 1921 dicunt,
1012 1872 1162 1914 docere
1194 1872 1374 1914 iudicem
1405 1879 1603 1926 possunt,
1645 1885 1909 1914 commovere
1925 1892 1961 1919 2⁵

154 1949 236 1978 non
266 1942 462 1992 possunt;
507 1937 548 1976 in
580 1950 663 1991 quo
695 1942 791 1977 sunt
820 1937 972 1977 omnia.
1030 1938 1114 1977 lam
1144 1935 1245 1977 illud
1284 1938 1550 1991 perspicuum
1590 1942 1677 1984 est,
1727 1937 1911 1976 omnium

152 2013 292 2042 rerum
321 2000 362 2040 in
394 1998 621 2040 contrarias
653 2004 791 2051 partes
821 1997 1056 2040 facultatem
1089 2012 1142 2039 ex
1172 2000 1318 2040 iisdem
1349 2000 1607 2053 suppeditari
1637 1998 1752 2040 locis.
1831 1999 1911 2039 Sed

152 2066 397 2116 argumento
428 2063 704 2103 resistendum
736 2067 799 2102 est
828 2067 899 2102 aut
928 2062 1000 2109 iis,
1035 2075 1140 2115 quae
1172 2063 1471 2117 comprobandi
1493 2063 1582 2103 eius
1603 2074 1724 2102 causa
1745 2074 1913 2102 sumun-

153 2130 245 2173 tur,
292 2123 648 2178 reprehendendis
678 2130 749 2166 aut
779 2123 1125 2172 demonstrando,
1157 2125 1222 2173 id,
1256 2126 1368 2181 quod
1399 2124 1649 2166 concludere
1679 2123 1736 2165 illi
1766 2123 1908 2172 velint,

152 2202 236 2229 non
267 2186 374 2229 effici
406 2200 458 2229 ex
488 2188 714 2242 propositis
745 2200 821 2228 nec
851 2200 939 2228 esse
972 2200 1259 2242 consequens;
1306 2192 1400 2235 aut,
1445 2186 1480 2228 si
1510 2189 1568 2229 ita
1606 2201 1689 2228 non
1729 2185 1908 2234 refellas,
1925 2205 1960 2232 ³0

153 2249 409 2292 afferendum
451 2255 513 2291 est
555 2251 595 2291 in
635 2251 882 2291 contrariam
920 2255 1103 2306 partem,
1151 2251 1264 2305 quod
1303 2251 1356 2291 sit
1385 2255 1457 2290 aut
1486 2252 1651 2305 gravius
1679 2255 1751 2290 aut
1780 2262 1911 2303 aeque

153 2327 294 2367 grave.
355 2315 452 2355 216.
486 2312 560 2354 Illa
590 2318 752 2361 autem,
804 2326 911 2368 quae
951 2319 1021 2355 aut
1051 2313 1354 2354 conciliationis
1384 2326 1506 2354 causa
1535 2313 1684 2354 leniter
1713 2316 1782 2353 aut
1817 2326 1913 2365 per-

152 2376 349 2417 motionis
393 2377 665 2417 vehementer
708 2382 911 2429 aguntur,
972 2378 1188 2418 contrariis
1242 2374 1590 2417 commotionibus
1634 2376 1664 2429 ἦ·
1699 2373 1910 2416 inserenda

152 2443 274 2485 sunt,
305 2443 352 2478 ut
382 2439 478 2479 odio
509 2436 822 2485 benevolentia,
854 2443 900 2479 ut
931 2440 1218 2480 misericordia
1248 2439 1404 2480 invidia
1434 2438 1614 2480 tollatur.

263 2500 365 2542 LIV.
398 2501 544 2542 Suavis
574 2505 712 2541 autem
745 2506 805 2542 est
835 2506 876 2542 et
906 2503 1175 2543 vehementer
1195 2514 1319 2556 saepe
1350 2501 1462 2542 utilis
1492 2503 1608 2543 iocus
1639 2506 1680 2542 et
1707 2499 1957 2550 facetiae335

244 2653 278 2684 1.
307 2651 615 2684 commendationis
641 2653 679 2684 B.
711 2669 748 2675 —
777 2653 810 2685 5.
839 2653 987 2685 alterum
1013 2654 1086 2686 lene
1112 2663 1180 2686 om.
1210 2654 1250 2685 B.
1281 2670 1318 2677 —
1348 2653 1382 2685 6.
1410 2653 1500 2686 Nam
1525 2658 1557 2686 et
1583 2653 1693 2686 Codd.
1722 2653 1793 2685 al.:
1820 2653 1908 2684 Nam

153 2697 243 2740 (AB)
263 2699 333 2731 RE.
355 2716 398 2721 -
424 2699 458 2731 8.
481 2702 512 2730 ct
530 2709 598 2731 om.
617 2699 657 2731 B.
681 2715 719 2721 —
747 2699 781 2730 9.
804 2700 865 2732 Vv.
886 2701 1176 2743 inflammandum
1197 2705 1246 2732 est
1273 2697 1331 2741 (ut
1356 2701 1485 2734 habent
1512 2702 1615 2733 etiam
1640 2701 1697 2732 AB
1715 2700 1737 2738 :)
1765 2704 1906 2731 auctore

153 2746 302 2778 Grutero
320 2746 461 2778 seclusit
481 2747 660 2779 Ernestius
675 2770 683 2783 ,
710 2746 926 2788 influentium
944 2753 991 2779 est
1010 2749 1052 2784 R.
1080 2748 1273 2790 inflandum
1291 2752 1340 2779 est
1359 2748 1605 2780 ltlelanchthon
1620 2772 1628 2784 ,
1655 2746 1907 2787 infundendum

154 2796 202 2824 est
219 2793 406 2824 Lambinus
424 2797 458 2824 et
475 2801 562 2825 corr.
584 2794 665 2833 Lag.
681 2793 732 2831 4.,
752 2794 994 2825 instillandum
1010 2800 1057 2826 est
1076 2795 1273 2827 maluerunt
1292 2794 1530 2836 lleusingerus
1550 2800 1581 2826 et
1602 2794 1748 2826 Ellendt.
1767 2807 1805 2812 —
1827 2801 1909 2824 ora-

154 2842 202 2871 tio
221 2848 287 2871 om.
304 2839 346 2870 Α.
365 2856 403 2862 -
424 2840 475 2871 10.
496 2842 726 2872 contentiones
746 2839 825 2880 (sic)
844 2842 1017 2872 orationis
1031 2842 1101 2873 ΑΒ.
1121 2858 1160 2864 -
1181 2843 1237 2872 12.
1256 2842 1296 2872 ln
1310 2850 1378 2874 om.
1393 2843 1464 2873 ΑΒ.
1486 2858 1524 2864 -
1543 2841 1598 2872 ille
1615 2841 1654 2871 B.
1674 2855 1711 2862 --
1732 2841 1907 2871 contentio

153 2886 292 2917 dicendi
318 2886 362 2916 R.
391 2901 431 2908 —
459 2885 516 2917 13.
543 2893 688 2918 mortem
713 2887 785 2918 AB.
809 2905 846 2910 —
876 2887 931 2918 14.
960 2894 1040 2921 sunt
1066 2893 1206 2920 auctore
1227 2887 1369 2920 Pearcio
1390 2889 1516 2920 delevit
1535 2887 1714 2918 Schutzius
1731 2909 1739 2924 ,
1766 2886 1908 2919 seclusit

153 2932 303 2965 Ellendt.
325 2949 366 2955 --
393 2936 508 2964 tamen
533 2943 602 2966 om.
623 2934 670 2971 B,
697 2935 778 2965 item
803 2933 992 2966 Lambinus
1012 2959 1020 2972 ‚
1048 2935 1151 2966 etiam
1175 2935 1328 2974 Madvig.
1351 2951 1387 2956 —
1417 2936 1470 2966 15.
1497 2935 1542 2965 ad
1567 2933 1736 2964 silendum
1763 2931 1841 2972 (sic)
1859 2933 1903 2966 A.

156 2997 192 3003 —
216 2987 323 3021 yenus
347 2978 435 3010 illud
462 2987 480 3011 e
499 2980 610 3012 Codd.
631 2981 712 3020 alia.
735 2981 775 3012 T.
805 2980 863 3021 (Ut.
882 2989 963 3018 nos,
990 2979 1111 3021 ABR.)
1132 2997 1171 3003 —
1199 2982 1255 3013 16.
1283 2981 1371 3012 illud
1397 2983 1508 3020 ipsum
1534 2979 1642 3011 Codd.
1671 2979 1714 3011 el.
1732 3003 1740 3017 ,
1768 2979 1842 3012 RT.
1865 2995 1907 3002 —

154 3027 216 3065 est]
243 3029 274 3057 et
301 3026 341 3057 B.
371 3041 409 3047 —
437 3024 493 3057 17.
520 3028 636 3059 audiri
662 3028 735 3059 ΑΒ.
765 3045 802 3050 -
830 3025 904 3067 nec]
929 3037 1009 3059 nam
1036 3028 1107 3059 AB.
1138 3043 1178 3050 -
1205 3029 1262 3060 18.
1290 3029 1472 3059 dicendum
1497 3027 1525 3058 Α
1542 3049 1550 3063 ,
1577 3027 1778 3058 discendum
1801 3027 1843 3058 R.
1863 3045 1908 3050 —

153 3073 211 3105 20.
237 3077 301 3104 aut
324 3071 547 3104 iracundiam
572 3083 641 3105 om.
670 3074 742 3106 ΑΒ.
766 3092 803 3097 -
832 3074 888 3106 21.
915 3074 1167 3114 Argumentum
1190 3074 1250 3106 ΑΒ
1276 3075 1428 3114 aliique:
1457 3073 1702 3114 Aryumentum
1720 3074 1811 3105 enim
1829 3073 1904 3105 RE.

157 3137 195 3144 -
222 3120 374 3151 rationis
399 3118 470 3149 AB.
497 3135 537 3142 —
575 3119 678 3160 quae]
706 3122 761 3153 cui
787 3121 1075 3162 wyttenbachius
1093 3143 1101 3158 ‚
1139 3122 1232 3162 quod
1258 3122 1396 3152 Bekius.
1439 3137 1476 3142 —
1522 3121 1677 3152 emissum
1703 3120 1907 3161 Wyttenbe-

155 3166 275 3198 chius:
305 3166 427 3197 emissa
452 3172 528 3197 cum
555 3166 649 3198 libris
675 3168 747 3199 RE.
775 3185 815 3190 —
843 3168 900 3199 23.
927 3177 1015 3208 quae
1039 3168 1081 3199 R.
1110 3183 1151 3190 —
1178 3169 1319 3207 eopiosa
1345 3170 1374 3199 et
1399 3166 1505 3198 simili
1531 3167 1689 3198 oratione
1715 3170 1905 3200 contentio-

152 3221 195 3245 ne
219 3212 291 3244 ΑΒ.
320 3228 363 3233 -
399 3211 456 3242 28.
483 3217 661 3244 sumentur
684 3214 727 3245 Α.
759 3230 798 3236 -
839 3215 894 3246 30.
921 3214 1050 3255 refelles
1075 3214 1116 3245 B.
1145 3230 1185 3236 —
1223 3214 1280 3244 3¹.
1306 3215 1343 3244 in
1369 3214 1552 3245 contraria
1574 3217 1677 3254 parte
1700 3214 1740 3246 B.
1770 3231 1810 3237 —-
1846 3214 1901 3247 33.

155 3259 327 3302 efferenda
360 3258 442 3293 ΑΒ.
481 3260 663 3291 evertenda
701 3260 965 3301 Heusinger-us,
1009 3261 1221 3302 infirmanda
1247 3260 1450 3296 walkerus,
1492 3260 1678 3292 inserenda
1718 3260 1900 3298 Matthiae,

153 3305 377 3347 infringenda
401 3305 534 3338 flanow
550 3327 559 3342 ,
586 3306 776 3346 inserendis
799 3308 886 3347 fiunt
910 3308 1050 3340 Baklus.
1079 3323 1120 3330 -
1158 3306 1216 3339 34.
1242 3310 1280 3338 ut
1304 3307 1546 3339 misericordia
1569 3306 1601 3340 A
1624 3308 1778 3349 aliique:
1805 3308 1903 3339 mise·

154 3353 308 3384 ricordia
331 3352 389 3390 (B)
416 3351 491 3383 RE.
523 3367 562 3375 —
590 3351 647 3384 35.
674 3351 766 3384 loeus
791 3353 833 3384 A.
