2117 3762
209 271 291 313 252
744 291 747 295 ι
907 261 976 302 DE
1009 260 1255 304 ORATORE

210 377 313 419 citer
343 375 497 419 dictum
528 372 603 422 sit,
651 368 878 425 suscipiunt
907 368 1129 414 dialectici,
1169 372 1215 410 ut
1243 368 1447 417 iudicent,
1494 380 1692 409 verumne
1723 368 1774 409 sit
1803 382 1854 411 an
1883 369 1958 413 fal-

210 454 324 491 sum;
356 444 421 487 et,
454 438 488 478 si
510 436 726 478 coniuncte
755 431 807 473 sit
839 432 990 472 elatum
1022 435 1062 470 et
1091 429 1281 472 adiuncta
1311 434 1388 473 sint
1419 429 1517 479 alia,
1550 430 1757 479 iudicant,
1791 436 1956 474 rectene

210 501 403 543 adiuncta
438 501 518 541 sint
556 502 596 539 et
635 509 786 537 verane
822 505 980 534 summa
1010 492 1063 532 sit
1091 493 1212 534 unius
1241 494 1439 550 cuiusque
1470 492 1640 534 rationis
1671 497 1712 533 et
1741 491 1791 534 ad
1821 500 1957 536 extre-

209 577 322 605 mum
352 562 432 616 ipsi
461 576 505 604 se
536 561 820 612 compungunt
849 555 934 596 suis
963 554 1222 596 acuminibus
1253 560 1293 597 et
1320 558 1449 598 multa
1480 556 1717 612 quaerendo
1748 556 1960 611 reperiunt

180 635 294 668 ⁵non
323 626 447 667 modo
480 637 551 671 ea,
599 634 705 675 quae
735 618 817 660 iam
846 630 930 659 non
959 617 1120 672 possint
1148 617 1228 670 ipsi
1258 619 1506 668 dissolvere,
1555 619 1626 660 sed
1658 619 1782 659 etiam
1812 618 1960 673 quibus

210 693 305 730 ante
349 699 497 729 exorsa
528 689 568 725 et
596 684 736 738 potius
767 683 928 723 detexta
966 693 1099 735 prope
1139 684 1392 722 retexantur.
1455 683 1548 724 159.
1597 679 1674 722 Hic
1715 695 1792 723 nos
1836 681 1962 736 igitur

210 752 370 793 Stoicus
393 750 468 790 iste
487 747 593 787 nihil
613 744 802 794 adiuvat,
837 744 1054 800 quoniam,
1089 744 1436 798 quemadmodum
1462 745 1670 786 inveniam
1693 744 1791 799 quid
1812 743 1960 794 dicam,

208 827 292 855 non
323 813 462 859 docet3
493 814 614 863 atquc
643 809 753 848 idem
785 808 908 848 etiam
930 804 1124 861 impedit,
1157 807 1270 859 quod
1292 810 1331 846 et
1350 808 1477 848 multa
1497 808 1674 861 reperit,
1709 820 1814 862 quae
1836 812 1960 861 negat

209 876 295 916 ullo
325 873 450 914 modo
480 884 604 925 posse
636 869 829 918 dissolvi,
880 874 920 910 et
951 883 1078 923 genus
1111 868 1313 908 sermonis
1344 870 1463 908 affert
1491 882 1575 910 non
1605 869 1829 923 liquidum,
1878 883 1964 912 non

161 936 344 978 aofusum
376 948 423 975 ac
452 932 687 989 profluens,
737 933 810 973 sed
842 933 973 979 exile,
1015 932 1196 978 aridum,
1241 931 1454 970 concisum
1484 943 1531 971 ac
1560 930 1778 972 minutum.
1841 931 1964 981 Quod

209 998 245 1040 si
274 999 344 1052 qui
372 995 587 1051 probabit,
618 996 675 1038 ita
695 993 911 1051 probabit,
947 998 992 1035 ut
1016 994 1171 1034 oratori
1201 997 1338 1033 tamen
1369 997 1509 1047 aptum
1538 1006 1621 1033 non
1652 1007 1740 1034 esse
1771 991 1960 1036 fateatur.

209 1062 322 1101 Haec
365 1060 474 1100 enim
515 1063 658 1099 nostra
699 1055 830 1097 oratio
873 1053 1145 1098 multitudinis
1184 1060 1245 1096 est
1282 1054 1450 1095 auribus
1488 1055 1860 1106 accommodanda,
1912 1059 1964 1099 ad

209 1119 478 1163 oblectandos
509 1122 688 1168 animos,
719 1121 769 1160 ad
800 1118 1096 1174 impellendos,
1130 1119 1181 1158 ad
1212 1131 1258 1158 ea
1280 1118 1518 1171 probanda,
1552 1131 1656 1172 quae
1677 1133 1762 1159 non
1783 1118 1962 1161 aurificis

209 1189 360 1225 statera
401 1185 475 1225 sed
513 1183 706 1238 populari
747 1183 924 1237 quadam
966 1180 1120 1222 trutina
1161 1180 1464 1221 examinantur.
1529 1183 1621 1225 160,
1667 1181 1804 1230 Quare
1846 1181 1965 1224 istam

160 1258 196 1286 15
210 1251 340 1288 artem
369 1249 497 1287 totam
528 1246 806 1293 dimittemus,
848 1257 953 1299 quae
983 1244 1025 1284 in
1055 1241 1337 1297 excogitandis
1368 1242 1621 1297 argumentis
1651 1248 1764 1284 muta
1792 1243 1965 1285 nimium

209 1314 292 1358 est,
341 1308 387 1350 in
415 1307 644 1350 iudicandis
674 1307 845 1348 nimium
876 1308 1042 1362 loquax.
1106 1308 1328 1348 Critolaum
1359 1307 1507 1355 istum,
1555 1319 1678 1362 quem
1717 1306 1840 1347 simul
1872 1320 1965 1348 cum

208 1373 396 1427 Diogene
439 1371 600 1413 venisse
646 1383 969 1417 commemoras,
1020 1374 1120 1424 puto
1159 1370 1252 1422 plus
1291 1369 1386 1408 huic
1425 1371 1569 1409 nostro
1602 1366 1737 1408 studio
1767 1367 1966 1421 prodesse

209 1435 410 1490 potuisse.
469 1436 569 1476 Erat
600 1433 707 1474 enim
739 1432 790 1474 ab
820 1432 898 1473 isto
931 1432 1174 1480 Aristotele,
1208 1445 1231 1472 a
1252 1432 1368 1472 cuius
1398 1429 1575 1472 inventis
1604 1431 1680 1471 tibi
1712 1443 1789 1484 ego
1820 1431 1967 1473 videor

210 1512 295 1540 non
324 1498 448 1554 longe
478 1496 687 1538 aberrare.
748 1497 881 1551 Atque
911 1494 1020 1535 inter
1049 1496 1157 1535 hunc
1186 1493 1475 1542 Aristotelem,
1523 1493 1639 1534 cuius
1670 1497 1711 1534 et
1739 1493 1855 1535 illum
1884 1493 1968 1549 legi

161 1576 198 1602 20
211 1562 388 1609 librum,
421 1561 464 1600 in
494 1571 577 1614 quo
609 1557 801 1613 exposuit
832 1556 994 1598 dicendi
1025 1563 1132 1599 artes
1164 1557 1350 1598 omnium
1380 1557 1664 1612 superiorum,
1706 1560 1746 1596 et
1774 1555 1892 1605 illos,
1925 1558 1969 1598 in

212 1626 362 1680 quibus
391 1623 480 1679 ipse
511 1636 584 1663 sua
614 1619 814 1677 quaedam
847 1619 897 1661 de
929 1622 1073 1661 eadem
1106 1625 1193 1661 arte
1224 1619 1348 1667 dixit,
1401 1626 1441 1661 et
1480 1621 1556 1660 hos
1598 1632 1817 1673 germanos
1846 1619 1968 1660 huius

211 1687 309 1727 artis
347 1685 588 1742 magistros,
636 1686 717 1726 hoc
757 1684 860 1724 mihi
903 1683 1037 1725 visum
1077 1689 1138 1725 est
1178 1684 1401 1731 interesse,
1448 1681 1560 1737 quod
1599 1682 1670 1723 ille
1703 1684 1848 1723 eadem
1880 1681 1969 1724 acie

211 1751 385 1798 mentis,
426 1764 508 1804 qua
537 1762 676 1790 rerum
709 1748 894 1789 omnium
925 1747 1007 1788 vim
1038 1751 1311 1800 naturamque
1342 1744 1521 1794 viderat,
1569 1747 1671 1786 haec
1702 1758 1868 1801 quoque
1899 1743 1970 1786 ad-

212 1814 371 1866 spexit,
405 1826 509 1868 quae
540 1813 592 1852 ad
622 1809 786 1852 dicendi
817 1815 970 1857 artem,
1005 1822 1126 1864 quam
1158 1808 1226 1849 ille
1258 1809 1538 1861 despiciebat,
1571 1806 1857 1863 pertinebant:
1910 1806 1970 1848 illi

164 1889 198 1915 25
213 1880 374 1923 autem,
408 1874 479 1929 qui
499 1875 579 1915 hoc
601 1873 734 1914 solum
757 1873 978 1913 colendum
999 1869 1228 1918 ducebant,
1261 1870 1499 1912 habitarunt
1519 1871 1562 1912 in
1592 1870 1667 1911 hac
1698 1885 1780 1912 una
1809 1871 1970 1912 ratione

212 1938 423 1979 tractanda
452 1952 537 1978 non
570 1938 713 1977 eadem
744 1933 988 1988 prudentia,
1042 1947 1123 1988 qua
1161 1933 1248 1980 ille,
1298 1936 1370 1975 sed
1409 1948 1486 1975 usu
1517 1935 1557 1974 in
1588 1935 1668 1974 hoc
1698 1946 1783 1975 uno
1815 1946 1969 1987 genere

213 2001 432 2056 studioque
473 2000 645 2040 maiore.
707 2000 798 2039 161.
849 1996 1050 2037 Carneadi
1093 2009 1195 2037 vero
1236 1995 1296 2037 vis
1336 1995 1590 2037 incredibilis
1627 1995 1696 2036 illa
1736 1994 1898 2036 dicendi
1931 1998 1972 2035 et

212 2064 390 2104 varietas
419 2076 617 2118 perquam
652 2066 760 2103 esset
790 2060 968 2115 optanda
998 2060 1138 2107 nobis3
1190 2060 1260 2114 qui
1300 2058 1454 2099 nullam
1491 2071 1670 2114 unquam
1701 2058 1744 2097 in
1773 2056 1853 2098 illis
1885 2055 1969 2097 suis

214 2125 558 2181 disputationibus
588 2139 674 2166 rem
706 2122 913 2171 defendit,
961 2135 1083 2177 quam
1123 2135 1205 2161 uon
1237 2121 1446 2176 probarit;
1501 2122 1655 2161 nullam
1687 2119 1967 2175 oppugnavit,

165 2202 337 2244 30quam
367 2202 452 2229 non
483 2187 690 2230 everterit.
751 2188 831 2228 Sed
863 2185 940 2226 hoc
971 2185 1102 2225 maius
1146 2188 1207 2224 est
1247 2184 1468 2238 quiddam,
1520 2196 1644 2239 quam
1685 2184 1736 2224 ab
1778 2183 1851 2230 iis,
1901 2181 1972 2237 qui

214 2254 316 2294 haec
346 2253 513 2292 tradunt
544 2256 584 2292 et
614 2253 784 2298 docent,
817 2245 1107 2304 postulandum
1139 2246 1204 2287 sit.

325 2316 521 2356 XXXIX.
567 2316 657 2356 162.
706 2316 793 2367 Ego
835 2316 994 2358 autem,
1043 2309 1077 2350 si
1109 2323 1230 2364 quem
1262 2323 1369 2350 nunc
1399 2308 1519 2364 plane
1549 2308 1696 2349 rudem
1726 2304 1885 2348 institui
1916 2306 1969 2347 ad

217 2377 437 2420 dicendum
468 2376 619 2425 velim,
652 2377 715 2417 his
745 2376 883 2430 potius
913 2375 1071 2415 tradam
1103 2373 1275 2414 assiduis
1302 2387 1385 2413 uno
1417 2384 1544 2427 opere
1575 2369 1749 2412 eandem
1778 2366 1972 2410 incudem

218 2440 326 2483 diem
370 2446 619 2496 noctemque
658 2436 948 2485 tundentibus,
1000 2438 1069 2493 qui
1109 2450 1250 2477 omnes
1288 2435 1548 2477 tenuissimas
1585 2431 1810 2490 particulas
1848 2435 1971 2486 atque

170 2521 205 2549 35
220 2504 357 2545 omnia
387 2504 557 2544 minima
586 2515 726 2543 mansa
754 2505 801 2541 ut
829 2502 1008 2541 nutrices
1039 2498 1263 2540 infantibus
1301 2500 1442 2554 pueris
1483 2499 1525 2539 in
1556 2510 1602 2538 os
1645 2496 1840 2538 inserant.
1901 2494 1973 2536 Sin

220 2568 272 2609 sit
299 2566 357 2615 is,
405 2565 477 2621 qui
516 2570 556 2607 et
592 2564 780 2606 doctrina
810 2564 910 2604 mihi
939 2562 1167 2604 liberaliter
1195 2562 1404 2603 institutus
1436 2566 1476 2602 et
1506 2562 1644 2616 aliquo
1676 2560 1759 2599 iam
1790 2557 1972 2601 imbutus

219 2645 299 2672 usu
337 2634 379 2671 et
415 2630 511 2670 satis
549 2628 633 2669 acri
673 2628 841 2681 ingenio
882 2641 972 2668 esse
1010 2627 1221 2673 videatur,
1272 2624 1368 2665 illuc
1415 2638 1509 2666 eum
1548 2622 1726 2677 rapiam,
1776 2620 1846 2663 ubi
1887 2635 1974 2663 non

221 2692 380 2735 seclusa
422 2691 559 2748 aliqua
596 2690 746 2746 aquula
781 2695 991 2737 teneatur,
1043 2690 1115 2729 sed
1152 2689 1261 2729 unde
1300 2689 1539 2729 universum
1570 2684 1724 2726 flumen
1755 2689 1970 2738 erumpat3

315 2803 348 2836 1'.
374 2811 492 2834 verum
508 2801 553 2832 sit
569 2800 610 2832 A.
634 2818 669 2823 —
699 2800 733 2831 2.
754 2797 840 2840 alia]
861 2799 965 2830 alteri
982 2797 1039 2830 AB
1053 2821 1061 2836 ‚
1091 2797 1158 2829 Gu.
1175 2796 1207 2828 3.
1231 2813 1270 2819 —
1299 2797 1457 2828 iudicant
1474 2795 1530 2826 AB
1551 2798 1583 2827 et
1601 2802 1652 2834 pr.
1673 2793 1770 2825 Leid.
1789 2802 1798 2823 :
1825 2793 1974 2825 iudicent

224 2849 282 2881 RE
300 2875 308 2888 ‚
338 2849 430 2889 quod
458 2848 598 2880 seclusit
624 2847 664 2878 T.
689 2864 723 2869 —
754 2847 787 2878 3.
815 2848 981 2885 uniusque
1005 2846 1046 2876 A.
1079 2862 1116 2867 —
1143 2845 1176 2876 8.
1203 2845 1355 2882 repperit
1379 2844 1450 2874 BR.
1474 2859 1509 2864 -
1539 2845 1641 2882 neqat
1658 2840 1715 2871 AB
1740 2839 1891 2879 aliique,
1918 2840 1971 2871 R:

222 2900 323 2937 neget
347 2897 387 2928 E.
408 2912 453 2918 —-
478 2897 533 2927 10.
561 2894 767 2926 conscissum
793 2893 832 2924 R.
857 2910 892 2916 -
922 2894 977 2923 11.
1005 2892 1064 2932 qui
1082 2891 1164 2922 AB:
1193 2892 1275 2932 quid
1296 2892 1322 2921 R
1338 2913 1346 2928 ‚
1374 2891 1447 2930 quis
1466 2887 1537 2919 ET.
1561 2905 1599 2910 —
1630 2886 1685 2919 13.
1705 2887 1848 2929 artificis
1867 2886 1909 2918 R.
1933 2901 1973 2909 -
2020 2893 2023 2896 ’

225 2943 280 2974 14.
298 2944 465 2983 populari
482 2943 635 2983 quadam
653 2941 681 2972 A
700 2942 830 2980 aliique
848 2949 856 2970 :
886 2939 1039 2979 quadam
1054 2938 1217 2979 populari
1236 2939 1315 2974 (13‘3)
1335 2936 1406 2968 RE.
1428 2953 1462 2958 —
1495 2935 1549 2966 15.
1567 2935 1777 2966 dimittemus
1797 2932 1882 2965 Cod.
1903 2932 1971 2965 aL:

226 2989 429 3021 dimittimus
446 2988 505 3020 AB
524 2990 654 3028 aliique
671 3010 681 3026 ,
707 2989 925 3020 dimittamus
942 2987 1014 3017 RE.
1033 3002 1072 3007 —
1101 2986 1210 3016 multa
1230 2985 1269 3015 B.
1289 3000 1332 3005 -
1360 2982 1415 3014 16.
1435 2982 1536 3013 simul
1554 2990 1621 3014 om.
1640 2980 1669 3012 Α
1690 2984 1819 3012 etcum
1838 2980 1912 3012 aliis
1929 2978 1972 3010 T.

227 3034 291 3075 (De
308 3036 334 3067 B
354 3046 421 3068 non
442 3038 520 3068 satis
539 3033 674 3076 liquet.)
695 3053 736 3058 —
763 3035 819 3066 17.
845 3038 929 3074 puto
950 3042 1018 3065 om.
1038 3032 1108 3063 AB.
1136 3048 1176 3053 —
1202 3034 1322 3062 nostro
1347 3029 1460 3060 studio
1486 3028 1513 3059 A
1539 3028 1688 3069 aliique:
1717 3027 1832 3058 studio
1855 3029 1973 3058 nostro

229 3079 312 3122 (13⁶2)
339 3083 410 3114 RE.
441 3099 479 3105 —-
508 3083 562 3114 19.
591 3083 679 3114 hunc
701 3083 792 3113 inter
816 3082 857 3112 R.
890 3096 923 3101 —
953 3081 1009 3112 20.
1035 3081 1072 3110 in
1098 3086 1162 3120 quo
1189 3078 1269 3109 haec
1291 3077 1450 3116 emposuit
1473 3074 1545 3106 AB.
1573 3091 1614 3097 —
1642 3077 1751 3105 artem
1776 3073 1819 3105 R.
1848 3089 1884 3094 —
1913 3070 1970 3102 23.

228 3137 359 3170 quoque
383 3128 519 3160 viderat
545 3130 680 3170 aspeaeit
706 3137 793 3170 quae
816 3128 874 3159 AB
901 3127 995 3162 (hicz
1023 3123 1274 3165 adspexitque).
1301 3139 1345 3145 —
1386 3123 1443 3154 25.
1473 3122 1654 3153 colendum
1679 3116 1866 3158 ducebant]
1892 3118 1974 3150 cele-

228 3174 381 3207 brabant
407 3183 457 3213 pr.
485 3176 532 3211 B,
560 3176 713 3208 colebant
739 3183 826 3207 corr.
855 3175 881 3205 B
907 3179 940 3205 et
966 3183 1004 3206 ex
1031 3174 1106 3205 aliis
1132 3171 1172 3202 T.
1202 3169 1264 3210 (Ex
1290 3170 1318 3201 Α
1344 3170 1428 3201 nihil
1455 3173 1613 3201 notatum
1640 3168 1722 3204 est.)
1760 3181 1800 3190 -
1837 3165 1974 3196 habita-

228 3219 327 3261 runt]
357 3221 564 3254 laborarunt
581 3223 624 3254 R.
645 3238 686 3245 ·-
711 3222 768 3254 27.
799 3221 969 3252 Carneadi
988 3220 1104 3251 ABR:
1133 3217 1320 3249 Carneadis
1346 3217 1386 3248 E.
1410 3233 1446 3239 —
1475 3216 1531 3247 20.
1561 3213 1775 3255 oppuynarit
1799 3211 1902 3243 ABR.
1931 3228 1970 3234 —

229 3269 286 3299 30.
314 3268 487 3309 quoddam
512 3268 555 3299 R.
583 3285 625 3291 -
651 3269 707 3301 32.
733 3268 853 3300 rudem
876 3268 979 3308 plane
1005 3267 1046 3298 A.
1075 3281 1116 3288 -
1143 3265 1198 3296 35.
1225 3272 1342 3295 massa
1369 3264 1407 3295 B.
1437 3278 1476 3285 —
1502 3266 1541 3294 ut
1567 3263 1669 3292 aiunt
1691 3259 1841 3291 nutrices
1866 3258 1907 3289 R.
1930 3274 1972 3281 -

230 3314 286 3347 36.
313 3315 394 3355 quid
418 3314 458 3345 de
483 3314 644 3346 doctrina
669 3316 697 3347 Α
712 3340 720 3351 ,
749 3317 806 3357 qut
830 3316 869 3347 de
894 3314 1053 3346 doctrina
1077 3313 1118 3344 B.
1138 3328 1181 3333 —
1206 3311 1290 3341 mihi
1315 3319 1382 3342 om.
1402 3309 1474 3341 AB.
1497 3326 1548 3353 —'
1565 3307 1621 3339 37.
1649 3315 1728 3338 acer
1744 3305 1788 3338 R.
1808 3320 1850 3329 —
1874 3305 1973 3338 illum

231 3369 309 3396 eum
330 3361 361 3394 A
386 3366 419 3393 et
445 3368 532 3393 corr.
559 3361 609 3401 B,
636 3362 734 3394 illum
759 3363 850 3395 enim
875 3369 927 3403 pr.
955 3361 995 3393 B.
1022 3377 1061 3384 -
1090 3358 1146 3392 38.
1175 3358 1278 3390 acula
1302 3356 1359 3389 AB
1386 3357 1536 3399 aliique5
1565 3355 1697 3395 recepit
1722 3351 1764 3385 T.
