2117 3762
274 242 352 283 180
967 240 1035 280 DE
1078 240 1323 283 ORATORE

272 348 545 403 accepissent,
592 346 668 387 ista
698 342 906 398 praeclara
938 343 1245 397 gubernatrice,
1293 353 1336 389 ut
1366 349 1446 395 ais,
1496 345 1729 395 civitatum,
1779 348 2016 402 eloquentia

270 424 357 452 rem
388 409 593 465 publicam
624 407 939 460 dissipaverunt.
1000 408 1052 447 X.
1083 409 1147 447 39.
1182 408 1317 457 Quid?
1348 409 1459 463 leges
1490 414 1649 450 veteres
1682 422 1854 463 mosque
1886 413 2016 451 maio-

270 488 386 522 rum3
435 471 561 527 quid?
613 468 822 522 auspicia,
875 467 1024 521 quibus
1063 474 1102 510 et
1140 482 1217 522 ego
1249 476 1289 511 et
1320 477 1386 520 tu,
1435 474 1603 520 Crasse,
1653 486 1746 513 cum
1777 485 1924 525 magna
1953 473 2016 514 rei

268 536 458 590 publicae
490 535 618 575 salute
649 544 917 584 praesumus;
951 530 1078 583 quid?
1111 532 1332 584 religiones
1365 539 1404 574 et
1428 534 1725 583 caerimoniae3
1760 533 1885 589 quid?
1918 534 2018 576 haec

238 599 358 638 siura
396 596 552 644 civilia,
605 607 709 648 quae
747 593 828 633 iam
868 593 1028 647 pridem
1070 592 1112 633 in
1153 598 1294 635 nostra
1334 594 1488 636 familia
1520 596 1608 637 sine
1639 595 1722 637 ulla
1755 596 2017 652 eloquentiae

266 658 386 701 laude
418 662 656 705 versantur;
700 670 798 695 num
830 660 898 696 aut
929 656 1096 695 inventa
1127 660 1221 696 sunt
1252 662 1320 698 aut
1348 659 1509 710 cognita
1541 664 1610 699 aut
1640 658 1809 700 omnino
1842 660 1891 699 ab
1924 672 2018 700 ora-

267 728 401 763 torum
441 732 593 773 genere
638 720 834 758 tractata?
883 719 952 758 40.
987 719 1194 771 Equidem
1236 723 1277 758 et
1316 720 1406 760 Ser.
1441 720 1611 760 Galbam
1653 720 1855 761 memoria
1896 726 2017 762 teneo

266 784 448 825 divinum
481 780 689 822 hominem
720 781 763 821 in
795 779 968 821 dicendo
1003 785 1043 820 et
1072 782 1125 821 M.
1148 781 1368 822 Aemilium
1399 782 1615 824 Porcinam
1647 788 1687 823 et
1717 783 1858 824 Caium
1882 784 2017 839 ipsum

267 847 516 890 Carbonem,
551 857 673 898 quem
704 849 747 884 tu
778 842 1110 884 adolescentulus
1142 841 1378 894 perculisti,
1412 844 1599 897 ignarum
1623 845 1780 899 legum,
1813 846 2019 887 haesitan-

216 914 345 949 1otem
376 906 417 947 in
448 904 650 947 maiorum
680 906 897 954 institutis,
951 905 1097 946 rudem
1135 904 1177 945 in
1215 903 1307 945 iure
1345 904 1481 955 civili;
1534 913 1573 947 et
1603 909 1705 949 baec
1736 915 1847 950 aetas
1878 914 2019 950 nostra

262 974 428 1025 praeter
457 974 519 1016 te,
565 969 731 1016 Crasse,
781 970 851 1022 qui
892 973 962 1009 tuo
994 971 1123 1022 magis
1154 969 1290 1008 studio
1323 981 1444 1023 quam
1474 970 1645 1024 proprio
1675 985 1846 1012 munere
1879 973 2017 1026 aliquo

262 1031 510 1073 disertorum
554 1029 618 1071 ius
657 1045 681 1071 a
711 1029 830 1072 nobis
869 1032 989 1072 civile
1030 1030 1228 1079 didicisti,
1281 1032 1393 1086 quod
1430 1031 1638 1073 interdum
1679 1033 1854 1088 pudeat,
1906 1034 2007 1076 iuris

261 1094 403 1148 ignara
434 1099 507 1135 est.

374 1157 440 1197 [11.
487 1156 608 1204 Quod
638 1169 737 1197 vero
765 1155 807 1197 in
839 1161 1024 1197 extrema
1055 1156 1243 1198 oratione
1275 1158 1391 1212 quasi
1422 1161 1491 1198 tuo
1526 1157 1615 1200 iure
1646 1159 1875 1215 sumpsisti,
1923 1173 2018 1202 ora-

213 1224 393 1261 morem
423 1221 465 1260 in
496 1221 628 1260 omnis
659 1219 862 1260 sermonis
904 1219 1182 1274 disputatione
1220 1220 1505 1274 copiosissime
1546 1221 1709 1262 versari
1751 1236 1895 1275 posse,
1947 1223 2013 1272 id,

262 1282 341 1323 nisi
371 1281 435 1322 hic
467 1281 508 1323 in
537 1286 608 1323 tuo
640 1296 769 1336 regno
802 1295 1010 1330 essemus,
1055 1296 1139 1323 non
1180 1283 1364 1323 tulissem
1395 1281 1616 1337 multisque
1648 1283 1895 1336 praeissem,
1946 1285 2018 1340 qui

263 1350 333 1385 aut
362 1343 580 1386 interdicto
612 1349 747 1386 tecum
771 1348 1068 1386 contenderent
1088 1350 1158 1386 aut
1179 1351 1218 1387 te
1242 1359 1294 1386 ex
1324 1344 1412 1384 iure
1443 1357 1608 1385 manum
1641 1348 1877 1388 consert‘um
1897 1361 2019 1388 voca-

262 1413 376 1455 rent,
429 1406 540 1461 quod
576 1408 618 1448 in
657 1407 811 1449 alienas
847 1408 1132 1461 possessiones
1163 1413 1244 1449 tam
1276 1413 1433 1448 temere
1466 1406 1676 1449 irruisses.
1736 1410 1805 1449 [42.
1838 1411 2018 1463 Agerent

263 1471 371 1511 enim
410 1475 546 1512 tecum
584 1471 675 1524 lege
714 1471 893 1525 primum
924 1470 1169 1525 Pythagorei
1200 1484 1344 1512 omnes
1375 1475 1497 1525 atque
1527 1472 1767 1512 Democritii
1799 1473 2012 1527 ceterique

212 1549 249 1574 20
263 1547 336 1574 sua
364 1533 406 1573 in
435 1535 525 1574 iure
556 1532 714 1588 physici
745 1533 1023 1582 vindicarent,
1075 1532 1207 1574 ornati
1246 1535 1434 1573 homines
1475 1532 1516 1574 in
1555 1532 1732 1575 diceudo
1773 1539 1814 1575 et
1843 1548 2015 1588 graveS‚

263 1594 510 1650 quibuscum
543 1595 617 1636 tibi
647 1595 752 1636 iusto
784 1601 1039 1637 sacramento
1072 1594 1320 1636 contendere
1352 1608 1435 1636 non
1457 1594 1634 1636 liceret..
1674 1597 1875 1649 Urgerent
1897 1610 2017 1650 prae-

262 1664 375 1699 terea
417 1658 756 1713 philosophorum
796 1673 942 1713 greges
983 1658 1063 1699 iam
1096 1656 1147 1698 ab
1177 1657 1250 1699 illo
1304 1656 1418 1699 sonte
1468 1663 1508 1698 et
1546 1657 1680 1711 capite
1713 1661 1881 1700 Socrate
1913 1657 2016 1699 nihil

262 1725 302 1761 te
333 1721 383 1760 de
415 1719 536 1761 bonis
566 1722 690 1761 rebus
722 1723 764 1762 in
794 1722 901 1768 vita,
932 1720 1035 1761 nihil
1067 1722 1118 1761 de
1140 1720 1282 1769 malis,
1316 1719 1420 1761 nihil
1442 1723 1491 1761 de
1519 1719 1645 1761 animi
1667 1720 2014 1776 permotionibus,

261 1781 364 1822 nihil
395 1783 445 1823 de
477 1781 688 1824 hominum
719 1783 926 1831 moribus,
958 1782 1060 1824 nihil
1091 1785 1140 1823 de
1162 1783 1323 1824 ratione
1344 1782 1452 1824 vitae
1475 1781 1688 1830 didicisse,
1721 1783 2016 1824 nihilomnino

211 1860 247 1885 25
263 1845 496 1899 quaesisse,
542 1845 644 1887 nihil
685 1847 790 1887 scire
831 1847 1148 1895 convincerent3
1203 1850 1261 1893 et,
1309 1859 1401 1886 cum
1440 1845 1622 1887 universi
1663 1845 1704 1887 in
1740 1851 1779 1886 te
1817 1845 2017 1900 impetum

260 1906 472 1956 fecissent,
503 1912 588 1949 tum
619 1909 803 1963 singulae
834 1907 1012 1949 familiae
1043 1908 1155 1949 litem
1188 1908 1263 1947 tibi
1295 1906 1568 1948 intenderent.
1616 1910 1685 1949 43.
1719 1909 1894 1949 Instaret
1914 1910 2017 1949 Aca-

260 1969 419 2017 demia,
467 1983 596 2024 quae,
645 1970 843 2026 quidquid
888 1970 1085 2019 dixisses,
1138 1969 1180 2010 id
1211 1975 1249 2010 te
1279 1969 1414 2024 ipsum
1443 1984 1597 2023 negare
1638 1971 1820 2025 cogeret.
1884 1971 2013 2012 Stoici

259 2045 361 2074 vero
391 2031 523 2072 nostri
551 2031 872 2088 disputationum
903 2047 1069 2074 suarum
1100 2038 1223 2087 atque
1254 2032 1629 2087 interrogationum
1660 2033 1819 2087 laqueis
1850 2038 1891 2074 te
1912 2034 2016 2074 irre-

259 2095 378 2136 titum
408 2100 608 2136 tenerent.
669 2096 930 2150 Peripatetici
959 2102 1095 2138 autem
1127 2095 1247 2137 etiam
1281 2094 1379 2136 haec
1409 2096 1517 2150 ipsa,
1550 2109 1654 2151 quae
1683 2096 1854 2150 propria
1873 2100 2013 2137 orato-

211 2178 247 2204 30
260 2171 353 2198 rum
381 2162 497 2211 putas
529 2172 618 2199 esse
649 2158 883 2200 adiumenta
912 2164 1034 2214 atque
1066 2162 1306 2200 ornamenta
1338 2158 1521 2206 dicendi,
1562 2172 1584 2199 a
1615 2172 1659 2200 se
1689 2158 1775 2211 peti
1804 2159 2017 2200 vincerent

262 2214 484 2273 oportere3
534 2234 581 2262 ac
625 2235 708 2262 non
756 2221 886 2262 solum
934 2221 1105 2262 meliora
1151 2220 1223 2262 sed
1262 2220 1383 2261 etiam
1427 2220 1555 2262 multo
1595 2221 1715 2276 plura
1752 2220 2016 2262 Aristotelem

261 2281 674 2338 Theophrastumque
697 2285 747 2324 de
767 2284 854 2325 istis
877 2285 1003 2325 rebus
1025 2297 1147 2338 quam
1179 2297 1322 2325 omnes
1354 2282 1516 2324 dicendi
1548 2283 1767 2336 magistros
1797 2282 2010 2339 scripsisse

260 2344 539 2386 ostenderent.
601 2348 667 2387 44.
713 2347 860 2387 Missos
905 2344 1014 2387 facio
1062 2346 1395 2393 mathematicos,
1446 2347 1757 2400 grammaticos,
1805 2345 2011 2395 musicos,

260 2421 438 2462 quorum
468 2409 622 2449 artibus
652 2414 786 2450 vestra
816 2409 892 2449 ista
923 2407 1085 2450 dicendi
1115 2408 1178 2450 vis
1208 2423 1260 2450 ne
1291 2408 1459 2450 minima
1490 2408 1657 2464 quidem
1687 2407 1881 2453 societate
1914 2422 2012 2449 con-

211 2491 246 2518 ³5
259 2469 455 2525 iungitur.
533 2470 811 2520 Quamobrem
840 2472 917 2512 ista
947 2477 1057 2513 tanta
1088 2476 1253 2526 tamque
1283 2471 1410 2513 multa
1429 2470 1680 2527 profitenda,
1725 2473 1892 2520 Crasse,
1925 2483 2010 2512 non

355 2674 389 2706 2.
416 2681 558 2713 mosque
585 2674 695 2706 Codd.
725 2674 905 2715 plerique,
933 2675 1065 2707 Aldus:
1091 2683 1271 2715 moresque
1296 2674 1397 2706 BRE.
1431 2689 1465 2696 ·-
1494 2673 1526 2705 3.
1558 2673 1681 2714 quibus
1706 2681 1766 2715 eqo
1791 2671 1863 2704 BR.
1897 2688 1930 2694 —
1976 2672 2012 2705 9.

260 2722 442 2760 perpulisti
467 2721 508 2751 R.
539 2739 573 2744 —
608 2722 664 2753 14.
693 2723 790 2763 quasi
810 2731 877 2761 pro
902 2725 960 2753 tuo
986 2723 1028 2754 R.
1059 2739 1097 2744 —
1139 2722 1194 2753 15.
1220 2724 1357 2754 versari
1378 2730 1477 2761 posse
1502 2721 1589 2752 BR:
1614 2729 1714 2760 posse
1737 2720 1874 2751 versari
1901 2719 1942 2751 E.
1972 2735 2009 2743 --

262 2768 316 2799 16.
343 2769 530 2808 praeissem
557 2768 668 2800 Havn.
699 2771 730 2799 1.
758 2769 792 2800 2.
821 2768 898 2800 alii:
924 2778 1115 2808 praeessem
1141 2768 1244 2799 BRE.
1283 2785 1322 2791 —
1365 2769 1421 2800 17.
1448 2777 1591 2798 manum
1618 2767 1726 2798 Codd.
1757 2767 1869 2807 aliq.:
1904 2775 2013 2798 manu

260 2814 360 2847 BRE.
389 2831 429 2836 -—
474 2815 529 2846 19.
558 2815 778 2856 Pycttaqorae
805 2815 843 2845 B.
886 2833 923 2838 —
967 2816 1174 2848 Democritii
1199 2815 1311 2847 Codd.
1339 2817 1443 2855 aliq:
1481 2813 1674 2845 Democriti
1700 2814 1749 2851 B,
1788 2812 2014 2846 Democritici

260 2860 330 2892 ΒΕ.
375 2878 410 2884 -
453 2862 510 2893 20.
551 2871 613 2894 sua
639 2864 677 2892 in
700 2863 777 2893 iure
816 2866 868 2897 (ut
894 2861 1000 2894 Gaius
1025 2863 1059 2901 a,
1086 2863 1152 2893 96:
1198 2866 1235 2893 ut
1260 2863 1347 2893 nihil
1371 2863 1408 2893 in
1434 2862 1508 2892 iure
1541 2862 1717 2892 vindicare
1740 2858 1890 2900 possint)
1916 2859 2014 2893 Orel-

261 2907 350 2938 lius:
392 2917 454 2939 sua
491 2910 565 2940 iure
603 2909 754 2945 Bakius;
797 2910 834 2939 in
869 2917 932 2939 suo
956 2911 1032 2941 iure
1068 2910 1094 2940 B
1136 2909 1188 2948 (ex
1227 2917 1302 2940 mea
1339 2905 1533 2947 collatione)
1572 2908 1700 2948 aliique
1732 2907 1867 2942 Codd.,
1908 2909 2011 2940 etiam

263 2954 348 2984 Cod.
386 2954 565 2993 Norrolc.‚
607 2965 669 2987 suo
708 2957 782 2987 iure
825 2955 933 2987 Codd.
974 2957 1044 2988 duo
1082 2955 1266 2993 Lambini,
1313 2956 1389 2987 iure
1425 2963 1487 2985 suo
1522 2963 1598 2986 cum
1639 2964 1704 2995 mg.
1746 2954 1857 2986 Palat.
1898 2954 2010 2994 quinti

261 2999 309 3037 Τ,
350 3001 386 3031 in
410 3010 529 3042 qenere
567 3011 629 3033 suo
661 3003 714 3041 R,
751 3003 787 3033 in
822 3011 882 3033 suo
919 3012 1038 3043 yenere
1069 3003 1107 3034 E.
1147 3004 1195 3043 (in
1235 3002 1361 3043 quibus
1398 3002 1557 3033 omnibus
1591 3001 1690 3034 deest
1716 3002 1890 3034 obiectum
1918 3009 2011 3039 pror-

261 3054 318 3076 sus
345 3051 575 3080 necessarium
593 3073 601 3088 ,
642 3054 678 3081 ut
704 3054 754 3081 est
779 3049 820 3080 de
844 3050 911 3081 Off.
943 3052 957 3081 1
974 3074 982 3088 ,
1012 3051 1044 3086 1,
1071 3050 1118 3081 lt:
1157 3049 1276 3080 videor
1301 3048 1338 3079 td
1362 3057 1436 3079 meo
1469 3049 1546 3079 iure
1572 3047 1780 3083 vindicare.)
1819 3064 1858 3070 -
1901 3047 2011 3078 vindi-

263 3098 444 3133 carentque
470 3095 511 3126 Β.
543 3113 578 3118 -
609 3097 728 3127 ornati
755 3096 906 3127 homines
932 3106 999 3128 om.
1029 3098 1075 3134 B,
1104 3096 1255 3127 homines
1281 3104 1349 3127 om.
1375 3095 1417 3126 Β.
1450 3111 1488 3117 -
1515 3100 1546 3128 et
1573 3104 1640 3126 om.
1668 3096 1708 3126 B.
1731 3110 1768 3117 —
1797 3093 1854 3125 23.
1881 3096 1913 3123 te
1939 3101 2008 3124 om.

258 3139 301 3170 Β.
332 3155 370 3160 -
413 3140 467 3171 27.
497 3146 528 3172 te
552 3144 665 3181 «ipsum
689 3146 828 3174 necaret
854 3141 929 3184 (sic)
956 3143 982 3174 B
1000 3168 1008 3181 ,
1050 3149 1081 3175 te
1104 3144 1219 3182 ipsum
1245 3142 1334 3172 scire
1370 3145 1514 3181 negaret
1539 3142 1671 3176 Aldus,
1715 3141 1753 3174 C.
1793 3140 2006 3179 Stephanus,

258 3185 378 3217 Lamb.
410 3201 448 3207 —-
483 3188 538 3218 29.
583 3191 687 3220 etiam
713 3199 779 3221 om.
808 3190 850 3221 Β.
891 3207 926 3212 -
973 3191 1029 3221 30.
1067 3193 1173 3230 putas
1209 3197 1279 3220 esse
1313 3197 1389 3221 cum
1428 3189 1520 3220 libris
1557 3189 1730 3229 plerisque
1768 3187 1823 3218 R:
1865 3191 2010 3226 putares

259 3240 327 3263 esse
353 3231 741 3273 Ernes1ius,'putasses
766 3245 843 3268 cum
871 3238 988 3275 paucis
1015 3236 1053 3268 C.
1083 3235 1291 3275 Stephanus.
1322 3252 1358 3258 —
1403 3245 1424 3266 a
1451 3235 1511 3276 Lg.
1539 3243 1679 3274 omnes,
1706 3234 1790 3266 BR:
1830 3233 1873 3265 ab
1899 3233 1938 3264 E.
1967 3249 2005 3256 —

258 3280 408 3310 dicerent
450 3280 491 3310 Β.
529 3296 567 3302 —-
610 3282 665 3312 32.
696 3283 967 3322 Theophrastum
994 3284 1035 3315 R.
1073 3301 1112 3306 —
1155 3283 1231 3313 istis
1262 3282 1288 3312 B
1315 3283 1467 3322 aliique:
1507 3283 1560 3313 his
1592 3282 1663 3313 ΒΕ.
1697 3297 1740 3303 —
1781 3279 1838 3311 34.
1865 3279 2008 3312 coniun-

257 3327 352 3367 gitur
379 3325 488 3358 Codd.
515 3326 612 3367 aliq„
640 3329 691 3360 R:
721 3331 933 3372 continqitur
958 3330 1014 3362 BE
1032 3354 1040 3370 ,
1069 3329 1162 3371 quod
1188 3331 1236 3362 sic
1261 3334 1467 3369 usurpatum
1493 3329 1670 3362 Latinitati
1688 3328 1898 3361 adversatur.
