2117 3762
221 262 302 303 236
921 256 991 297 DE
1023 254 1269 298 ORATORE

223 366 362 410 odium
392 370 529 409 autem
558 366 608 407 ad
636 360 967 406 benevolentiam
997 361 1282 405 deducendum
1313 367 1401 413 est3
1432 365 1502 403 aut
1529 365 1739 417 tamquam
1760 364 1967 405 machina-

222 430 334 472 tione
364 429 499 486 aliqua
529 434 615 469 tum
645 425 695 467 ad
725 423 1005 470 severitatem,
1053 427 1139 465 tum
1178 427 1228 466 ad
1266 424 1554 468 remissionem
1593 423 1745 473 animi,
1795 429 1881 466 tum
1922 424 1973 467 ad

221 492 450 541 tristitiam,
497 496 582 532 tum
621 487 672 529 ad
709 485 905 528 laetitiam
942 490 1309 541 contorquendus:
1362 491 1429 530 73.
1463 487 1648 530 omnium
1679 488 1972 530 sententiarum

223 555 443 610 gravitate,
489 553 674 596 omnium
703 552 930 592 verborum
967 548 1225 605 ponderibus
1255 557 1317 592 est
1344 553 1562 600 utendum;
1612 551 1779 591 accedat
1807 555 1975 604 oportet

191 635 207 661 ⁵
223 617 331 659 actio
352 616 488 665 varia,
521 614 743 657 vehemens
761 645 772 663 ,
805 613 927 669 plena
948 610 1100 660 animi,
1132 612 1254 667 plena
1276 613 1465 667 spiritus,
1498 613 1620 667 plena
1644 611 1824 661 doloris,
1854 612 1975 668 plena

220 678 419 723 veritatis.
477 679 524 718 In
553 676 618 718 his
649 677 847 729 operibus
878 675 910 717 si
942 674 1032 730 quis
1062 673 1174 716 illam
1205 679 1336 716 artem
1365 674 1745 732 comprehenderit,
1790 679 1836 716 ut
1875 680 1977 716 tam-

222 755 343 797 quam
374 739 538 782 Phidias
557 740 774 781 Minervae
806 738 966 792 signum
989 736 1155 780 efficere
1175 739 1323 794 possit,
1352 752 1436 780 non
1459 753 1576 786 sane,
1609 736 1973 794 quemadmodum,

221 810 267 846 ut
294 803 335 845 in
367 802 500 857 clipeo
530 801 643 843 idem
675 800 844 848 artifex,
875 802 1037 843 minora
1066 800 1136 842 illa
1166 813 1295 854 opera
1325 798 1461 842 facere
1491 801 1636 849 discat,
1668 799 1888 842 laborabit.

333 866 483 906 XVIII.
532 866 600 906 74.
654 867 758 905 Tum
791 864 981 906 Catulus:
1035 865 1128 913 Quo
1157 863 1234 905 ista
1265 862 1424 904 maiora
1454 877 1501 904 ac
1531 863 1787 906 mirabiliora
1818 863 1975 910 fecisti,

173 946 207 971 ιο
222 943 270 970 eo
302 941 368 969 me
398 927 531 969 maior
561 926 814 982 exspectatio
853 932 986 975 tenet,
1032 926 1279 981 quibusnam
1315 924 1543 967 rationibus
1580 926 1812 982 quibusque
1854 940 1977 980 prae-

222 990 348 1046 ceptis
379 1003 428 1031 ea
456 995 568 1032 tanta
595 991 657 1031 vis
688 994 972 1043 comparetur3
1005 1003 1089 1030 non
1120 1002 1203 1045 quo
1234 1001 1326 1029 mea
1347 987 1514 1043 quidem
1536 989 1614 1029 iam
1636 989 1794 1030 intersit
1825 991 1976 1045 (neque

222 1055 330 1095 enim
361 1058 472 1095 aetas
501 1053 541 1095 id
572 1066 665 1094 mea
695 1052 903 1094 desiderat
933 1057 973 1093 et
1002 1050 1113 1093 aliud
1145 1065 1275 1105 genus
1312 1052 1519 1106 quoddam
1551 1051 1713 1093 dicendi
1743 1066 1818 1093 nos
1848 1052 1978 1093 secuti

221 1129 379 1163 sumus,
412 1118 482 1171 qui
511 1128 720 1171 nunquam
750 1115 974 1156 sententias
1005 1115 1056 1155 de
1087 1114 1275 1154 manibus
1306 1112 1488 1154 iudicum
1519 1114 1559 1155 vi
1581 1113 1756 1169 quadam
1779 1114 1979 1156 orationis

222 1179 473 1221 extorsimus
503 1191 551 1219 ac
578 1176 716 1233 potius
747 1176 918 1231 placatis
948 1190 1093 1218 eorum
1125 1175 1293 1225 animis,
1328 1181 1504 1224 tantum,
1536 1182 1733 1232 quantum
1752 1177 1832 1231 ipsi
1852 1177 1981 1233 patie-

173 1259 206 1284 15
220 1242 391 1292 bantur,
423 1240 704 1296 accepimus),
737 1241 810 1280 sed
839 1245 977 1281 tamen
1006 1238 1084 1280 ista
1113 1243 1183 1279 tua
1212 1237 1368 1279 nullum
1401 1239 1450 1279 ad
1480 1252 1600 1279 usum
1632 1251 1794 1288 meum,
1826 1245 1980 1281 tantum

223 1305 503 1360 cognoscendi
547 1302 684 1345 studio
729 1301 931 1344 adductus
973 1302 1160 1357 requir0.
1222 1302 1289 1341 75.
1338 1302 1423 1341 Nec
1463 1300 1564 1342 mihi
1595 1314 1699 1356 opus
1730 1306 1791 1343 est
1822 1305 1981 1345 Graeco

223 1368 362 1425 aliquo
393 1370 587 1414 doctore,
634 1368 704 1422 qui
733 1365 835 1406 mihi
863 1365 1105 1421 pervulgata
1136 1368 1360 1418 praecepta
1390 1366 1596 1411 decantet,
1639 1376 1733 1404 cum
1762 1363 1850 1420 ipse
1878 1379 1983 1406 nun-

223 1446 346 1488 quam
376 1432 538 1479 forum,
584 1442 794 1484 nunquam
824 1428 954 1469 ullum
985 1427 1182 1469 iudicium
1214 1425 1471 1483 adspexerit3
1517 1431 1561 1467 ut
1589 1428 1883 1482 Peripateticus
1912 1427 1982 1468 ille

224 1493 375 1535 dicitur
405 1492 624 1541 Phormio,
658 1505 750 1533 cum
781 1491 988 1533 Hannibal
1017 1491 1267 1545 Karthagine
1298 1489 1493 1545 expulsus
1523 1488 1730 1543 Ephesum
1762 1489 1812 1531 ad
1841 1490 1983 1532 Antio-

174 1572 210 1598 πο
225 1558 347 1598 chum
391 1557 568 1598 venisset
611 1554 728 1602 exul,
777 1568 938 1610 proque
978 1567 1051 1602 eo,
1103 1552 1214 1609 quod
1260 1553 1346 1593 eius
1385 1565 1537 1593 nomen
1575 1556 1663 1594 erat
1693 1565 1841 1608 magna
1870 1553 1981 1606 apud

225 1632 369 1660 omnes
399 1618 552 1674 gloria,
583 1617 777 1659 invitatus
808 1623 917 1659 esset
946 1615 996 1658 ab
1027 1614 1261 1670 hospitibus
1292 1615 1402 1664 suis,
1435 1621 1481 1656 ut
1510 1628 1628 1664 eum,
1661 1628 1783 1670 quem
1808 1614 1916 1662 dixi,
1948 1612 1984 1656 si

224 1680 370 1730 vellet,
409 1680 593 1731 audiret;
642 1694 852 1735 quumque
883 1680 917 1720 is
948 1693 992 1720 se
1022 1693 1107 1720 non
1137 1677 1246 1719 nolle
1277 1677 1471 1720 dixisset:
1518 1680 1680 1719 locutus
1711 1691 1802 1719 esse
1832 1677 1983 1719 dicitur

223 1745 350 1786 homo
380 1744 574 1797 copiosus
605 1742 761 1798 aliquot
791 1744 916 1783 horas
947 1741 998 1783 de
1034 1740 1297 1795 imperatoris
1336 1739 1473 1782 officio
1505 1746 1545 1782 et
1575 1742 1625 1781 de
1656 1741 1768 1782 omni
1800 1754 1846 1782 re
1876 1740 1984 1782 mili-

223 1809 313 1851 tari.
372 1809 498 1856 Tum,
532 1819 624 1847 cum
646 1805 794 1853 ceteri,
827 1805 898 1861 qui
917 1804 1034 1846 illum
1054 1804 1291 1852 audierant,
1323 1806 1592 1845 vehementer
1612 1808 1748 1845 essent
1772 1802 1978 1854 delectati,

175 1883 209 1909 2⁵
225 1871 480 1926 quaerebant
521 1867 572 1910 ab
613 1867 863 1916 Hannibale,
914 1866 1109 1923 quidnam
1147 1868 1236 1922 ipse
1277 1867 1328 1907 de
1365 1865 1435 1907 illo
1476 1865 1726 1922 philosopho
1763 1865 1980 1908 iudicaret.

224 1935 304 1975 Hic
332 1935 494 1975 Poenus
523 1946 607 1973 non
637 1931 793 1985 optime
835 1933 1012 1977 Graece,
1065 1928 1137 1971 sed
1175 1934 1313 1971 tamen
1352 1927 1484 1970 libere
1524 1927 1789 1984 respondisse
1825 1928 1980 1978 fertur,

224 1995 374 2037 multos
413 2009 457 2036 se
494 1996 646 2036 deliros
685 2008 803 2035 senes
847 2006 970 2047 saepe
1009 1991 1181 2040 vidisse,
1232 1990 1305 2033 sed
1345 1992 1415 2046 qui
1456 1990 1583 2044 magis
1623 2004 1747 2044 quam
1787 1991 1982 2033 Phormio

225 2058 435 2107 deliraret,
480 2057 636 2099 vidisse
666 2056 889 2099 neminem.
951 2058 1096 2110 Neque
1127 2053 1368 2096 mehercule
1399 2055 1564 2095 iniuria.
1625 2055 1698 2094 76.
1733 2052 1842 2104 Quid
1874 2053 1985 2096 enim

226 2126 297 2163 aut
324 2120 582 2175 arrogantius
612 2125 682 2161 aut
711 2119 925 2175 loquacius
956 2117 1045 2159 fieri
1075 2117 1209 2173 potuit
1239 2130 1361 2172 quam
1392 2115 1635 2163 Hannibali,
1667 2115 1739 2171 qui
1768 2121 1830 2157 tot
1849 2129 1980 2158 annos

178 2201 212 2227 30
228 2185 279 2225 de
316 2183 493 2239 imperio
533 2196 626 2224 cum
665 2184 819 2238 populo
859 2183 1048 2223 Romano
1090 2180 1277 2222 omnium
1325 2182 1508 2235 gentium
1554 2180 1715 2221 victore
1761 2183 1982 2228 certasset,

229 2249 432 2289 Graecum
474 2245 709 2295 hominem,
759 2246 829 2302 qui
873 2257 1083 2300 nunquam
1127 2245 1308 2293 hostem,
1360 2256 1573 2297 nunquam
1617 2246 1748 2282 castra
1790 2240 1982 2291 vidisset,

226 2322 437 2364 nunquam
483 2307 661 2364 denique
705 2307 915 2349 minimam
957 2312 1117 2362 partem
1159 2305 1282 2347 ullius
1330 2304 1489 2361 publici
1530 2303 1718 2346 muneris
1758 2303 1982 2358 attigisset,

226 2377 450 2428 praecepta
480 2373 530 2413 de
561 2385 606 2413 re
635 2370 804 2413 militari
834 2372 961 2411 dare‘?
992 2371 1083 2411 Hoc
1111 2368 1212 2411 mihi
1240 2367 1379 2410 facere
1411 2381 1554 2409 omnes
1584 2368 1671 2416 isti,
1718 2368 1788 2423 qui
1826 2366 1877 2408 de
1897 2371 1985 2408 arte

228 2433 388 2477 dicendi
418 2435 702 2488 praecipiunt,
734 2432 950 2483 videntum
989 2432 1102 2488 quod
1131 2431 1240 2473 enim
1270 2430 1349 2486 ipsi
1379 2433 1540 2486 experti
1570 2445 1656 2472 non
1687 2434 1802 2477 sunt,
1832 2429 1876 2471 id
1907 2428 1982 2471 do—

180 2515 214 2541 35
230 2503 324 2539 cent
351 2501 528 2539 ceteros.
590 2498 670 2538 Sed
701 2499 780 2538 hoc
809 2495 944 2537 minus
973 2494 1148 2536 fortasse
1180 2499 1342 2543 errant,
1389 2496 1503 2550 quod
1532 2507 1616 2534 non
1646 2497 1709 2541 te,
1753 2497 1800 2534 ut
1828 2491 1984 2534 Hanni-

228 2560 389 2609 balem,
423 2559 497 2601 sed
525 2573 680 2613 pueros
710 2564 780 2601 aut
809 2557 1139 2600 adolescentulos
1170 2559 1320 2599 docere
1350 2561 1564 2598 conantur.

338 2623 453 2664 XIX.
485 2624 553 2663 77.
601 2624 752 2670 Erras,
794 2622 956 2667 Catule,
995 2619 1132 2675 inquit
1160 2619 1387 2662 Antonius:
1439 2633 1534 2660 nam
1565 2621 1730 2672 egomet
1758 2616 1802 2658 in
1832 2616 1984 2659 multos

230 2688 313 2728 iam
343 2684 616 2728 Phormiones
646 2684 784 2726 incidi.
844 2683 945 2734 Quis
976 2683 1085 2724 enim
1116 2688 1178 2725 est
1206 2683 1381 2724 istorum
1413 2683 1691 2728 Graecorum,
1738 2679 1810 2736 qui
1839 2693 1983 2736 quem-

232 2763 353 2804 quam
382 2751 568 2791 nostrum
599 2747 822 2803 quidquam
850 2746 1081 2801 intelligere
1111 2745 1365 2788 arbitretur?
1396 2746 1454 2785 Ac
1483 2744 1582 2784 mihi
1614 2741 1781 2799 quidem
1811 2757 1895 2784 non
1926 2742 1984 2784 ita

185 2828 217 2853 [ιο
234 2813 395 2854 molesti
426 2817 543 2862 sunt3
588 2810 707 2852 facile
739 2823 881 2851 omnes
911 2808 1127 2865 perpetior
1157 2813 1197 2850 et
1224 2807 1406 2862 perfero.
1463 2809 1567 2847 Nam
1596 2810 1666 2847 aut
1695 2804 1851 2862 aliquid
1881 2804 1982 2847 affe-

327 2935 361 2965 1.
389 2936 452 2965 aut
474 2932 691 2973 Madvigius:
718 2935 758 2962 ut
782 2931 864 2970 Lag.
894 2931 1069 2970 quinque,
1096 2934 1134 2961 ut
1159 2931 1232 2961 sine
1259 2929 1320 2970 qui
1345 2927 1426 2967 Lag.
1452 2926 1487 2958 2.
1514 2925 1548 2957 4.
1576 2925 1632 2958 13.
1660 2925 1717 2957 32.
1744 2925 1800 2957 36.
1818 2948 1828 2964 ,
1865 2926 1925 2966 qui
1947 2928 1986 2956 ut

236 2979 314 3011 Vet.
343 2980 463 3021 Steph.
493 2979 559 3012 Gu.
587 2980 621 3011 3.
648 2979 699 3016 Β,
727 2979 787 3020 qui
812 2978 881 3009 RE.
911 2976 973 3018 (Ex
999 2977 1028 3008 A
1054 2977 1141 3009 nihil
1166 2979 1320 3008 notatum
1347 2973 1430 3014 est.)
1459 2991 1495 2996 —
1526 2973 1559 3004 2.
1595 2973 1816 3014 aliquantum
1840 2972 1888 3003 ad
1910 2971 1983 3003 ΑΒ.

240 3043 277 3048 -
304 3027 336 3058 3.
365 3028 409 3058 ad
435 3028 606 3059 laetitiam
632 3024 780 3066 (retento
806 3022 889 3064 tum)
916 3033 983 3055 om.
1011 3024 1049 3054 B.
1080 3039 1119 3045 —
1147 3021 1424 3062 contorquendus
1451 3019 1560 3051 Codd.
1589 3020 1659 3051 al.:
1687 3023 1736 3050 est
1760 3023 1986 3058 contorquen-

237 3073 302 3103 dus
326 3073 463 3105 ABRE.
487 3091 524 3096 —
553 3074 586 3105 6.
612 3073 752 3105 virtutis
778 3072 821 3103 R.
845 3088 880 3094 -
911 3071 943 3102 8.
971 3074 1008 3102 ut
1033 3071 1070 3101 in
1097 3070 1298 3101 Ernestius:
1324 3069 1362 3099 in
1386 3074 1463 3099 cum
1490 3066 1584 3098 libris
1611 3067 1730 3104 (etiam
1748 3065 1820 3108 AB)
1847 3065 1919 3097 RE.
1943 3079 1983 3087 —-

238 3119 330 3149 idem
355 3119 412 3150 AB
433 3121 504 3157 (hic
529 3120 704 3153 scribens:
733 3116 852 3157 eidem)
878 3118 1028 3157 aliique:
1055 3117 1145 3148 ‘idem
1167 3116 1225 3147 ille
1250 3115 1322 3147 RE.
1360 3131 1396 3136 —
1442 3114 1496 3145 10.
1525 3113 1729 3154 quibusdam
1754 3113 1796 3145 A.
1823 3127 1870 3135 -
1910 3112 1985 3152 qui·

240 3165 364 3205 busque
390 3166 447 3196 AB
473 3167 624 3207 aliique:
653 3167 817 3208 quibusve
840 3165 914 3197 RE.
943 3183 980 3188 —
1010 3164 1065 3196 11.
1091 3171 1163 3194 non
1189 3171 1266 3193 cum
1292 3160 1427 3203 quidem
1452 3161 1491 3192 B.
1520 3177 1564 3182 —
1597 3161 1653 3192 12.
1681 3169 1785 3201 yenus
1809 3158 1986 3200 quoddam

239 3212 299 3243 ΑΒ
325 3212 478 3252 aliique:
507 3214 682 3252 quoddam
707 3222 812 3254 genus
836 3212 908 3243 RE.
932 3228 970 3234 —
999 3211 1054 3242 16.
1081 3210 1234 3241 studium
1258 3209 1296 3240 Β.
1323 3225 1360 3230 -
1389 3208 1446 3238 22.
1474 3209 1503 3239 is
1527 3216 1560 3239 se
1585 3206 1643 3238 ΑΒ
1669 3207 1821 3246 aliique:
1848 3213 1884 3237 se
1909 3205 1982 3237 RE.

240 3272 282 3279 —-
307 3258 363 3289 23.
392 3259 528 3298 imperii
552 3261 624 3291 ΑΒ.
650 3275 691 3282 --
718 3260 813 3292 omni
838 3268 908 3290 om.
935 3259 1006 3290 ΑΒ.
1035 3274 1076 3280 -
1100 3257 1157 3289 25.
1183 3256 1241 3287 ille
1265 3257 1335 3295 ipse
1360 3255 1402 3287 R.
1428 3270 1466 3276 —
1493 3253 1550 3286 26.
1578 3254 1644 3285 Hic
1669 3255 1803 3285 Poenus
1827 3252 1885 3283 ΑΒ
1912 3252 1986 3283 alii-

242 3313 310 3345 que
327 3329 335 3343 ,
362 3305 411 3337 R:
439 3306 571 3336 Poenus
596 3307 635 3338 E.
662 3323 705 3328 —
745 3307 802 3338 28.
830 3305 1016 3338 delectaret
1040 3304 1080 3335 B.
1115 3321 1154 3326 —
1195 3302 1250 3334 29.
1279 3303 1379 3334 armis
1406 3302 1445 3332 B.
1486 3317 1525 3323 —
1569 3301 1625 3332 31.
1651 3308 1831 3342 nunquam
1855 3299 1986 3332 hostem

242 3360 311 3385 om.
337 3352 376 3385 Β.
408 3368 447 3375 -
474 3351 530 3385 35.
557 3355 595 3384 ut
619 3352 674 3386 ille
700 3353 931 3386 Hannibalem
956 3360 1033 3386 cum
1059 3350 1170 3384 Oxon.
1196 3349 1216 3383 ὃ
1242 3352 1276 3383 et
1301 3357 1388 3382 corr.
1415 3349 1451 3381 Z.
1480 3347 1674 3380 Schutzius.
