2117 3762
246 243 326 284 457*
787 232 998 276 ORATOR
1026 231 1096 272 AD
1126 233 1181 274 M.
1214 231 1442 273 BRUTUM.

247 350 499 403 comparent.
557 345 651 386 235.
699 342 769 381 Isti
798 342 935 379 autem
966 350 1059 378 cum
1090 337 1321 380 dissolvunt
1350 336 1606 386 orationem,
1638 337 1680 379 in
1711 351 1792 394 qua
1820 352 1898 380 nec
1927 353 1993 381 res

246 425 323 452 nec
352 413 524 452 verbum
554 406 680 448 ullum
711 406 771 443 cst
800 400 878 441 nisi
909 398 1144 448 abiectum,
1176 413 1261 441 non
1282 401 1498 456 clupeum,
1532 398 1603 440 sed
1624 399 1736 440 utin
1767 402 1992 453 proverbio

247 478 307 514 est
330 496 383 502 —
404 471 477 512 etsi
507 466 699 510 humilius
729 463 882 505 dictum
913 468 994 508 est,
1026 468 1164 503 tamen
1195 462 1327 504 simile
1348 469 1480 506 est—
1501 475 1667 518 scopas,
1700 467 1745 504 ut
1764 462 1821 504 ita
1843 465 1991 513 dicam,

246 535 346 575 mihi
377 535 565 574 videntur
595 527 834 570 dissolvere.
895 528 1026 579 Atque
1055 530 1102 566 ut
1129 524 1251 580 plane
1282 539 1411 579 genus
1441 527 1542 573 hoc,
1590 526 1703 579 quod
1733 538 1812 580 ego
1842 524 1992 575 laudo,

217 593 535 649 scontempsisse
566 593 800 636 videantur,
833 592 903 629 aut
934 588 1118 628 scribant
1147 586 1303 641 aliquid
1332 589 1399 628 vel
1429 590 1639 630 Isocrateo
1669 601 1785 629 more
1815 587 1881 630 vel
1911 602 1993 645 quo

245 658 464 701 Aeschines
493 658 562 695 aut
589 652 887 694 Demosthenes
917 651 1069 697 utitur,
1101 654 1189 691 tum
1217 648 1311 690 illos
1333 650 1579 692 existimabo
1601 664 1685 692 non
1707 649 1996 706 desperatione

244 717 526 762 formidavisse
557 728 686 770 genus
715 717 815 762 hoc,
847 715 918 754 sed
947 711 1101 753 iudicio
1132 710 1358 765 refugisse3
1402 717 1471 754 aut
1499 714 1703 769 reperiam
1731 714 1822 769 ipsa
1852 713 1996 755 eadem

246 781 484 824 condicione
524 779 594 834 qui
632 776 691 817 uti
730 775 851 824 velit,
903 779 949 815 ut.
985 780 1055 816 aut
1091 775 1200 815 dicat
1230 778 1299 814 aut
1328 775 1480 817 scribat
1508 781 1599 817 utra
1630 775 1746 818 voles
1775 776 1914 830 lingua
1944 789 1996 818 eo

245 858 417 898 genere,
452 854 534 896 quo
564 839 623 881 illi
643 838 808 889 volunt;
839 837 999 878 facilius
1032 841 1094 878 est
1125 837 1234 878 enim
1264 840 1358 891 apta
1389 838 1617 879 dissolvere
1647 852 1768 893 quam
1801 840 1996 894 dissipata

195 921 229 947 10
245 909 499 947 connectere.
558 904 653 943 236.
698 903 779 941 Res
818 905 958 941 autem
1000 913 1044 940 se
1085 900 1143 940 sic
1173 900 1323 947 habet,
1373 903 1418 939 ut
1446 897 1689 941 brevissime
1720 902 1853 942 dicam
1884 901 1997 955 quod

243 968 395 1009 sentio:
439 965 667 1020 composite
697 968 737 1004 et
767 968 862 1016 apte
893 963 981 1004 sine
1013 962 1226 1003 sententiis
1257 959 1397 1001 dicere
1426 960 1586 1002 insania
1617 967 1698 1011 est,
1742 964 1996 1004 sententiose

243 1035 377 1071 autem
410 1027 499 1069 sine
535 1027 762 1069 verborum
805 1029 845 1065 et
881 1025 1028 1065 ordine
1069 1029 1109 1065 et
1139 1025 1267 1065 modo
1296 1022 1489 1071 infantia,
1523 1025 1596 1064 sed
1628 1025 1831 1067 eiusmodi
1859 1030 1998 1067 tamen

241 1090 438 1138 infantia,
484 1093 531 1130 ut
560 1102 607 1129 ea
638 1087 708 1143 qui
738 1092 928 1135 utantur,
976 1099 1062 1127 non
1092 1087 1206 1127 stulti
1235 1087 1426 1127 homines
1457 1084 1601 1126 haberi
1638 1088 1823 1140 possint,
1875 1089 1998 1129 etiam

241 1153 486 1208 plerumque
516 1152 763 1204 prudentes;
806 1162 889 1204 quo
922 1149 993 1203 qui
1024 1153 1085 1190 est
1114 1153 1356 1197 contentus,
1407 1153 1561 1189 utatur.
1621 1150 1833 1205 Eloquens
1872 1163 1995 1199 vero,

192 1231 228 1256 15
243 1216 313 1271 qui
347 1228 432 1256 non
462 1212 779 1269 approbationes
809 1211 968 1260 solum,
1016 1212 1089 1252 sed
1119 1212 1431 1259 admirationes,
1470 1212 1688 1260 clamores,
1728 1212 1918 1267 plausus,
1963 1213 1998 1254 si

244 1281 388 1327 liceat,
422 1291 591 1319 movere
623 1274 768 1322 debet,
800 1272 993 1316 omnihus
1024 1278 1193 1328 oportet
1229 1274 1284 1314 ita
1323 1275 1450 1315 rebus
1490 1273 1687 1323 excellat,
1731 1279 1780 1316 ut
1809 1275 1848 1316 ei
1877 1279 1999 1329 turpe

241 1342 293 1382 sit
323 1342 547 1396 quidquam
582 1343 652 1379 aut
681 1336 858 1391 spectari
888 1341 958 1377 aut
987 1335 1121 1377 audiri
1152 1334 1364 1378 libentius.

353 1405 449 1444 237.
483 1400 622 1443 Habes
651 1413 789 1441 meum
820 1400 870 1439 de
900 1404 1089 1446 oratore,
1121 1401 1272 1447 Brute,
1306 1397 1526 1448 indicium;
1561 1398 1675 1454 quod
1706 1403 1777 1440 aut
1805 1403 1996 1455 sequere,

242 1467 276 1508 si
305 1465 565 1521 probaveris,
597 1468 666 1504 aut
696 1469 767 1504 tuo
799 1462 948 1509 stabis,
980 1461 1013 1502 si
1035 1462 1146 1503 aliud
1173 1461 1380 1518 quoddam
1412 1467 1473 1502 est
1503 1466 1633 1504 tuum.
1691 1463 1739 1503 In
1760 1475 1842 1518 quo
1863 1476 1999 1518 neque

192 1549 228 1574 20
241 1529 435 1582 pugnabo
467 1532 603 1568 tecum
632 1540 768 1581 neque
796 1528 877 1567 hoc
905 1538 1073 1574 meum,
1125 1526 1176 1566 de
1216 1538 1301 1579 quo
1338 1530 1451 1565 tanto
1484 1538 1612 1578 opere
1641 1527 1722 1566 hoc
1751 1524 1860 1567 libro
1891 1539 2002 1566 asse-

241 1590 406 1639 veravi,
450 1603 632 1645 unquam
674 1588 886 1630 affirmabo
929 1601 1019 1629 esse
1056 1587 1194 1629 verius
1236 1600 1359 1642 quam
1399 1592 1530 1629 tuum.
1589 1588 1730 1629 Potest
1768 1589 1877 1628 enim
1917 1600 2003 1629 non

242 1655 377 1695 solum
407 1651 518 1694 aliud
548 1651 651 1693 mihi
680 1666 727 1692 ac
758 1652 858 1700 tibi,
910 1649 983 1692 sed
1019 1650 1119 1691 mihi
1148 1651 1229 1704 ipsi
1260 1648 1372 1691 aliud
1403 1649 1502 1691 alias
1533 1649 1680 1692 videri.
1738 1652 1823 1691 Nec
1853 1651 1895 1692 in
1923 1651 2003 1691 hac

252 1719 377 1758 modo
416 1729 486 1765 re,
534 1728 638 1769 quae
677 1713 729 1755 ad
769 1713 883 1768 vulgi
921 1727 1133 1754 assensum
1166 1717 1325 1767 spectet
1364 1717 1405 1753 et
1443 1711 1495 1753 ad
1531 1713 1692 1754 aurium
1722 1714 2000 1766 voluptatem,

250 1793 353 1836 quae
384 1780 465 1820 duo
496 1783 591 1819 sunt
620 1776 671 1818 ad
699 1775 964 1818 iudicandum
986 1776 1213 1823 levissima,
1246 1776 1319 1816 sed
1339 1789 1392 1815 ne
1414 1775 1457 1814 in
1480 1774 1669 1816 maximis
1690 1774 1857 1830 quidem
1876 1776 2003 1815 rebus

191 1859 228 1885 25
245 1844 468 1899 quidquam
497 1843 632 1882 adhuc
661 1841 802 1881 inveni
832 1838 1013 1887 firmius,
1064 1837 1176 1893 quod
1206 1843 1392 1879 tenerem
1423 1841 1492 1878 aut
1522 1850 1604 1892 quo
1635 1836 1833 1878 iudicium
1864 1849 2003 1877 meum

243 1907 490 1959 dirigerem,
522 1917 644 1959 quam
675 1902 740 1952 id,
776 1905 1055 1957 quodcunque
1086 1900 1188 1942 mihi
1218 1913 1339 1956 quam
1372 1899 1625 1941 simillimum
1655 1901 1745 1941 veri
1777 1900 2001 1946 videretur,

244 1981 336 2009 cum
366 1966 501 2022 ipsum
531 1965 632 2007 illud
662 1980 807 2008 verum
845 1965 887 2006 in
928 1966 1091 2006 occulto
1128 1963 1288 2005 lateret.
1346 1964 1442 2004 238.
1491 1966 1553 2004 Tu
1593 1968 1732 2004 autem
1772 1962 1919 2010 velim,
1969 1962 2003 2002 si

242 2031 319 2072 tibi
361 2044 434 2080 ea,
480 2043 584 2086 quae
628 2030 834 2084 disputata
872 2032 988 2075 sunt,
1034 2028 1170 2068 minus
1209 2024 1515 2080 probabuntur,
1562 2032 1608 2067 ut
1637 2032 1707 2066 aut
1736 2025 1868 2067 maius
1899 2037 2003 2079 opus

243 2094 471 2135 institutum
502 2097 620 2148 putes
661 2105 782 2147 quam
815 2089 923 2132 effici
953 2090 1158 2145 potuerit,
1209 2093 1302 2137 aut,
1347 2090 1445 2129 dum
1486 2088 1561 2129 tibi
1597 2088 1759 2142 roganti
1798 2087 2002 2129 voluerim

197 2172 231 2198 30
247 2157 440 2211 obsequi,
472 2156 722 2197 verecundia
752 2154 931 2209 negandi
961 2152 1173 2194 scribendi
1204 2164 1269 2192 me
1301 2150 1601 2206 impudentiam
1632 2149 1878 2206 suscepisse.

248 2235 2001 2254 Μ

339 2295 372 2327 3.
400 2295 462 2328 Vv.
482 2299 598 2327 tamen
616 2294 727 2325 simile
747 2296 795 2324 est
815 2302 885 2325 om.
905 2293 1039 2325 Nonius
1066 2293 1101 2323 in
1120 2301 1153 2324 v.
1172 2291 1304 2330 Scopae
1319 2314 1326 2328 ‚
1354 2290 1479 2322 Palatt.
1502 2291 1585 2329 duo,
1614 2291 1681 2322 Erl.
1701 2290 1767 2322 Gu.
1787 2289 1835 2328 3.‚
1863 2289 2005 2321 seclusit

245 2343 379 2383 Meyer.
407 2360 449 2365 —-—
490 2343 599 2373 simile
626 2342 694 2372 Vit.
724 2341 818 2372 Eins.
848 2341 907 2371 Dr.
936 2340 1032 2371 Mon.
1063 2338 1129 2370 Gu.
1157 2338 1190 2369 2.
1220 2339 1270 2370 R:
1302 2338 1476 2369 consimile
1504 2347 1583 2370 cum
1610 2338 1754 2370 Mediol.
1784 2340 1817 2368 et
1840 2337 1932 2368 Aldo
1960 2337 2001 2368 E.

246 2407 290 2412 —-
316 2390 378 2422 Vv.
405 2394 443 2420 ut
469 2390 521 2419 ita
547 2390 660 2420 dicam
684 2389 825 2420 seclusit
851 2387 934 2417 ΕΠ).
961 2386 1012 2426 (ιιι
1039 2386 1153 2417 dicam
1179 2385 1232 2415 ita
1257 2385 1326 2416 Vn.
1355 2383 1486 2422 Peter.)
1515 2402 1552 2408 -—
1590 2385 1624 2416 6.
1663 2389 1747 2415 tunc
1773 2383 1844 2414 Erl.
1873 2383 1941 2415 Gu.
1968 2383 2002 2415 3.

250 2454 287 2460 -
315 2436 349 2468 7.
378 2437 617 2476 sormidavisse
643 2435 712 2466 Vit.
741 2434 834 2465 Eins.
865 2434 947 2464 Dr.:
991 2432 1275 2473 reformidavisse
1303 2431 1371 2462 Gu.
1399 2433 1431 2464 1.
1460 2432 1493 2463 2.
1522 2432 1597 2463 RE.
1640 2447 1678 2454 ·-
1719 2432 1890 2470 reperiam
1927 2430 2006 2468 ipsa

248 2483 343 2515 Eins.
368 2483 427 2515 Dr.
455 2484 551 2516 Mon.
581 2482 648 2513 Gu.
677 2483 709 2513 1.
737 2482 798 2512 2.;
837 2481 1012 2520 reperiam
1037 2482 1107 2518 'ipse
1134 2479 1244 2510 Codd.
1273 2480 1394 2518 Regii,
1431 2477 1499 2509 Gu.
1527 2478 1561 2509 3.
1579 2501 1588 2515 ,
1628 2479 1807 2517 reperiant
1831 2478 1908 2516 ipsa
1933 2477 2003 2508 Vit.

250 2530 320 2561 Erl.
349 2530 418 2560 RE.
450 2545 486 2550 —
515 2529 549 2561 8.
578 2529 669 2560 voles
695 2528 760 2560 Vit.
790 2528 859 2559 Erl.
890 2526 956 2558 Ga.
986 2529 1017 2558 1.
1047 2526 1080 2556 3.
1109 2526 1162 2557 R:
1190 2527 1270 2557 velit
1298 2526 1417 2561 Eins.,
1446 2525 1534 2556 volet
1560 2525 1642 2555 ΕΠ).
1671 2527 1762 2556 coni·
1793 2539 1832 2545 —
1872 2525 1927 2555 10.
1956 2524 2005 2554 sic

249 2585 281 2607 se
305 2577 363 2607 Dr.
393 2576 461 2607 Erl·
493 2575 558 2608 Gu.
586 2576 619 2607 2.
650 2592 688 2598 —
733 2574 790 2606 16.
818 2574 1014 2614 exspectari
1040 2573 1109 2604 Vit.
1141 2573 1236 2603 Eins.
1264 2573 1364 2605 Mon.
1393 2572 1442 2609 R,
1471 2572 1587 2604 Peter.
1616 2569 1832 2610 (exspectare
1855 2573 1916 2601 auc
1942 2579 2004 2600 au-

251 2623 323 2654 dire
348 2623 414 2654 Gu.
442 2622 490 2660 2.)
515 2639 554 2645 -—-
598 2622 655 2653 22.
681 2621 796 2662 Neque
821 2621 889 2651 Vit.
926 2638 969 2642 —
1009 2619 1063 2651 23.
1093 2623 1217 2658 spectet
1243 2628 1321 2650 curn
1348 2619 1443 2649 libris
1471 2620 1559 2650 notis
1586 2618 1636 2648 R:
1671 2620 1802 2657 spectat
1829 2625 1906 2647 cum
1931 2616 2004 2648 Ma-

252 2671 349 2700 nutio
377 2671 414 2702 E.
443 2686 481 2691 —
511 2669 568 2700 24.
595 2669 785 2700 novissima
809 2668 879 2699 Vit.
908 2667 1002 2698 Eins.
1031 2666 1091 2697 Dr.
1119 2666 1217 2697 Mon.
1247 2667 1287 2698 R.
1329 2664 1387 2705 (Ut
1413 2674 1499 2703 n05‚
1529 2664 1638 2696 Codd.
1668 2664 1878 2703 interpolati.
1932 2663 2001 2694 Csr.

254 2716 296 2747 ad
322 2717 415 2747 Fam.
443 2716 480 2754 3,
509 2717 574 2754 10,
602 2715 645 2746 8:
684 2715 731 2746 acl
755 2714 946 2746 nocendum
981 2711 1220 2752 levissimum.)
1259 2730 1296 2735 —
1338 2713 1395 2743 27.
1429 2721 1550 2743 veram
1574 2715 1687 2742 tamen
1711 2712 1749 2743 in
1775 2711 1850 2742 Vet.
1881 2710 2001 2749 steph.

255 2762 322 2793 Erl.
352 2762 416 2795 Gu.
445 2762 504 2799 3.‚
543 2771 661 2794 verum
686 2765 759 2792 tum
783 2763 820 2793 in
846 2762 940 2792 Eius.
983 2777 1024 2782 —
1069 2761 1126 2792 30.
1163 2759 1435 2798 imprudentiam
1474 2759 1540 2790 Vit.
1570 2758 1663 2789 Eins.
1692 2758 1770 2790 Vet.
1810 2757 1930 2797 Steph.
1960 2757 2002 2795 R,

255 2808 376 2847 Peter,
419 2808 556 2842 Goeller
589 2809 893 2849 improvidentiam
919 2807 985 2840 Gu.
1013 2807 1048 2839 3.
1100 2806 1169 2838 Sed
1206 2806 1436 2838 verecundiae
1462 2807 1590 2839 rectius
1618 2804 1754 2838 videtur
1789 2807 1917 2845 opponi
1942 2805 2004 2836 im-

254 2856 434 2895 pudentia.
