2117 3762
299 254 352 294 36
964 250 1033 289 AD
1071 249 1381 291 HERENNIUM

296 371 387 399 rem
415 356 456 398 in
485 355 675 398 contione
705 358 774 396 aut
802 353 844 394 in
874 352 1044 394 consilio
1065 352 1292 395 faciendam
1314 351 1593 402 censebimus,
1628 352 1776 395 iustam
1798 367 1886 396 esse
1909 360 2044 397 osten-

297 419 462 469 demus;
511 417 730 459 contrariis
760 418 965 457 iniustam.
1023 415 1083 456 Ita
1111 414 1204 464 fiet,
1248 421 1292 457 ut
1322 415 1475 457 eisdem
1506 415 1607 457 locis
1638 421 1677 456 et
1707 414 1758 456 ad
1788 415 2042 459 suadendum

296 488 334 524 et
365 484 413 523 ad
445 479 761 523 dissuadendum
787 477 914 518 simus
935 477 1172 530 comparati.
1232 481 1270 518 5.
1302 477 1372 518 Sin
1392 476 1645 519 fortitudinis
1665 477 1902 518 retinendae
1923 491 2042 520 causa

294 542 527 585 faciendum
565 542 663 596 quid
705 554 794 581 esse
832 541 1034 586 dicemus,
1087 540 1348 580 ostendemus
1384 553 1450 581 res
1489 553 1655 593 magnas
1696 546 1736 581 et
1767 539 1894 581 celsas
1925 541 2042 595 sequi

265 612 336 646 ⁵et
365 605 504 660 appeti
546 609 768 658 oportere;
812 607 853 643 et
881 600 979 642 item
1008 613 1075 641 res
1105 600 1280 641 humiles
1310 607 1350 642 et
1378 601 1563 656 indignas
1594 602 1692 644 viris
1722 601 1899 644 sortibus
1930 605 2042 644 viros

292 668 420 710 sortes
450 674 670 721 propterca
700 670 963 707 contemnere
993 668 1190 718 oportere
1220 676 1296 703 nee
1324 663 1494 706 idoneas
1525 665 1721 720 dignitate
1744 679 1816 707 sua
1838 665 2037 706 iudicare.

292 732 393 771 Item
425 729 474 770 ab
505 729 612 770 nulla
642 741 688 769 re
717 729 891 769 honesta
928 725 1102 782 periculi
1141 730 1210 766 aut
1244 725 1398 766 laboris
1427 727 1709 779 magnitudine
1740 727 1888 769 deduci
1917 741 2043 781 opor-

290 799 397 842 tere;
429 791 702 845 antiquiorem
732 796 910 832 mortem
940 787 1195 842 turpitudine
1225 787 1400 838 habere;
1450 789 1562 830 nullo
1593 789 1736 831 dolore
1768 792 1882 844 cogi,
1914 796 1960 831 ut
1989 788 2039 830 ab

290 855 427 897 officio
458 856 696 904 recedatur3
734 851 885 894 nullius
915 865 992 906 pro
1023 851 1086 892 rei
1118 851 1286 892 veritate
1316 856 1503 891 metuere
1534 852 1787 903 inimicitias;
1829 851 2042 907 quodlibet

239 930 275 955 ιο
289 931 365 973 pro
395 915 548 972 patria,
579 915 835 971 parentibus,
868 913 1123 969 hospitibus,
1155 913 1296 954 amicis
1328 918 1368 954 et
1397 912 1445 954 iis
1474 912 1623 962 rebus,
1661 929 1760 969 quas
1790 915 1942 957 iustitia
1973 929 2041 957 co-

286 980 372 1021 lere
403 977 534 1033 cogit,
585 977 698 1019 adire
729 976 959 1032 periculum
991 980 1031 1017 et
1061 975 1285 1029 quemlibet
1315 975 1525 1030 suscipere
1555 976 1754 1019 laborem.
1813 978 2040 1021 Modestiae

285 1040 470 1096 partibus
500 1045 687 1089 utemur,
719 1040 753 1082 si
783 1039 930 1081 nimias
960 1037 1153 1081 libidines
1183 1038 1375 1091 honoris,
1408 1039 1634 1094 pecuniae,
1675 1039 1867 1082 similium
1897 1055 2039 1082 rerum

286 1101 632 1158 vituperabimus;
664 1102 699 1145 si
728 1116 852 1144 unam
884 1115 1088 1157 quamque
1118 1116 1207 1143 rem
1239 1107 1353 1144 certo
1384 1107 1554 1143 naturae
1574 1102 1751 1144 termino
1774 1103 2037 1154 definiemus3

286 1165 319 1207 si
349 1165 486 1219 quoad
515 1165 665 1219 cuique
695 1166 792 1207 satis
829 1165 903 1215 sit,
952 1165 1234 1213 ostendemus,
1267 1164 1439 1205 nimium
1469 1164 1667 1219 progredi
1697 1164 2037 1217 dissuadebimus,

235 1240 268 1265 1⁵
285 1227 453 1269 modum
494 1230 566 1269 uni
603 1227 752 1282 cuique
788 1227 852 1269 rei
886 1234 1126 1270 statuemus.
1188 1226 1438 1268 Huiusmodi
1467 1233 1603 1282 partes
1641 1233 1735 1269 sunt
1765 1227 1925 1270 virtutis
1955 1241 2040 1268 am-

281 1289 542 1346 plificandae,
574 1290 609 1332 si
639 1289 923 1342 suadebimus3
956 1290 1242 1339 attenuandae,
1274 1291 1306 1330 si
1336 1288 1387 1330 ab
1410 1289 1470 1330 his
1493 1288 1825 1337 dehortabimur‚
1860 1288 2038 1344 [uthaec

281 1351 584 1407 attenuentur,]
637 1367 742 1408 quae
784 1367 907 1408 supra
940 1352 1231 1396 demonstravi.
1292 1354 1393 1392 Nam
1425 1366 1546 1394 nemo
1579 1352 1677 1400 erit,
1724 1352 1794 1407 qui
1824 1357 1988 1393 censeat
2016 1366 2039 1394 a

280 1416 432 1458 virtute
463 1415 764 1466 recedendum;
805 1430 951 1458 verum
981 1422 1051 1458 aut
1080 1430 1147 1458 res
1176 1430 1260 1457 non
1290 1415 1493 1457 eiusmodi
1523 1415 1710 1458 dicantur
1740 1430 1850 1463 esse,
1882 1421 1928 1458 ut
1956 1416 2039 1457 vir-

281 1484 409 1520 tutem
439 1478 645 1534 possimus
677 1477 885 1532 egregiam
916 1479 1121 1533 experiri,
1173 1484 1242 1520 aut
1271 1477 1313 1518 in
1343 1478 1561 1519 contrariis
1591 1481 1728 1534 potius
1758 1477 1883 1520 rebus
1914 1491 2038 1533 quam

231 1553 268 1579 ρο
281 1540 322 1582 in
352 1541 415 1582 his
444 1540 576 1583 virtus
607 1547 796 1583 constare
828 1543 1082 1583 ostendatur.
1144 1543 1269 1590 Item,
1302 1540 1336 1582 si
1367 1555 1449 1595 quo
1479 1547 1598 1595 pacto
1628 1541 1879 1597 poterimus,
1913 1556 2036 1596 quam

278 1602 337 1652 is,
388 1604 458 1657 qui
499 1609 642 1644 contra
682 1602 807 1650 dicet,
857 1603 1055 1644 iustitiam
1095 1604 1273 1651 vocarit,
1324 1617 1398 1644 nos
1430 1603 1802 1645 demonstrabimus
1831 1603 2036 1658 ignaviam

279 1679 368 1707 esse
402 1664 457 1719 [ct
484 1664 690 1719 inertiam]
724 1679 771 1706 ac
798 1678 967 1720 pravam
997 1665 1306 1716 liberalitatem;
1354 1680 1476 1720 quam
1507 1665 1767 1721 prudentiam
1800 1666 2030 1721 appellarit,

277 1728 457 1782 ineptam
488 1733 528 1768 et
559 1727 766 1782 garrulam
797 1733 836 1768 et
866 1727 1053 1769 odiosam
1085 1728 1295 1770 scientiam
1327 1742 1416 1770 esse
1447 1728 1630 1770 dicemus
1642 1744 1652 1779 ;
1699 1743 1821 1783 quam
1850 1728 1920 1770 ille
1948 1742 2037 1769 mo-

279 1789 450 1831 destiam
487 1790 595 1831 dicet
633 1803 744 1836 esse,
799 1803 890 1830 eam
931 1803 1007 1831 nos
1050 1790 1240 1832 inertiam
1279 1798 1318 1833 et
1355 1790 1595 1833 dissolutam
1625 1791 1915 1845 negligentiam
1946 1804 2035 1832 esse

228 1851 481 1902 2⁵dicemus3
516 1866 640 1906 quam
669 1851 736 1894 ille
767 1851 1053 1894 fortitudinem
1083 1853 1326 1901 nominarit,
1366 1869 1456 1896 eam
1486 1868 1561 1896 nos
1592 1854 1877 1908 gladiatoriam
1906 1859 1946 1895 et
1974 1852 2035 1894 in-

279 1914 576 1956 consideratam
621 1913 918 1970 appellabimus
963 1915 1252 1961 temeritatem.
1320 1919 1390 1960 IV.
1437 1920 1475 1958 7.
1520 1916 1743 1958 Laudabile
1787 1922 1869 1965 est,
1922 1915 2034 1971 quod

278 1976 442 2019 conficit
485 1980 700 2019 honestam
745 1984 784 2020 et
831 1983 1093 2034 praesentem
1133 1986 1174 2021 et
1210 1985 1533 2034 consequentem
1579 1978 2029 2021 commemorationem.

277 2041 369 2081 Hoc
398 2053 473 2081 nos
504 2054 555 2082 eo
585 2054 608 2081 a
637 2045 753 2081 recto
784 2040 1090 2094 separavimus,
1133 2055 1217 2083 non
1248 2042 1359 2097 quod
1390 2044 1468 2084 hae
1501 2047 1697 2097 quattuor
1726 2047 1883 2095 partes,
1926 2054 2032 2096 quae

277 2101 551 2144 subiiciuntur
581 2101 656 2144 sub
688 2102 890 2145 vocabulo
922 2103 1047 2152 recti,
1081 2104 1185 2145 hanc
1213 2105 1438 2147 honestatis
1468 2103 1904 2146 commemorationem
1934 2103 2032 2144 dare

229 2179 262 2204 so
276 2178 359 2206 non
389 2165 571 2215 soleant3
624 2167 696 2207 sed
734 2180 981 2220 quamquam
1022 2180 1075 2208 ex
1104 2172 1220 2209 recto
1251 2167 1454 2210 laudabile
1486 2167 1686 2215 nascitur,
1733 2173 1871 2208 tamen
1900 2165 1943 2207 in
1973 2165 2033 2207 di—

277 2227 407 2269 cendo
448 2241 637 2269 seorsum
675 2228 931 2271 tractandum
973 2234 1034 2271 est
1072 2228 1151 2271 hoc
1192 2229 1242 2272 ab
1273 2230 1360 2273 illo.
1421 2233 1564 2285 Neque
1596 2229 1704 2271 enim
1735 2228 1867 2270 solum
1898 2227 2031 2270 laudis

276 2304 397 2332 causa
426 2297 586 2332 rectum
617 2291 736 2345 sequi
767 2291 981 2341 convenit3
1034 2292 1107 2334 sed
1147 2292 1181 2334 si
1211 2293 1299 2335 laus
1330 2294 1621 2347 consequitur,
1668 2290 1900 2347 duplicatur
1927 2290 2032 2332 recti

276 2353 497 2409 appetendi
538 2353 738 2395 voluntas.
799 2357 898 2397 Cum
943 2354 1072 2408 igitur
1111 2355 1191 2397 erit
1230 2356 1554 2398 demonstratum
1595 2360 1776 2402 rectum,
1827 2352 2031 2396 laudabile

277 2430 367 2458 esse
399 2415 772 2458 demonstrabimus
803 2422 872 2458 aut
902 2415 951 2458 ab
982 2416 1142 2459 idoneis
1172 2417 1428 2466 hominibus,
1461 2423 1505 2460 ut
1535 2417 1569 2459 si
1601 2431 1681 2472 qua
1710 2431 1776 2459 res
1797 2414 2029 2458 honestiori

227 2491 260 2517 35
277 2477 411 2520 ordini
450 2478 625 2533 placeat,
677 2493 781 2533 quae
822 2493 844 2520 a
887 2479 1096 2521 deteriore
1133 2479 1279 2521 ordine
1309 2479 1594 2535 improbetur;
1646 2485 1716 2522 aut
1744 2482 1795 2521 ab
1825 2477 2030 2533 aliquibus

275 2540 398 2583 sociis
428 2546 498 2582 aut
527 2539 718 2582 omnibns
750 2541 929 2590 civibus,
961 2542 1115 2583 exteris
1145 2541 1381 2585 nationibus
1411 2545 1672 2599 posterisque
1701 2542 1869 2584 nostris.

389 2605 488 2645 Cum
531 2602 768 2645 huiusmodi
807 2603 993 2646 locorum
1034 2604 1182 2647 divisio
1212 2604 1258 2646 fit
1286 2605 1327 2646 in
1357 2605 1677 2653 consultatione,
1722 2604 1906 2646 breviter
1934 2617 2029 2659 ape-

274 2664 417 2706 rienda
448 2670 510 2706 est
538 2667 663 2707 totius
693 2666 879 2708 tractatio
910 2680 1071 2708 causae.
1131 2668 1329 2709 Exordiri
1357 2667 1496 2710 licebit
1524 2668 1590 2710 vel
1618 2681 1641 2709 a
1670 2666 1871 2723 principio
1891 2667 1957 2708 vel
1977 2665 2027 2707 ab

276 2727 548 2769 insinuatione
581 2727 674 2783 [vel]
708 2728 854 2770 iisdem
883 2729 1131 2779 rationibus,
1175 2729 1324 2785 quibus
1360 2730 1403 2772 in
1432 2729 1615 2773 iudiciali
1645 2743 1778 2771 causa.
1839 2728 1882 2771 Si
1911 2728 2027 2770 cuius

365 2860 400 2892 [ι.
429 2862 578 2893 eoecelsas
602 2862 642 2893 L.
673 2878 708 2885 —-
738 2862 772 2894 5.
799 2863 966 2904 incliqnas
993 2865 1079 2896 viris
1103 2865 1253 2906 sortibus
1277 2866 1370 2897 viros
1395 2864 1594 2896 PABFRT:
1630 2864 1796 2904 indignas
1819 2864 1913 2895 viros
1938 2864 1965 2896 E
1991 2865 2026 2895 in

279 2915 426 2939 errorem
455 2909 617 2940 inductus
643 2917 662 2940 a
687 2912 852 2942 varietate
881 2910 1345 2952 Graevio—Oudendorpiana
1380 2914 1492 2944 minus
1526 2915 1686 2944 accurate
1714 2911 1881 2942 consulta.
1912 2927 1951 2933 —-
1989 2911 2023 2942 6.

274 2959 459 2993 propterea
486 2965 552 2987 om.
581 2956 651 2986 FT.
679 2971 716 2978 -
740 2956 775 2988 7.
804 2958 846 2988 ab
872 2956 1069 2989 PABFRT:
1100 2968 1120 2988 α
1145 2960 1184 2990 Ε.
1217 2974 1250 2980 -
1282 2959 1337 2990 12.
1366 2959 1529 2990 similium
1554 2958 1690 2989 PABF:
1718 2959 1949 2998 similiumque
1964 2958 2024 2989 ΒΤ

277 2999 318 3030 Ε.
345 3016 389 3021 —·
414 3000 469 3032 14.
495 3003 643 3033 nimium
669 3002 773 3034 PAF:
816 3007 846 3034 et
870 3006 1017 3036 nimium
1049 3005 1158 3043 BRE,
1200 3007 1413 3045 nimiumque
1439 3005 1478 3036 T.
1510 3023 1547 3028 —
1593 3005 1648 3036 15.
1675 3005 1817 3036 modam
1841 3004 1949 3036 PAF:
1993 3008 2026 3036 et

276 3046 416 3077 modum
441 3047 548 3086 BRE,
577 3054 605 3080 et
631 3051 659 3080 si
682 3051 824 3081 modum
850 3050 890 3081 T.
922 3067 960 3073 —
1001 3051 1056 3083 16.
1084 3056 1121 3083 ut
1145 3054 1228 3084 haee
1254 3055 1476 3083 attenuentur
1501 3052 1642 3084 seclusit
1668 3051 1693 3083 E
1710 3074 1718 3088 ,
1746 3052 1874 3085 delevit
1895 3051 2024 3083 Seli.—

277 3092 334 3124 18.
362 3094 529 3125 eiusmodi
552 3095 719 3127 PAFRT:
747 3097 943 3128 huiusmodi
970 3098 1038 3130 BE.
1068 3115 1107 3121 —-
1149 3100 1314 3130 dicantar
1339 3098 1444 3129 BFT:
1472 3099 1611 3130 dicatur
1635 3098 1766 3130 PARE.
1797 3116 1834 3122 -
1875 3098 1931 3129 22.
1959 3097 2021 3130 Vv.

278 3143 310 3170 et
334 3140 496 3171 ‘inertiam
521 3140 647 3173 delevit
674 3142 753 3174 Sch.
804 3144 873 3176 Nos
899 3145 1116 3177 seclusimus.
1146 3163 1182 3168 —
1220 3146 1276 3176 22.
1312 3144 1558 3176 liberalitatem
1591 3145 1790 3177 PABFRT:
1831 3145 2024 3177 libertatem

275 3185 317 3216 E.
340 3201 378 3208 —
398 3186 460 3216 241.
488 3187 734 3227 neyliyentiam
759 3199 827 3222 esse
851 3190 1018 3223 PBFTR:
1044 3193 1289 3234 uegyltyentiam
1312 3192 1415 3223 ΑΒΕ.
1437 3207 1477 3214 -
1504 3193 1560 3228 28,
1589 3194 1830 3233 separavimus
1855 3191 2019 3234 rABFT:

275 3233 514 3271 separabimus
546 3233 595 3270 R,
633 3243 830 3273 separamus
856 3238 894 3268 E.
933 3255 972 3260 —-
1012 3239 1068 3269 29.
1096 3239 1298 3271 vocabulum
1324 3239 1363 3269 B.
1394 3255 1431 3262 —
1473 3239 1529 3270 30.
1556 3241 1709 3271 nascitur
1735 3239 1791 3270 PT
1820 3238 2022 3270 confirman-

276 3284 326 3310 tes
352 3279 497 3310 Ernestii
526 3281 783 3314 coniecturam:
811 3288 980 3315 nascatur
998 3285 1118 3318 ABFR
1136 3291 1169 3320 et
1186 3285 1309 3321 Graev.
1333 3301 1368 3310 -—
1396 3286 1453 3319 35.
1481 3286 1525 3320 ab
1551 3295 1618 3320 om.
1637 3286 1795 3320 PBFRT.
1818 3301 1854 3317 ι-
1884 3284 1942 3319 39.
1969 3284 2022 3318 vel

277 3329 355 3359 ante
382 3325 505 3359 iisdem
533 3326 658 3361 delevit
674 3328 753 3361 Sch.
788 3330 858 3365 Nos
884 3331 1100 3367 seclusimus.
