2117 3762
271 298 350 353 122
936 310 1007 353 DE
1038 312 1359 356 INVENTIONE

267 419 337 460 92.
370 420 636 475 Perspicuum
676 421 757 466 est,
807 415 857 457 de
898 430 980 471 quo
1019 430 1105 457 non
1145 422 1207 458 est
1246 419 1552 461 controversia:
1602 423 1665 466 ut,
1717 420 1750 459 si
1783 421 1877 474 qui,
1931 436 2023 464 cum

269 482 459 523 Orestem
489 486 675 529 accuset,
708 482 876 535 planum
909 478 1030 519 faciat
1060 477 1111 520 ab
1143 494 1194 521 eo
1224 487 1397 523 matrem
1429 496 1518 522 esse
1550 482 1742 523 occisam.
1804 485 1895 524 Non
1927 499 2024 526 con-

268 557 430 585 cessum
461 549 541 592 est,
573 558 664 584 cum
696 541 759 589 id,
790 543 902 597 quod
933 546 1130 596 augetur,
1163 544 1205 583 in
1235 546 1519 585 controversia
1542 550 1625 592 est,
1658 549 1719 591 ut,
1751 545 1785 584 si
1807 547 1898 599 qui,
1931 561 2023 588 cum

267 607 427 649 Ulixem
458 611 644 654 accuset,
677 606 718 645 in
748 606 829 645 hoc
858 605 1037 645 maxime
1059 611 1364 647 commoretur:
1405 606 1621 661 Indignum
1654 619 1743 647 esse
1774 605 1825 647 ab
1854 609 2023 650 homine

216 676 232 701 ὃ
266 669 531 723 ignavissimo
562 670 699 710 virum
729 665 1024 715 fortissimum,
1057 666 1243 714 Aiacem,
1274 674 1479 710 necatum.
1541 672 1680 722 Turpe
1710 673 1791 716 est,
1824 670 1935 725 quod
1957 676 2026 712 aut

268 746 319 773 eo
349 731 463 780 loco,
495 731 535 771 in
567 743 651 786 quo
683 730 833 771 dicitur
862 734 932 770 aut
962 743 1011 770 eo
1043 730 1230 777 homine,
1263 730 1335 785 qui
1366 730 1487 780 dicit,
1520 738 1590 772 aut
1620 744 1670 773 eo
1702 736 1910 785 tempore,
1942 746 2024 788 quo

268 794 442 842 dieitur,
476 798 545 834 aut
574 793 641 840 iis,
675 792 746 848 qui
776 791 970 840 audiunt,
1014 797 1083 833 aut
1114 805 1162 832 ea
1193 806 1262 840 re,
1306 806 1387 845 qua
1417 796 1466 834 de
1497 796 1653 848 agitur,
1686 792 1899 846 indignum
1929 808 2026 849 pro-

266 862 359 912 pter
387 857 648 896 inhonestam
678 869 769 896 rem
799 854 975 896 videtur.
1036 852 1251 895 Offensum
1283 860 1365 901 est,
1399 858 1509 910 quod
1541 870 1685 897 eorum
1704 887 1713 903 ‚
1747 855 1818 910 qui
1839 856 2024 904 audiunt,

267 919 518 959 voluntatem
550 917 696 959 laedit:
744 923 804 965 ut,
851 917 885 958 si
928 916 997 972 qui
1037 918 1147 970 apud
1188 918 1347 972 equites
1376 919 1584 959 Romanos
1616 918 1787 973 cupidos
1818 917 2026 960 iudicandi

216 990 252 1014 1⁰
268 980 486 1035 Caepionis
516 980 651 1035 legem
682 979 938 1021 iudiciariam
959 979 1110 1021 laudet.
1172 982 1218 1020 L.
1254 982 1321 1020 93.
1348 979 1610 1020 Contrarium
1633 986 1717 1028 est,
1751 982 1862 1036 quod
1884 986 2027 1022 contra

267 1042 419 1084 dicitur
464 1047 586 1098 atque
630 1044 680 1091 ii,
726 1044 795 1098 qui
826 1043 1020 1089 audiunt,
1062 1041 1275 1083 fecerunt:
1322 1047 1390 1089 ut,
1439 1043 1471 1081 si
1504 1041 1574 1096 qui
1604 1045 1713 1097 apud
1744 1043 2025 1084 Alexandrum

265 1104 535 1147 Macedonem
576 1111 718 1147 contra
757 1105 938 1161 aliquem
978 1106 1093 1145 urhis
1131 1109 1457 1158 expugnatorem
1497 1103 1651 1144 diceret
1681 1105 1783 1145 nihil
1814 1119 1904 1147 esse
1935 1120 2027 1147 cru-

265 1166 397 1209 delius
437 1182 559 1223 quam
588 1170 713 1209 urbes
744 1169 933 1215 diruere,
981 1181 1073 1208 cum
1104 1167 1192 1222 ipse
1223 1167 1458 1207 Alexander
1488 1168 1652 1207 Thebas
1690 1167 1900 1210 diruisset.
1961 1171 2029 1209 In-

267 1235 459 1272 constans
491 1236 576 1280 est,
610 1230 722 1286 quod
751 1232 801 1271 ab
834 1231 983 1270 eodem
1015 1228 1065 1270 de
1096 1231 1240 1270 eadem
1272 1243 1316 1269 re
1346 1228 1510 1269 diverse
1540 1227 1713 1269 dieitur:
1762 1235 1829 1276 ut,
1862 1232 1895 1272 si
1938 1233 2023 1287 qui,

215 1301 252 1328 1⁵
267 1306 360 1334 cum
391 1291 568 1342 dixerit,
618 1292 689 1348 qui
717 1294 912 1334 virtutem
943 1291 1119 1339 habeat,
1166 1306 1260 1332 eum
1302 1291 1452 1332 nullius
1494 1292 1553 1331 rei
1586 1290 1636 1332 ad
1666 1293 1773 1332 bene
1803 1292 2026 1336 vivendum

266 1355 474 1410 indigere,
520 1361 642 1410 neget
670 1360 813 1411 postea
844 1356 932 1395 sine
962 1356 1073 1396 bona
1101 1354 1337 1397 valetudine
1375 1367 1498 1409 posse
1537 1355 1644 1394 bene
1682 1355 1797 1395 vivi:
1840 1362 1938 1406 aut,
1983 1371 2027 1398 se

266 1417 401 1459 amico
432 1417 577 1459 adesse
606 1423 777 1474 propter
805 1417 1168 1467 benevolentiam;
1214 1430 1381 1472 sperare
1411 1415 1521 1456 enim
1552 1414 1707 1471 aliquid
1737 1420 1943 1460 commodi
1975 1419 2028 1460 ad

267 1495 311 1521 se
342 1486 654 1536 perventurum.
725 1483 790 1521 94.
825 1479 1064 1521 Adversum
1098 1485 1186 1527 est,
1234 1481 1345 1535 quod
1375 1478 1454 1533 ipsi
1485 1491 1632 1519 causae
1663 1477 1798 1534 aliqua
1830 1493 1882 1522 ex
1911 1487 2027 1537 parte

267 1542 427 1592 officit,
461 1548 530 1590 ut,
561 1542 596 1584 si
627 1542 698 1596 qui
727 1542 908 1584 hostium
946 1542 1028 1583 vim
1067 1548 1107 1583 et
1144 1541 1283 1597 copias
1315 1547 1355 1582 et
1383 1540 1621 1582 felicitatem
1653 1546 1821 1595 augeat,
1853 1557 1946 1584 cum
1977 1546 2027 1584 ad

216 1617 252 1644 20
266 1608 532 1660 pugnandum
562 1605 713 1647 milites
743 1605 998 1646 adhortetur.
1062 1604 1102 1647 Si
1134 1617 1217 1645 non
1247 1605 1298 1644 ad
1329 1602 1395 1652 id,
1437 1604 1548 1658 quod
1579 1604 1829 1653 instituitur,
1869 1619 2030 1647 accom-

266 1668 506 1710 modabitur
535 1667 670 1723 aliqua
701 1682 797 1722 pars
819 1666 1210 1723 argumentationis,
1241 1669 1390 1707 horum
1413 1665 1551 1720 aliquo
1581 1664 1624 1705 in
1646 1665 1747 1706 vitio
1770 1666 2025 1722 reperietur:

266 1732 300 1773 si
330 1733 449 1786 plura
479 1730 685 1786 pollicitus
728 1730 926 1784 pauciora
966 1728 1295 1778 demonstrabit3
1343 1734 1413 1768 aut
1449 1729 1508 1775 si,
1552 1741 1644 1769 eum
1684 1733 1816 1769 totum
1861 1729 2031 1770 debebit

267 1796 488 1835 ostendere
503 1825 513 1841 ‚
547 1795 598 1834 de
620 1799 734 1848 parte
756 1793 894 1848 aliqua
916 1793 1109 1848 loquatur
1125 1824 1136 1841 ,
1169 1794 1248 1833 hoe
1270 1790 1420 1833 modo:
1460 1791 1684 1832 Mulierum
1708 1804 1838 1845 genus
1859 1805 2029 1833 avarum

267 1861 349 1905 est;
381 1870 474 1898 nam
495 1856 694 1910 Eriphyla
726 1870 829 1897 auro
861 1855 939 1896 viri
969 1856 1093 1896 vitam
1124 1853 1337 1903 vendidit;
1382 1858 1453 1894 aut
1483 1853 1517 1893 si
1553 1866 1636 1894 nou
1667 1852 1733 1901 id,
1767 1855 1879 1908 quod
1908 1867 2029 1894 accu-

216 1917 441 1966 2⁵sabitur‚
474 1919 691 1965 defendet,
722 1923 795 1965 ut,
829 1916 859 1958 si
891 1917 986 1972 qui,
1021 1931 1113 1958 cum
1146 1916 1323 1957 ambitus
1355 1914 1638 1962 accusabitur,
1669 1929 1795 1956 manu
1816 1929 1859 1956 se
1878 1915 2029 1957 fortem

270 1995 360 2023 esse
391 1980 611 2030 defendet3
643 1986 690 2022 ut
718 1980 927 2033 Amphion
957 1981 1067 2033 apud
1097 1978 1362 2034 Euripidem,
1395 1979 1492 2020 item
1524 1978 1632 2032 apud
1663 1980 1911 2028 Pacuvium,
1945 1979 2028 2034 qui,

266 2043 499 2099 vituperata
530 2043 707 2091 musica,
756 2043 998 2096 sapientiam
1028 2042 1192 2091 laudat3
1240 2049 1310 2082 aut
1339 2041 1373 2082 si
1403 2055 1469 2082 res
1499 2054 1550 2082 ex
1580 2041 1760 2082 hominis
1791 2041 1894 2084 vitio
1924 2043 2030 2084 vitu-

265 2106 502 2162 perabitur,
534 2110 594 2155 ut,
628 2105 661 2147 si
694 2105 765 2161 qui
787 2105 1017 2146 doctrinam
1049 2119 1099 2146 ex
1130 2103 1302 2146 alicuius
1334 2103 1445 2144 docti
1475 2103 1576 2145 vitio
1600 2105 1906 2157 reprehendat3
1938 2110 2025 2154 aut,

267 2169 302 2210 si
333 2169 427 2224 qui,
476 2183 569 2209 cum
600 2167 778 2223 aliquem
809 2169 923 2209 volet
951 2167 1151 2215 laudare,
1202 2169 1253 2207 de
1283 2165 1478 2206 felicitate
1511 2167 1599 2206 eius
1619 2197 1630 2214 ,
1681 2179 1766 2207 non
1797 2165 1847 2207 de
1878 2166 2030 2209 virtute

217 2249 252 2274 :30
268 2231 398 2281 dicat3
446 2237 515 2272 aut
554 2229 588 2271 si
619 2230 689 2285 qui
719 2243 809 2271 rem
841 2243 934 2271 eum
965 2244 1009 2270 re
1039 2230 1094 2271 ita
1125 2228 1410 2284 comparabit,
1449 2233 1494 2268 ut
1524 2228 1695 2269 alteram
1726 2243 1770 2270 se
1800 2243 1885 2270 non
1914 2234 2030 2285 putet

265 2292 455 2341 laudare,
487 2292 565 2334 nisi
596 2294 767 2333 alteram
798 2292 1071 2348 vituperarit3
1121 2297 1191 2332 aut
1220 2291 1256 2332 si
1286 2293 1455 2332 alteram
1486 2291 1544 2332 ita
1573 2293 1737 2340 laudet,
1784 2297 1831 2332 ut
1859 2293 2029 2333 alterius

265 2370 350 2398 non
380 2355 500 2397 faciat
528 2354 809 2405 mentionem3
843 2357 909 2396 95.
940 2360 1010 2395 aut
1039 2356 1096 2403 si,
1131 2368 1223 2395 cum
1256 2353 1306 2395 de
1338 2359 1451 2394 certa
1482 2369 1525 2394 re
1558 2359 1802 2409 quaeretur,
1834 2357 1885 2396 de
1916 2368 2031 2396 com-

267 2418 381 2459 muni
403 2418 642 2459 instituetur
663 2418 796 2459 oratio
813 2450 822 2464 ‚
854 2422 924 2466 ut,
957 2422 991 2459 si
1013 2419 1102 2473 qui,
1137 2431 1231 2459 eum
1253 2417 1378 2472 aliqui
1399 2416 1658 2465 deliberent,
1689 2416 1845 2459 bellum
1867 2421 2027 2470 gerant,

267 2494 317 2521 an
338 2494 423 2522 non
441 2512 451 2529 ,
481 2493 624 2535 pacem
656 2482 796 2521 laudet
817 2480 986 2522 omnino
1007 2512 1017 2528 ,
1052 2494 1135 2522 non
1156 2479 1256 2521 illud
1277 2479 1434 2522 bellum
1456 2481 1601 2521 inutile
1623 2494 1712 2521 esse
1744 2479 2028 2529 demonstret3

218 2548 338 2588 ssaut
383 2542 418 2583 si
461 2544 568 2585 ratio
610 2543 784 2584 alicuius
822 2544 884 2584 rei
923 2545 1126 2585 reddetur
1173 2542 1298 2592 falsa,
1350 2543 1430 2584 hoc
1460 2545 1615 2585 modo:
1667 2541 1843 2583 Pecunia
1873 2540 2029 2583 bonum

360 2701 393 2731 1.
420 2701 480 2741 qui
506 2699 564 2731 PR
590 2699 740 2740 aliique:
784 2701 860 2740 qais
886 2699 998 2736 ATE;
1039 2704 1072 2732 et
1105 2701 1155 2732 sic
1189 2703 1222 2731 in
1258 2709 1357 2740 seqq.
1393 2699 1580 2740 aliquoties
1616 2699 1774 2731 dedimus
1811 2708 1850 2731 ex
1889 2700 2029 2739 optimis

268 2747 380 2779 Codd.
409 2763 448 2770 -
475 2748 509 2778 2.
540 2746 682 2778 Oresten
709 2746 746 2776 P.
777 2763 815 2768 ⁴-·-
844 2746 877 2777 3.
908 2745 1066 2787 aayetur]
1096 2748 1216 2787 agitur
1242 2755 1330 2778 corr.
1359 2746 1401 2778 ab
1429 2747 1505 2779 ead·
1534 2755 1580 2777 m.
1609 2746 1681 2777 AT.
1720 2746 1834 2777 «Fert.
1864 2747 2031 2786 arquitur

270 2795 338 2827 (tsr.
366 2794 404 2826 L.
431 2795 464 2831 2,
492 2793 549 2831 26,
576 2793 633 2825 78.
683 2792 819 2824 Relatio
847 2794 1002 2824 criminis
1028 2796 1096 2831 cst,
1127 2803 1201 2825 cum
1226 2803 1304 2825 rcus
1329 2794 1386 2830 id,
1426 2794 1517 2833 quod
1542 2795 1730 2832 arquitur,
1768 2791 1942 2830 confessus
1966 2796 2027 2824 est.

269 2842 311 2873 de
332 2841 427 2873 Orat.
448 2842 482 2878 3,
503 2840 560 2878 19,
579 2841 643 2871 70:
675 2847 806 2879 neyare
824 2846 1003 2879 oportere,
1030 2841 1124 2880 quod
1141 2849 1334 2880 arquare.»
1355 2841 1460 2872 ΒΑιΤ.
1490 2856 1527 2862 -
1556 2840 1589 2870 4.
1621 2837 1767 2879 Ulioeem]
1806 2839 1926 2870 Uliaeen
1951 2843 2030 2875 (sic)

267 2888 370 2926 PAT,
402 2888 550 2929 Ulyssem
569 2888 609 2919 E.
630 2903 665 2908 -
699 2887 731 2916 6.
755 2887 887 2917 dicetur
905 2887 995 2917 ΛΒΤ
1024 2891 1059 2918 et
1083 2895 1171 2919 corr.
1194 2887 1230 2918 P.
1252 2904 1294 2909 —-
1320 2888 1412 2919 dicat
1437 2886 1570 2917 PART.
1588 2903 1629 2907 —
1649 2886 1681 2917 8.
1702 2887 1918 2918 inhonestam
1942 2885 2028 2928 rem]

267 2936 518 2966 inhonestatem
543 2935 582 2970 P,
611 2937 649 2964 ut
675 2934 874 2964 coniectura
902 2933 998 2965 dedit
1017 2934 1097 2966 Sch.
1146 2934 1191 2965 Αι
1217 2938 1268 2965 est
1292 2942 1367 2966 voc.
1397 2933 1671 2965 Tertullianeurn
1689 2956 1697 2968 .
1720 2941 1791 2965 non
1817 2932 2027 2964 Tullianum.

270 2981 305 3012 Si
334 2982 418 3021 quid
445 2981 675 3017 mutandum,
717 2980 832 3010 malim
859 2981 1040 3011 honestam
1064 2981 1258 3014 rationem,
1299 2985 1337 3012 ut
1370 2980 1447 3011 Lib.
1475 2980 1516 3015 2,
1551 2978 1588 3019 [δ.
1623 2979 1689 3010 32:
1732 2981 1845 3010 minus
1871 2979 2030 3012 honestae

269 3029 415 3059 rationi.
445 3029 512 3060 On.
541 3026 716 3067 (Probavit
753 3027 841 3058 hanc
877 3029 967 3058 coni.
1007 3027 1295 3064 Ltndemannus,
1332 3028 1366 3058 in
1394 3035 1433 3058 eo
1462 3031 1574 3057 tamen
1611 3026 1737 3063 falsus,
1777 3026 1870 3066 quod
1906 3029 2028 3064 prioris

271 3075 364 3106 Edit.
402 3075 428 3106 L
465 3074 572 3114 (Lib.)
608 3074 789 3113 explicavit
822 3073 1040 3112 Lambinus.)
1079 3089 1112 3094 —
1158 3074 1210 3105 10.
1248 3071 1487 3113 iudiciariam]
1525 3074 1712 3114 ayrariam
1737 3074 1767 3104 R
1792 3081 1869 3103 cum
1897 3073 2026 3104 multis.

272 3121 339 3153 Sed
367 3122 445 3152 vide
474 3121 567 3152 Oud.
607 3138 644 3144 -
687 3124 811 3152 contra
837 3121 966 3151 dicitur
1000 3124 1105 3161 atque
1135 3121 1162 3150 ii
1194 3120 1253 3150 AT
1281 3124 1314 3151 et
1340 3128 1390 3158 pr.
1420 3120 1468 3151 P:
1506 3124 1629 3151 contra
1655 3129 1694 3152 ea
1719 3120 1848 3151 dicitur
1878 3123 1979 3160 atque
2003 3121 2030 3152 ii

271 3176 358 3200 corr.
380 3167 426 3203 Ρ,
455 3171 576 3198 contra
601 3177 641 3199 ea
665 3168 814 3205 dicitur,
843 3176 929 3207 quae
954 3167 979 3197 ii
997 3167 1035 3198 E.
1058 3183 1098 3188 —
1125 3167 1181 3198 12.
1208 3166 1431 3197 Macedonem
1456 3165 1567 3197 dicens
1593 3172 1715 3198 contra
1733 3166 1822 3197 PAR
1849 3170 1882 3196 et.
1907 3175 1960 3206 pr.
1984 3167 2025 3196 T.

273 3231 311 3236 —
341 3214 396 3245 16.
424 3214 495 3244 vivi
519 3214 579 3244 AT
608 3219 641 3246 et
668 3223 719 3253 pr.
748 3215 796 3245 P:
830 3214 948 3244 vivere
973 3213 998 3244 E
1026 3221 1104 3244 cum
1131 3214 1161 3244 R
1188 3217 1222 3244 et
1248 3221 1336 3244 corr.
1365 3213 1401 3243 P.
1446 3228 1479 3235 -
1525 3212 1600 3254 aut]
1629 3218 1691 3245 aut
1727 3215 1803 3245 aiat
1828 3212 1907 3243 Sch.
1937 3214 2026 3244 coni.

272 3261 355 3292 Sine
381 3259 450 3290 ulla
478 3268 602 3296 causa;
647 3269 723 3291 nain
752 3271 791 3293 ex
819 3259 980 3299 praeced.
1009 3263 1107 3301 neqct
1133 3259 1230 3290 facile
1258 3259 1292 3290 h.
1322 3258 1342 3289 l.
1372 3260 1508 3291 elicitur
1534 3259 1640 3291 dicat.
1671 3260 1737 3291 On.
1767 3276 1805 3280 -
1835 3258 1891 3290 17.
1922 3257 2024 3298 enim]

271 3313 386 3340 tamen
411 3309 445 3337 in
474 3315 591 3338 rasura
617 3315 703 3337 corr.
724 3308 771 3345 P,
816 3311 850 3338 et
875 3309 923 3338 sic
949 3306 1004 3337 alii
1033 3306 1190 3338 nonnulli
1231 3305 1341 3346 (quod
1369 3306 1491 3345 probat
1517 3306 1638 3345 Ern.)‚
1665 3309 1780 3338 autem
1804 3306 1845 3336 R.
1899 3305 1967 3336 Sed
1994 3314 2026 3336 v.

271 3355 360 3387 enlm
386 3353 509 3384 clarius
536 3355 704 3384 enuntiati
733 3356 992 3392 perversitatem
1018 3354 1240 3385 demonstrat.
1271 3352 1337 3384 Oa.
1361 3369 1399 3374 -—
1427 3353 1481 3385 2'4.
1511 3353 1680 3393 Eriphyla
1697 3352 1837 3384 PART:
1866 3352 2029 3394 Eriphyle

273 3402 314 3434 E.
345 3417 383 3424 —
410 3399 466 3431 28.
493 3400 578 3431 vitio
603 3399 744 3439 PART,
774 3401 870 3432 Leid.
898 3400 986 3432 111.:
1014 3401 1110 3432 vitiis
1135 3400 1174 3432 E.
1205 3415 1244 3422 -
1272 3398 1329 3431 33.
1358 3399 1418 3440 qui
1444 3409 1512 3431 om.
1538 3400 1674 3431 PART-
