2117 3762
255 255 338 297 322
956 255 1027 295 DE
1058 255 1306 297 ORATORE

253 363 369 404 ribus
400 363 449 403 ab
481 358 683 416 imperitis
713 357 794 400 dici
824 357 951 407 solet,
999 359 1162 402 Bonis
1191 361 1272 403 hic
1304 359 1505 409 verbis,
1549 366 1640 410 aut,
1679 361 1877 417 aliquis
1907 376 2011 404 non

253 425 404 466 bonis
433 423 625 471 utitur,
658 435 739 462 non
760 425 848 462 arte
878 420 1016 476 aliqua
1045 425 1338 477 perpenditur,
1370 422 1442 465 sed
1473 425 1656 477 quodam
1686 424 1806 479 quasi
1836 425 2011 466 naturali

255 500 379 528 sensu
423 485 653 527 iudicatur:
702 482 744 523 in
784 496 867 538 quo
900 497 985 524 non
1017 496 1167 537 magna
1198 486 1288 526 laus
1333 491 1394 527 est
1430 487 1562 526 vitare
1592 486 1738 526 vitium
1770 510 1823 516 ——
1868 501 2013 541 quam-

253 562 375 603 quam
398 553 460 589 est
479 560 671 600 magnum
692 568 769 594 -,
801 550 1088 587 verumtamen
1118 548 1198 587 hoc
1227 547 1344 600 quasi
1370 548 1504 589 solum
1527 549 1738 601 quoddam
1767 554 1889 604 atque
1920 548 2014 591 sun-

223 610 491 652 sdamentum
522 613 607 657 est,
648 610 874 650 verborum
901 622 1000 649 usus
1032 613 1072 649 et
1103 609 1220 662 copia
1249 608 1471 650 bonorum.
1536 612 1627 650 152.
1669 611 1750 651 Sed
1788 611 1888 666 quid
1923 611 2012 667 ipse

255 672 444 714 aedificet
470 676 610 712 orator
639 676 679 712 et
709 671 752 712 in
795 684 877 726 quo
913 672 1109 725 adiungat
1149 676 1300 719 artem,
1345 673 1387 712 id
1422 686 1512 714 esse
1556 672 1682 713 nobis
1722 673 2011 728 quaerendum

251 741 373 791 atque
404 735 695 788 explicandum
726 734 902 777 videtur.

360 797 592 839 XXXVIII.
641 797 737 837 Tria
776 802 870 837 sunt
903 795 1030 850 igitur
1069 797 1111 837 in
1149 798 1278 837 verbo
1311 795 1510 852 simplici,
1557 812 1663 854 quae
1695 803 1840 839 orator
1868 796 2012 839 afferat

249 862 299 900 ad
321 857 602 900 illustrandam
631 863 753 914 atque
784 857 1067 900 exornandam
1098 860 1353 899 orationem:
1387 866 1456 900 aut
1481 861 1722 902 inusitatum
1746 862 1921 901 verbum
1944 865 2014 901 aut

198 927 443 964 ionovatum
471 926 543 963 aut
561 922 822 962 translatum.
885 923 979 962 153.
1012 922 1211 962 Inusitata
1240 927 1334 962 sunt
1363 923 1501 975 prisca
1529 924 1618 964 fere
1647 938 1694 964 ac
1724 928 1928 964 vetustate
1960 925 2012 964 ab

247 1000 325 1027 usu
357 984 586 1040 quotidiani
615 983 818 1025 sermonis
847 982 1005 1025 iamdiu
1024 985 1279 1033 intermissa,
1314 999 1420 1040 quae
1449 991 1543 1026 sunt
1573 992 1791 1041 poetarum
1821 986 2012 1028 licentiae

245 1047 444 1090 liberiora
474 1062 595 1103 quam
626 1053 814 1096 nostrae;
860 1046 932 1089 sed
970 1053 1107 1089 tamen
1137 1061 1233 1089 raro
1264 1050 1389 1089 habet
1419 1049 1543 1089 etiam
1574 1048 1614 1089 in
1645 1051 1834 1091 oratione
1867 1048 2005 1103 poeti-

246 1124 340 1152 cum
372 1109 541 1166 aliquod
571 1109 746 1153 verbum
779 1110 1034 1164 dignitatem.
1092 1113 1236 1165 Neque
1266 1111 1376 1151 enim
1409 1109 1512 1150 illud
1542 1108 1717 1164 fugerim
1757 1112 1921 1160 dicere,
1964 1117 2011 1154 ut

248 1173 431 1223 Caelius,
477 1174 586 1223 Qua
625 1177 945 1226 tempestate
985 1174 1190 1214 Poenus
1229 1172 1280 1214 in
1317 1174 1532 1214 Italiam
1563 1175 1737 1223 venit,
1786 1188 1862 1216 nec
1891 1188 2014 1231 pro-

196 1238 348 1278 ulem
377 1241 447 1278 aut
476 1235 708 1278 subolem
737 1240 807 1277 aut
837 1234 999 1277 effari
1030 1241 1100 1276 aut
1137 1236 1432 1289 nuncupari
1471 1240 1565 1285 aut,
1613 1241 1658 1275 ut
1688 1241 1732 1276 tu
1761 1236 1891 1285 soles,
1938 1239 2014 1279 Ca-

246 1299 354 1347 tule,
400 1313 499 1341 non
539 1301 696 1341 rebar
739 1304 808 1341 aut
851 1300 1135 1354 opinabar;
1186 1305 1226 1340 et
1255 1298 1334 1339 alia
1364 1298 1513 1347 multa,
1561 1300 1712 1353 quibus
1741 1300 1836 1340 loco
1865 1299 2012 1355 positis

246 1361 444 1417 grandior
463 1367 585 1417 atque
606 1363 812 1418 antiquior
844 1362 977 1403 oratio
1009 1375 1131 1417 saepe
1162 1363 1295 1402 videri
1326 1361 1443 1404 solet.
1505 1363 1598 1404 155..
1630 1364 1848 1403 Novantur
1868 1367 2007 1402 autem

244 1428 396 1475 verba,
430 1440 535 1481 quae
565 1427 617 1466 ab
650 1439 724 1475 eo,
756 1425 828 1480 qui
859 1424 974 1473 dicit,
1005 1425 1095 1480 ipso
1130 1426 1356 1479 gignuntur
1385 1438 1432 1466 ac
1452 1423 1579 1475 fiunt,
1614 1426 1681 1467 vel
1703 1423 2006 1479 coniungendis

247 1488 412 1537 verbis,
442 1493 488 1530 ut
518 1487 644 1530 haec:

195 1602 231 1628 20
361 1584 460 1624 Tum
481 1595 613 1636 pavor
641 1582 877 1635 sapientiam
907 1594 1058 1622 omnem
1087 1587 1143 1623 mi
1172 1584 1403 1624 eoeanimato
1434 1589 1676 1637 eoepectorat.
1699 1606 1754 1614 —

357 1646 464 1688 Num
490 1658 570 1686 non
597 1646 658 1686 vis
685 1646 804 1686 huius
832 1659 891 1686 me
919 1646 1206 1699 versutiloquas
1235 1647 1412 1687 malitias
1440 1670 1494 1676 —

244 1740 393 1781 videtis
424 1738 535 1780 enim
566 1743 607 1780 et
635 1738 1032 1794 versutiloquas
1064 1744 1105 1780 et
1134 1745 1454 1795 expectorat
1484 1754 1537 1782 ex
1576 1739 1865 1781 coniunctione
1896 1738 2007 1781 facta

246 1816 336 1844 esse
367 1804 516 1849 verba,
549 1815 634 1843 non
665 1807 783 1851 nata3
823 1801 890 1843 vel
919 1816 1042 1855 saepe
1074 1802 1161 1844 sine
1191 1804 1484 1845 coniunctione
1515 1805 1647 1846 verba
1679 1807 1909 1850 novantur,
1941 1806 2009 1850 ut,

245 1865 276 1917 ’Χ-
307 1864 376 1906 ille
407 1865 612 1912 senius,
643 1870 711 1911 ut,
744 1864 818 1905 dii
851 1866 1137 1918 genitales,
1170 1871 1247 1915 ut,
1282 1869 1533 1907 bacarum
1563 1864 1814 1906 ubertate
1844 1866 2013 1905 incur-

196 1948 232 1974 25
246 1927 474 1969 viscere.
539 1929 630 1968 155.
672 1928 835 1968 Tertius
865 1926 934 1968 ille
965 1930 1113 1968 modus
1144 1927 1417 1969 transferendi
1446 1929 1564 1970 verbi
1594 1929 1675 1969 late
1705 1932 1840 1982 patet,
1887 1939 2011 1981 quem

246 1990 470 2031 necessitas
501 1989 642 2043 genuit
671 1989 812 2044 inopia
842 1994 981 2030 coacta
1027 1994 1068 2030 et
1097 1992 1313 2044 angustiis,
1344 1996 1439 2045 post
1469 1997 1605 2031 autem
1635 1989 1869 2031 iucunditas
1900 1990 2013 2030 dele-

246 2052 455 2106 ctatioque
501 2050 740 2093 celebravit.
820 2054 921 2093 Nam
963 2056 1007 2093 ut
1037 2052 1162 2094 vestis
1208 2052 1379 2107 frigoris
1411 2051 1649 2106 depellendi
1681 2066 1801 2093 causa
1844 2056 2012 2106 reperta

245 2113 403 2170 primo,
453 2119 548 2168 post
585 2113 774 2156 adhiberi
809 2120 955 2169 coepta
986 2119 1047 2155 est
1077 2117 1127 2155 ad
1160 2121 1349 2156 ornatum
1381 2117 1506 2156 etiam
1537 2115 1726 2168 corporis
1757 2120 1799 2156 et
1831 2114 2012 2168 dignita-

246 2184 351 2225 tem,
383 2176 441 2218 sic
470 2176 586 2218 verbi
616 2177 827 2218 translatio
858 2176 1041 2217 instituta
1073 2181 1136 2218 est
1165 2176 1327 2232 inopiae
1359 2191 1503 2226 causa,
1534 2178 1799 2233 frequentata
1831 2176 2009 2219 delecta-

198 2238 386 2289 30tionis.
447 2241 550 2280 Nam
581 2252 843 2293 gemmare
874 2239 1028 2288 vites,
1071 2238 1335 2281 luxuriem
1367 2254 1479 2282 esse
1510 2241 1562 2281 in
1593 2239 1806 2289 herbis,
1838 2239 2010 2281 laetas

249 2307 456 2356 segetes
501 2303 624 2343 etiam
654 2301 797 2343 rustici
829 2303 985 2343 dicunt.
1048 2302 1170 2351 Quod
1201 2301 1313 2343 enim
1345 2302 1546 2345 declarari
1575 2303 1647 2345 vix
1676 2301 1807 2345 verbo
1837 2303 2010 2358 proprio

344 2454 377 2485 1.
405 2453 458 2485 hic
484 2453 510 2484 B
535 2453 688 2494 aliique,
716 2453 771 2485 R:
799 2454 842 2485 iis
869 2452 910 2494 (A
923 2451 952 2494 ⁶2)
981 2453 1020 2485 E.
1049 2469 1094 2477 —
1120 2454 1152 2486 3.
1182 2455 1312 2487 evitare
1338 2454 1379 2494 Β,
1401 2455 1444 2487 R.
1475 2472 1512 2478 —
1540 2464 1754 2497 quamquam
1778 2453 1838 2486 AB
1863 2453 2008 2495 aliique,

250 2500 306 2533 R:
332 2509 545 2542 quamquam
566 2501 605 2532 td
633 2501 670 2531 E.
702 2517 741 2522 —
768 2500 803 2531 [ι.
829 2506 1068 2533 verumtamen
1092 2502 1153 2533 hoc
1177 2502 1207 2532 A
1232 2502 1388 2542 aliique:
1414 2511 1536 2534 verum
1559 2504 1631 2535 iam
1656 2503 1693 2534 in
1718 2503 1779 2534 hoc
1807 2502 1837 2533 R
1855 2524 1864 2539 ‚
1890 2510 2011 2533 verum

251 2549 313 2579 hoc
340 2548 429 2587 (B‘l)
457 2548 497 2579 E.
527 2565 565 2570 —
610 2547 642 2579 6.
670 2547 768 2579 nobis
793 2548 818 2578 Β
845 2549 973 2589 aliique
992 2571 1000 2585 ,
1029 2548 1079 2579 R:
1121 2557 1143 2579 α
1168 2549 1267 2580 nobis
1293 2549 1335 2584 (Α
1349 2547 1379 2589 ⁵2)
1406 2549 1444 2581 E.
1487 2564 1526 2572 -
1564 2550 1600 2582 7.
1636 2553 1740 2590 atque
1765 2549 2012 2588 explicandum

252 2604 321 2627 om.
350 2595 379 2626 A
406 2596 560 2635 aliique,
588 2595 731 2626 seclusit
757 2595 921 2633 Ellendt3
962 2603 1024 2626 nos
1051 2603 1112 2634 pro
1139 2595 1309 2627 Tullianis
1336 2596 1517 2628 habemus.
1543 2612 1587 2619 —
1624 2597 1658 2629 9.
1687 2596 1881 2627 orationem
1907 2599 2010 2637 atque

253 2643 495 2674 exornandam
522 2641 561 2672 B.
592 2657 631 2664 —
660 2642 716 2672 10.
743 2645 913 2674 vetustate
937 2642 980 2674 ab
1007 2642 1117 2674 Codd.
1145 2643 1214 2674 al.:
1242 2646 1377 2674 vetusta
1401 2647 1432 2675 et
1458 2644 1500 2675 ab
1526 2640 1603 2684 (AB
1617 2644 1644 2677 7)
1665 2643 1739 2674 RE.
1771 2658 1810 2665 —
1839 2643 1896 2674 11.
1922 2643 2010 2674 iam-

252 2690 312 2720 diu
337 2698 427 2729 quae
453 2693 534 2719 sunt
559 2689 758 2720 intermissa
778 2690 966 2727 poetarum
991 2690 1034 2720 R.
1062 2704 1105 2711 —
1131 2689 1272 2722 licentia
1296 2690 1339 2721 R.
1370 2706 1407 2713 —-
1447 2691 1504 2722 12.
1531 2694 1656 2721 nostra
1681 2689 1754 2726 ΑΒ,
1781 2689 1825 2720 R.
1856 2706 1897 2712 —
1923 2697 2009 2721 raro

251 2735 353 2767 habet
377 2741 495 2767 tamen
523 2735 563 2766 Β.
593 2752 629 2758 -
659 2736 763 2767 etiam
789 2744 856 2767 om.
885 2736 926 2767 B.
957 2753 992 2759 -
1026 2735 1083 2767 13.
1110 2737 1262 2777 suyimus
1280 2737 1319 2768 Β.
1350 2752 1389 2759 -
1418 2737 1473 2768 14.
1502 2737 1640 2768 Laelius
1660 2737 1699 2773 B,
1720 2737 1762 2768 R.
1786 2753 1822 2759 —
1852 2736 1909 2768 15.
1936 2737 2010 2778 sari

252 2782 280 2813 Τ
307 2791 383 2814 cum
411 2782 478 2814 Gu.
509 2782 541 2813 1.
570 2782 603 2812 2.
634 2782 746 2813 Havn.
775 2783 808 2813 1.
846 2784 928 2822 Lag.
956 2782 1041 2819 8423
1070 2785 1130 2822 qui
1158 2784 1319 2815 videntur
1344 2785 1487 2815 correcti
1515 2793 1553 2816 ex
1581 2784 1727 2823 Quintil.
1755 2782 1789 2819 8,
1818 2782 1851 2821 3,
1879 2783 1937 2815 27.
1966 2800 2005 2807 -

251 2838 454 2870 nuncupare
480 2828 508 2860 T
535 2837 574 2861 ex
600 2827 746 2867 Quintil.
776 2829 798 2860 l.
827 2829 848 2861 l.
877 2830 947 2867 (Est
974 2831 1168 2869 passivum,
1197 2834 1401 2869 neutiquam
1429 2830 1552 2862 salsum
1579 2833 1702 2872 utique
1729 2826 1937 2869 deponens.)
1963 2846 2008 2852 —-

253 2876 310 2908 16.
337 2876 483 2908 verebar
506 2874 549 2906 Α.
579 2891 618 2897 -
645 2874 689 2916 et]
720 2880 781 2907 aut
807 2876 846 2915 B,
867 2876 908 2907 T.
938 2893 975 2899 —
1014 2876 1068 2908 18.
1098 2875 1152 2916 ac]
1180 2881 1242 2909 aut
1267 2878 1310 2909 R.
1341 2895 1377 2901 —
1405 2877 1460 2908 vel
1485 2885 1552 2908 om.
1581 2878 1622 2910 Β.
1655 2893 1689 2899 -
1718 2877 1775 2908 20.
1805 2885 1938 2908 omnem
1959 2877 2009 2909 mi

255 2922 365 2954 Codd.
395 2923 464 2954 aL:
493 2931 625 2954 omnem
648 2923 731 2953 mihi
757 2923 828 2954 RE.
857 2938 900 2944 —
924 2931 965 2954 εω-
991 2926 1108 2954 animo
1134 2924 1173 2955 Β.
1202 2942 1244 2947 -
1287 2927 1489 2964 expectaret
1514 2924 1556 2955 A.
1587 2941 1624 2947 —
1660 2925 1717 2956 21.
1746 2924 1896 2956 ‘milicias
1922 2923 2006 2964 (sic)

253 2968 293 3002 B.
324 2985 362 2992 —
406 2969 463 3001 23.
491 2967 592 3009 nata}
619 2971 742 3000 nativa
769 2969 948 3001 Schiitzius
976 2979 1015 3002 ex
1045 2970 1116 3002 Cic.
1143 2970 1253 3002 Partt.
1281 2980 1331 3003 or.
1358 2971 1392 3008 5,
1421 2970 1475 3003 16.
1514 2975 1547 3003 et
1572 2970 1717 3010 Quintil.
1745 2971 1785 3009 8,
1812 2970 1851 3010 3,
1877 2970 1935 3003 36.
1963 2986 2004 2993 -

253 3015 313 3045 sed
336 3025 434 3056 saepe
460 3016 498 3048 Α.
533 3032 572 3038 -
600 3016 663 3048 Vv.
691 3016 794 3048 verba
819 3021 999 3048 novantur
1023 3017 1165 3050 seclusit
1192 3017 1383 3050 Ernestius.
1414 3033 1452 3040 —
1487 3017 1544 3049 24.
1572 3018 1628 3050 ille
1651 3018 1766 3050 senius
1790 3017 1944 3049 desertus
1967 3019 2007 3048 ut

255 3061 291 3092 di
316 3064 482 3102 genitales
506 3071 675 3094 vacarum
700 3061 775 3103 (sic)
793 3062 822 3093 Α
840 3085 848 3100 ,
876 3063 930 3094 ille
954 3072 1069 3095 sensus
1095 3064 1174 3102 (sic)
1203 3064 1355 3095 disertus
1380 3064 1453 3095 vidi
1469 3065 1636 3106 yenitales
1651 3072 1839 3096 vaccarum
1865 3062 1942 3104 (sic)
1961 3063 2003 3103 Β,

254 3108 310 3138 ille
335 3118 451 3141 sensus
486 3110 640 3141 disertus
673 3109 909 3151 indiyenitalis
942 3115 980 3141 ut
1007 3111 1175 3142 bacarum
1199 3110 1240 3141 R.
1271 3111 1394 3151 (Nimis
1421 3110 1562 3144 sortasse
1589 3112 1793 3150 simpliciter
1817 3110 1897 3142 olim
1925 3118 2006 3142 con-

255 3155 428 3186 ieceram:
466 3160 504 3187 ut
536 3156 621 3188 illud
647 3157 777 3195 Ennii,
815 3156 871 3187 Di
896 3157 1131 3195 yenitales.
1161 3155 1245 3197 On.)
1272 3174 1314 3179 —
1351 3159 1577 3191 incurviscere
1600 3159 1733 3192 Nonius
1760 3167 1794 3198 p.
1822 3157 1926 3189 122.:
1952 3159 2005 3189 in-

256 3209 450 3232 curvescere
475 3202 551 3233 libri
579 3207 612 3234 et
638 3203 678 3234 E.
710 3219 748 3226 —
775 3203 830 3234 25.
858 3202 952 3234 verbi
977 3202 1057 3243 late]
1085 3204 1230 3235 veritate
1255 3203 1283 3235 Α
1301 3227 1309 3242 ,
1336 3204 1430 3236 verbi
1455 3215 1524 3237 om.
1552 3206 1590 3236 B.
1625 3222 1658 3228 —
1697 3205 1755 3237 26.
1783 3207 1865 3234 acta
1889 3204 1932 3235 Α.
1962 3220 2001 3227 -

254 3248 454 3278 iucunditas
479 3249 722 3289 delectatioque
747 3251 776 3281 Α
802 3250 955 3289 aliique:
996 3250 1173 3281 delectatio
1199 3251 1466 3291 iucunditasque
1490 3251 1530 3292 (B
1545 3250 1575 3293 Τ)
1602 3252 1675 3283 RE.
1716 3266 1757 3273 —
1795 3249 1852 3280 28.
1886 3250 2005 3283 haberi

255 3294 297 3331 Β,
316 3294 358 3324 R.
390 3311 422 3316 —
456 3301 697 3327 ornamentum
723 3297 762 3329 Β.
792 3312 832 3320 -
858 3298 962 3328 etiam
987 3306 1056 3330 om.
1083 3297 1123 3328 B.
1150 3314 1195 3319 —
1219 3300 1250 3330 et
1273 3306 1342 3330 om.
1370 3298 1410 3330 B.
1440 3314 1480 3322 —
1508 3298 1564 3331 30.
1591 3299 1783 3342 yerminare
1805 3297 1849 3330 R.
1875 3312 1920 3324 --
1943 3297 2001 3330 31.

256 3337 447 3379 declarari]
474 3340 639 3373 delectari
664 3344 704 3376 B.
