2117 3762
266 271 346 313 332
962 271 1031 311 DE
1063 271 1310 315 ORATORE

263 390 347 419 non
378 376 510 420 solum
541 375 676 419 verbis
707 380 792 416 arte
823 374 967 430 positis
998 382 1216 420 moventur
1247 394 1390 422 omnes
1422 395 1563 423 verum
1596 382 1720 423 etiam
1751 384 1935 427 numeris
1967 398 2014 426 ac

263 439 451 480 vocibus.
513 441 672 489 Quotus
717 436 825 477 enim
865 436 1041 491 quisque
1082 446 1165 487 est,
1213 443 1282 495 qui
1322 449 1459 485 teneat
1497 449 1625 485 artem
1664 458 1933 488 numerorum
1967 461 2014 489 ae

265 504 518 543 modorum?
550 505 599 542 At
627 502 668 540 in
697 499 763 540 his
792 499 826 540 si
857 499 1039 552 paullum
1072 501 1196 543 modo
1227 504 1428 546 offensum
1460 511 1539 553 est,
1571 512 1616 547 ut
1646 512 1714 547 aut
1736 509 2014 550 contractione

265 562 436 605 brevius
465 563 582 605 fieret
621 567 691 603 aut
727 562 1000 616 productione
1035 562 1220 617 longius,
1266 568 1423 609 theatra
1462 574 1543 610 tota
1585 570 1822 611 reclamant.
1888 571 2012 621 Quid,

235 627 345 667 shoc
386 639 468 667 non
507 627 616 666 idem
657 622 700 665 fit
738 625 780 664 in
819 626 1018 673 vocibus,
1064 631 1109 667 ut
1148 641 1171 668 a
1210 628 1469 673 multitudine
1509 636 1548 672 et
1589 633 1742 686 populo
1776 646 1859 674 non
1890 633 2015 676 modo

265 693 454 728 catervae
473 693 595 742 atque
626 693 848 728 concentus
879 687 950 728 sed
982 688 1105 730 etiam
1134 689 1213 744 ipsi
1244 690 1323 731 sibi
1355 693 1503 747 singuli
1536 693 1817 750 discrepantes
1850 695 2017 736 eiician-

264 753 359 791 tur?
416 751 483 790 LI.
534 752 625 792 197.
668 748 858 791 Mirabile
898 757 981 797 est,
1027 764 1120 792 cum
1161 751 1386 805 plurimum
1428 757 1469 797 in
1499 755 1688 797 faciendo
1720 759 1879 798 intersit
1907 757 2018 799 inter

265 811 429 853 doctum
470 817 509 853 et
547 814 716 860 rudem,
761 827 882 868 quam
920 827 1004 854 non
1036 813 1208 855 multum
1241 814 1404 858 differat
1433 819 1474 858 in
1504 818 1740 860 iudicando.
1802 823 1878 861 Ars
1908 821 2017 861 enim

265 888 355 916 eum
387 888 410 914 a
441 880 587 916 natura
615 874 802 930 prosecta
832 875 906 922 sit,
946 875 1022 918 nisi
1052 882 1238 918 naturam
1271 884 1439 919 moveat
1468 893 1515 921 ac
1545 880 1745 929 delectet,
1788 881 1890 923 nihil
1920 895 2017 923 sane

213 946 248 972 io
263 939 395 990 egisse
425 936 627 978 videatur.
704 938 812 979 Nihil
848 944 909 979 est
939 944 1073 979 autem
1107 944 1187 979 tam
1221 947 1438 993 cognatum
1471 942 1676 984 mentibus
1709 945 1859 985 nostris
1892 958 2015 999 quam

266 998 428 1040 numeri
459 1005 581 1054 atque
613 1013 761 1049 voces;
810 1002 958 1056 quibus
999 1007 1039 1041 et
1076 1003 1304 1043 excitamur
1335 1009 1374 1044 et
1405 1002 1666 1046 incendimur
1697 1012 1736 1046 et
1767 1005 1948 1047 lenimur
1979 1012 2019 1048 et

263 1061 565 1115 languescimus
597 1068 636 1102 et
667 1062 717 1103 ad
748 1062 995 1103 hilaritatem
1028 1069 1068 1104 et
1089 1066 1138 1104 ad
1169 1064 1374 1106 tristitiam
1396 1079 1519 1120 saepe
1541 1067 1805 1117 deducimur3
1840 1082 2018 1123 quorum

263 1125 327 1166 illa
360 1139 519 1166 summa
551 1124 611 1166 vis
644 1125 895 1166 carminibus
927 1132 988 1167 est
1017 1126 1154 1181 aptior
1183 1133 1223 1168 et
1253 1129 1463 1176 cantibus,
1498 1141 1580 1169 non
1610 1129 1812 1183 neglecta,
1844 1136 1889 1171 ut
1918 1131 2020 1171 mihi

262 1187 449 1237 videtur,
482 1202 505 1229 a
534 1189 694 1236 Numa,
728 1203 826 1242 rege
860 1189 1126 1238 doctissimo,
1160 1190 1473 1246 maioribusque
1504 1191 1680 1240 nostris,
1726 1199 1772 1233 ut
1801 1195 2019 1248 epularum

213 1263 247 1289 1⁵
262 1250 522 1292 sollemnium
553 1249 654 1292 fides
684 1264 730 1291 ae
763 1250 886 1292 tibiae
919 1251 1207 1306 Saliorumque
1239 1266 1382 1294 versus
1422 1254 1625 1303 indicant;
1673 1254 1851 1296 maxime
1882 1261 2018 1296 autem

263 1327 286 1354 a
310 1315 479 1355 Graecia
501 1319 640 1356 vetere
661 1312 880 1354 celebrata.
946 1313 1121 1368 [Quibus
1150 1317 1302 1356 utinam
1332 1315 1614 1370 similibusque
1645 1315 1694 1357 de
1725 1318 1851 1358 rebus
1882 1318 2023 1373 dispu-

262 1378 339 1417 tari
397 1391 519 1432 quam
569 1380 618 1419 de
673 1378 902 1433 puerilibus
950 1379 1013 1420 his
1065 1378 1289 1421 verborum
1332 1378 1671 1420 translationibus
1716 1378 1962 1422 maluissetis
1983 1378 2017 1433 1]

267 1441 358 1481 198.
391 1443 569 1488 Verum,
601 1447 644 1482 ut
674 1442 714 1482 in
746 1454 870 1482 versu
901 1443 1048 1496 vulgus
1068 1474 1078 1491 ‚
1112 1444 1145 1483 si
1177 1448 1238 1483 est
1268 1447 1504 1496 peccatum,
1551 1441 1687 1490 videt,
1731 1441 1812 1488 sie,
1855 1443 1888 1483 si
1919 1442 2019 1496 quid

263 1502 304 1544 in
346 1509 488 1545 nostra
532 1504 717 1545 oratione
760 1503 979 1552 claudicat,
1025 1505 1165 1546 sentit.
1230 1506 1309 1545 Sed
1341 1510 1489 1557 poetae
1529 1517 1613 1544 non
1654 1503 1852 1556 ignoscit,
1901 1506 2022 1546 nobis

214 1577 249 1602 20
264 1566 473 1616 concedit;
506 1568 624 1608 tacite
656 1572 793 1608 tamen
825 1580 969 1608 omnes
1000 1581 1083 1608 non
1114 1581 1204 1608 csse
1235 1566 1358 1613 illud,
1391 1566 1503 1621 quod
1534 1566 1734 1613 diximus,
1767 1572 1908 1620 aptum
1930 1580 2023 1622 per-

264 1627 498 1684 fectumque
544 1635 732 1670 cernunt.
804 1631 946 1685 Itaque
992 1629 1050 1671 illi
1091 1635 1276 1676 veteres,
1324 1629 1429 1670 sicut
1470 1628 1594 1670 hodie
1632 1628 1754 1670 etiam
1802 1629 2023 1671 nonnullos

263 1691 472 1738 videmus,
518 1706 611 1732 cum
652 1691 867 1733 circuitum
909 1698 948 1733 et
988 1694 1104 1748 quasi
1143 1691 1287 1733 orbem
1319 1693 1545 1733 verborum
1577 1690 1784 1733 conficere
1816 1707 1898 1734 non
1929 1707 2024 1748 pos-

263 1759 353 1794 sent
383 1778 438 1784 —
468 1768 562 1794 nam
591 1753 632 1795 id
665 1754 830 1809 quidem
863 1769 997 1808 nuper
1027 1754 1091 1796 vel
1121 1768 1242 1810 posse
1275 1754 1335 1795 vel
1369 1756 1523 1795 audere
1557 1753 1769 1809 coepimus
1800 1779 1874 1801 -—,
1907 1762 2024 1796 terna

265 1821 334 1856 aut
363 1817 460 1857 bina
491 1823 562 1858 aut
591 1818 776 1858 nonnulli
809 1817 969 1872 singula
1001 1817 1124 1858 etiam
1156 1819 1285 1858 verba
1315 1815 1532 1866 dicebant;
1576 1818 1647 1872 qui
1679 1819 1720 1857 in
1752 1817 1820 1859 illa
1851 1817 2025 1859 infantia

214 1889 248 1914 25
266 1878 448 1919 naturale
478 1879 597 1927 illud,
645 1879 755 1934 quod
787 1894 907 1921 aures
939 1879 1154 1922 hominum
1187 1881 1447 1934 flagitabant,
1491 1879 1688 1920 tenebant
1718 1885 1877 1929 tamen,
1909 1886 1955 1922 ut
1985 1885 2025 1921 et

265 1941 334 1983 illa
355 1948 492 1982 essent
513 1942 626 1996 paria
640 1975 648 1989 ‚
682 1956 786 1997 quae
809 1943 995 1983 (licerent
1010 1975 1018 1989 ‚
1042 1949 1083 1983 et
1102 1942 1343 1998 aequalibus
1365 1941 1770 1995 interspirationibus
1791 1948 2020 1984 uterentur.

378 2006 465 2044 LII.
518 2006 609 2045 199.
655 2005 839 2059 Exposui
874 2004 981 2052 fere,
1023 2011 1067 2046 ut
1096 2005 1243 2058 potui,
1278 2019 1383 2059 quae
1415 2005 1594 2045 maxime
1626 2006 1676 2044 ad
1709 2011 1897 2046 ornatum
1930 2018 2025 2046 ora-

264 2066 388 2107 tionis
418 2067 628 2119 pertinere
660 2068 906 2108 arbitrabar.
967 2067 1063 2108 Dixi
1101 2067 1209 2108 enim
1251 2069 1299 2107 de
1331 2066 1588 2120 singulorum
1620 2066 1742 2107 laude
1774 2069 2018 2115 verborum,

266 2128 352 2170 dixi
393 2131 443 2170 de
483 2129 772 2170 coniunctione
815 2143 986 2176 eorum,
1034 2129 1118 2170 dixi
1161 2128 1211 2170 de
1253 2142 1431 2170 numero
1471 2134 1593 2183 atque
1634 2127 1783 2169 forma.
1863 2129 1945 2170 Sed
1990 2129 2025 2170 si

217 2202 252 2226 ³0
268 2191 450 2233 habitum
500 2191 652 2246 [etiam]
702 2193 902 2233 orationis
943 2197 983 2232 ct
1012 2193 1130 2247 quasi
1161 2192 1344 2233 colorem
1376 2191 1555 2245 aliquem
1596 2190 1835 2246 requiritis,
1885 2198 1946 2233 est
1985 2198 2026 2233 et

267 2255 390 2307 plena
422 2254 623 2309 quaedam
655 2257 726 2295 sed
758 2261 894 2296 tamen
926 2260 1060 2304 tercs;
1102 2261 1142 2296 et
1174 2255 1328 2301 tenuis,
1361 2267 1443 2294 non
1477 2254 1564 2293 sine
1595 2253 1735 2294 nervis
1765 2267 1812 2294 ac
1841 2253 2022 2304 viribus;

269 2323 308 2358 et
338 2330 408 2365 ea,
456 2331 562 2372 quae
601 2319 807 2372 particeps
844 2317 1060 2371 utriusque
1100 2319 1261 2371 generis
1293 2318 1469 2370 quadam
1501 2315 1786 2358 mediocritate
1817 2318 2022 2358 laudatur.

268 2379 343 2420 His
383 2379 513 2421 tribus
551 2378 693 2433 figuris
734 2380 916 2420 insidere
957 2379 1125 2434 quidam
1162 2380 1386 2420 venustatis
1429 2392 1512 2419 non
1544 2377 1639 2419 fuco
1673 2378 1799 2420 illitus
1831 2382 1903 2421 sed
1933 2394 2027 2421 san-

270 2443 393 2496 guine
424 2440 596 2482 diffusus
626 2440 749 2482 debet
770 2442 898 2482 color.
961 2444 1055 2483 200.
1090 2445 1194 2483 Tum
1227 2443 1405 2498 denique
1436 2441 1502 2482 hie
1534 2441 1652 2483 nobis
1682 2447 1821 2482 orator
1850 2441 1906 2482 ita
1927 2456 2025 2482 eon—

220 2515 254 2539 ³⁵
270 2504 510 2546 formandus
551 2510 612 2545 est
652 2509 693 2545 et
729 2505 867 2545 verbis
907 2510 947 2545 et
977 2506 1214 2552 sententiis,
1258 2511 1325 2553 ut,
1374 2506 1724 2559 quemadmodum
1755 2505 1825 2558 qui
1855 2510 2027 2545 utuntur

272 2566 397 2608 armis
442 2572 512 2608 aut
547 2566 747 2622 palaestra
794 2580 875 2608 non
916 2566 1049 2608 solum
1089 2566 1167 2608 sibi
1206 2566 1359 2609 vitandi
1396 2572 1466 2608 aut
1494 2566 1669 2608 feriendi
1700 2567 1906 2608 rationem
1936 2580 2026 2608 esse

362 2752 395 2784 1.
423 2749 477 2791 ac]
506 2755 608 2791 atque
636 2752 675 2782 R.
706 2768 744 2773 -—
773 2751 805 2782 3.
833 2752 1015 2783 domorum
1043 2753 1082 2783 B.
1113 2769 1149 2775 —
1189 2749 1246 2792 At]
1274 2761 1314 2783 ac
1340 2753 1381 2782 R.
1413 2768 1448 2774 —
1490 2749 1632 2791 offendit
1659 2751 1698 2781 Β.
1729 2767 1768 2773 —-
1807 2751 1841 2782 5.
1869 2747 1914 2791 et]
1943 2759 1983 2782 ac
2009 2760 2026 2783 e

272 2798 382 2830 Codd.
412 2800 495 2839 aliq.
525 2799 565 2829 T.
595 2798 650 2832 (Ut
677 2807 762 2835 nos,
791 2799 873 2835 AB,
901 2799 957 2838 R.)
987 2816 1025 2821 —-
1062 2799 1094 2829 6.
1124 2804 1306 2830 concentus
1331 2799 1359 2829 Α
1386 2798 1533 2837 aliique:
1562 2800 1745 2828 conventus
1772 2796 1853 2837 (B·?)
1881 2798 1954 2828 RE.
1986 2815 2023 2821 —-

270 2846 414 2887 sinyulis
432 2847 472 2877 A.
493 2860 533 2868 —
559 2846 591 2876 9.
612 2855 632 2876 a
653 2854 720 2876 om.
740 2845 810 2875 AB.
834 2861 865 2867 —
895 2851 1064 2877 naturam
1081 2847 1102 2877 Z
1122 2847 1251 2885 aliique
1274 2845 1382 2876 Codd.
1399 2868 1407 2882 ‚
1437 2847 1517 2875 item
1538 2844 1587 2874 R:
1616 2848 1748 2875 natura
1765 2844 1838 2881 AB,
1860 2844 1898 2875 F..
1928 2842 2025 2883 (Ern.

272 2893 443 2927 seclusit.)
479 2910 516 2915 —
562 2895 772 2924 commoveat
803 2892 844 2922 R.
876 2909 909 2914 -
945 2894 996 2923 10.
1019 2899 1090 2923 tam
1117 2902 1183 2923 om.
1213 2892 1252 2922 B.
1279 2907 1312 2912 —
1341 2893 1397 2922 11.
1425 2892 1655 2922 exercitamur
1673 2892 1714 2921 A.
1743 2906 1784 2912 —
1810 2895 1841 2922 ec
1868 2890 2026 2928 lenimur]

272 2942 302 2970 el
320 2940 485 2970 liniamur
501 2939 574 2970 AB.
598 2955 636 2960 —
666 2939 720 2970 12.
751 2942 781 2968 et
806 2939 983 2970 tristitiam
1007 2940 1043 2970 R.
1079 2955 1111 2959 —
1144 2939 1198 2970 14.
1227 2938 1419 2969 maioribus
1437 2937 1475 2967 B·
1496 2954 1538 2958 —-
1566 2943 1603 2968 ut
1623 2946 1690 2969 om.
1713 2938 1751 2968 R.
1772 2954 1815 2958 —
1842 2937 1896 2968 16.
1925 2935 1961 2977 a]
1987 2938 2027 2968 in

272 2985 315 3016 R.
346 3003 383 3008 —
412 2987 467 3018 16.
501 2984 630 3025 Quibus
654 3001 668 3006 —
691 3002 704 3007 -
729 2985 963 3016 maluissetis!
992 2986 1152 3024 Ineptum
1181 2986 1245 3016 hoc
1272 2986 1463 3019 emblema,
1502 2986 1568 3015 iam
1595 2988 1673 3015 ante
1698 2983 1775 3016 Sec.
1805 2983 1849 3014 X.
1879 2984 2027 3015 inculca-

275 3037 345 3063 tum
364 3056 371 3067 .
399 3038 436 3064 ut
462 3037 596 3064 constat
622 3042 660 3064 ex
679 3032 706 3063 A
724 3056 732 3069 ‚
761 3033 966 3064 seclusimus
994 3038 1134 3064 auctore
1162 3032 1335 3064 Schulzio.
1361 3048 1397 3053 —
1427 3031 1599 3061 similibus
1619 3031 1661 3062 R.
1683 3047 1727 3053 —-
1755 3030 1794 3062 de
1821 3036 1900 3063 ante
1926 3030 2027 3060 rebus

276 3088 343 3109 om.
372 3079 409 3110 B.
441 3095 476 3101 -
519 3080 574 3111 20.
603 3080 700 3110 taciti
724 3079 798 3110 AB.
834 3096 876 3099 —
916 3079 972 3109 22.
1001 3080 1166 3110 circulum
1191 3077 1261 3109 AB.
1299 3095 1339 3099 —-
1380 3075 1509 3118 orbem]
1538 3086 1640 3108 ovum
1665 3077 1705 3108 A.
1736 3094 1772 3100 --
1820 3076 1877 3107 23.
1905 3076 2028 3107 audire

276 3125 348 3159 AB.
369 3126 410 3155 R.
442 3143 476 3148 -
507 3126 563 3158 25.
591 3126 756 3157 naturale
782 3125 841 3156 AB
868 3125 1023 3164 aliique:
1053 3125 1213 3156 naturali
1239 3124 1311 3154 RE.
1342 3141 1378 3146 -
1408 3125 1565 3155 tenebant
1584 3125 1610 3155 Α
1631 3124 1780 3164 aliique:
1808 3122 1967 3154 tendebat
1984 3122 2025 3160 B,

276 3171 461 3202 tendebant
486 3173 558 3203 RE.
589 3189 624 3195 —-
655 3173 711 3204 26.
740 3175 771 3204 et
796 3176 873 3203 ante
901 3173 1108 3212 aequalibus
1136 3181 1203 3202 om.
1232 3172 1272 3200 A.
1296 3186 1334 3192 —-
1362 3170 1418 3201 29.
1446 3170 1512 3201 Sed
1537 3173 1565 3201 si
1591 3171 1744 3203 habitum
1770 3170 1871 3201 etiam
1897 3170 2027 3200 oratio-

276 3219 331 3249 nis
358 3217 466 3248 Codd.
487 3219 529 3250 al.
549 3239 556 3248 .
585 3219 638 3250 R:
664 3219 729 3250 Sed
755 3219 892 3250 etiamsi
917 3220 1070 3250 habitum
1097 3218 1267 3249 orationis
1292 3217 1373 3253 AB,
1402 3216 1467 3247 Sed
1491 3218 1520 3248 si
1544 3217 1702 3248 habitum
1728 3216 1896 3247 orationis
1922 3217 2026 3246 etiam

278 3264 316 3295 E.
346 3263 505 3295 Ceterum
534 3274 593 3296 nos
622 3266 829 3298 seclusimus
856 3267 979 3303 etiam,
1008 3271 1120 3297 ortum
1148 3273 1186 3296 ex
1206 3263 1290 3295 salso
1318 3265 1374 3295 illo
1402 3264 1551 3295 etiamsi.
1579 3281 1615 3286 —
1645 3263 1700 3295 31.
1730 3268 1762 3295 et
1788 3265 1901 3293 tamen
1918 3261 1962 3292 R.
1984 3278 2024 3284 —-

278 3310 335 3342 33.
367 3310 489 3341 Tribus
513 3311 564 3341 his
590 3311 629 3342 R.
671 3328 708 3334 —
752 3313 920 3353 quaedam
946 3312 1017 3343 AB.
1048 3329 1087 3334 —
1129 3311 1184 3342 34.
1215 3310 1300 3341 Tum
1325 3310 1466 3342 seclusit
1493 3310 1642 3342 Ellendt.
1684 3325 1722 3332 —
1764 3308 1817 3340 hic
1841 3307 1940 3340 nobis
1965 3308 2024 3340 AB

278 3357 432 3399 aliique:
459 3357 556 3389 nobis
581 3358 633 3390 hic
659 3358 726 3390 RE.
754 3376 794 3381 —-
824 3359 880 3391 36.
908 3362 938 3391 et
959 3359 1143 3400 palaestra
1167 3357 1238 3388 AB.
