2117 3762
244 256 326 298 200
949 254 1018 294 DE
1051 254 1297 296 ORATORE

246 361 358 418 quod
397 359 611 417 probabile
646 358 779 402 videri
807 358 961 414 possit,
1014 358 1250 413 eligendum
1281 367 1402 416 atque
1433 359 1710 414 †dicendum.
1776 364 1868 404 159.
1901 364 1998 404 Per-

246 424 487 466 discendum
517 425 580 464 ius
612 422 752 469 civile,
784 423 1097 475 cognoscendae
1128 424 1260 477 leges,
1294 423 1561 479 percipienda
1591 423 1723 464 omnis
1755 424 1995 480 antiquitas,

246 487 451 529 senatoria
483 486 760 530 consuetudo,
800 482 1015 538 disciplina
1044 485 1108 525 rei
1136 484 1352 537 publicae,
1399 487 1491 528 iura
1522 487 1752 534 sociorum,
1800 485 1994 535 foedera,

245 551 481 606 pactiones,
531 561 651 588 causa
688 547 854 599 imperii
889 546 1177 601 cognoscenda
1207 553 1289 599 est3
1339 548 1528 591 libandus
1559 554 1619 590 est
1649 548 1772 590 etiam
1804 563 1856 589 ex
1887 549 1999 590 omni

217 625 400 666 sgenere
430 609 670 652 urbanitatis
700 607 939 649 facetiarum
973 608 1140 664 quidam
1169 608 1308 664 lepos,
1340 625 1423 667 quo
1456 618 1664 667 tamquam
1695 611 1778 653 sale
1807 624 2000 665 persper-

247 680 365 729 gatur
394 674 526 715 omnis
558 672 706 712 oratio.
767 670 906 713 Effudi
935 671 1055 712 vohis
1087 672 1246 720 omnia,
1280 687 1384 727 quae
1405 674 1655 723 sentiebam,
1689 687 1794 730 quae
1814 673 1998 721 fortasse,

246 748 532 793 quemcunque
561 733 898 789 patremfamilias
931 733 1209 790 arripuissetis
1241 749 1294 775 ex
1322 737 1461 791 aliquo
1492 737 1668 786 circulo,
1708 735 1852 778 cadem
1881 733 1999 778 vohis

246 796 583 853 percontantibus
614 797 913 849 respondisset.

355 860 523 900 XXXV.
558 861 652 900 160.
686 860 800 900 Haec
831 872 924 900 cum
957 860 1126 900 Crassus
1158 860 1352 908 dixisset,
1387 859 1593 903 silentium
1623 867 1685 904 est
1715 867 1997 905 consecutum.

194 940 231 965 ιο
247 924 326 964 Sed
357 934 605 977 quamquam
636 921 734 963 satis
765 921 837 970 iis,
889 923 958 977 qui
1007 921 1200 968 aderant,
1251 921 1302 963 ad
1331 922 1398 970 id,
1446 926 1556 979 quod
1596 930 1683 967 erat
1711 926 1998 979 propositum,

246 984 398 1026 dictum
429 982 670 1031 videbatur,
702 989 838 1026 tamen
870 987 1103 1026 sentiebant
1135 985 1311 1026 celerius
1343 1000 1433 1026 esse
1464 987 1617 1035 multo,
1655 1002 1775 1044 quam
1806 990 1884 1044 ipsi
1914 990 2002 1031 vel-

243 1049 351 1095 lent,
385 1045 436 1087 ab
468 1061 517 1087 eo
549 1051 803 1099 peroratum.
865 1050 967 1089 Tum
999 1047 1214 1097 Scaevola,
1248 1047 1357 1098 Quid
1391 1052 1478 1096 est,
1514 1049 1659 1091 Cotta?
1707 1050 1863 1105 inquit,
1903 1050 2002 1107 quid

242 1108 415 1150 tacetis?
446 1108 610 1150 Nihilne
640 1109 759 1151 vobis
789 1111 832 1151 in
862 1115 1044 1151 mentem
1074 1111 1205 1158 venit,
1239 1110 1351 1165 quod
1381 1116 1599 1164 praeterea
1619 1110 1669 1152 ab
1693 1113 1839 1154 Crasso
1864 1115 2003 1170 requi-

243 1173 373 1214 ratis?
426 1174 519 1213 161.
560 1174 691 1214 Immo
723 1172 766 1214 id
794 1174 1052 1220 mehercule,
1096 1173 1252 1228 inquit,
1298 1173 1435 1226 ipsum
1466 1173 1649 1215 attendo.
1710 1178 1861 1217 Tantus
1892 1176 2003 1218 enim

195 1250 230 1275 15
246 1249 390 1276 cursus
421 1237 646 1276 verborum
676 1235 753 1276 fuit
783 1241 824 1276 et
854 1235 911 1276 sic
941 1237 1122 1276 evolavit
1153 1237 1309 1282 oratio,
1342 1241 1388 1276 ut
1417 1237 1505 1277 eius
1535 1236 1620 1277 vim
1652 1241 1692 1278 et
1721 1238 2002 1280 incitationem

244 1296 534 1353 adspexerim,
586 1299 759 1353 vestigia
789 1301 1104 1353 ingressumque
1136 1300 1208 1340 vix
1238 1297 1414 1340 viderim
1444 1305 1484 1340 ct
1513 1304 1722 1354 tamquam
1753 1300 1795 1342 in
1824 1303 2002 1357 aliquam

243 1360 490 1416 locupletem
522 1375 568 1402 ac
597 1361 791 1403 refertam
823 1361 993 1403 domum
1023 1362 1231 1409 venerim,
1263 1375 1348 1403 non
1380 1362 1582 1417 explicata
1613 1368 1728 1404 veste
1749 1377 1885 1418 neque
1905 1378 2003 1418 pro-

244 1421 382 1478 posito
412 1429 585 1478 argento
615 1439 749 1480 neque
780 1424 931 1466 tabulis
961 1429 1001 1465 et
1031 1424 1158 1479 signis
1188 1424 1401 1479 propalam
1427 1424 1660 1473 collocatis,
1692 1424 1765 1466 sed
1785 1426 1849 1466 his
1871 1428 2004 1467 omni-

245 1488 323 1527 hus
363 1488 502 1529 multis
547 1487 858 1543 magnificisque
897 1489 1025 1528 rebus
1056 1486 1304 1528 constructis
1335 1500 1382 1527 ac
1412 1488 1660 1528 reconditis:
1715 1486 1774 1528 sic
1803 1491 1930 1530 modo
1960 1490 2003 1528 in

195 1561 232 1586 20
248 1550 437 1590 oratione
470 1550 604 1591 Crassi
635 1549 795 1591 divitias
826 1556 949 1606 atque
981 1555 1222 1590 ornamenta
1253 1551 1340 1590 eius
1371 1549 1526 1603 ingenii
1558 1564 1634 1603 per
1663 1552 1865 1606 quaedam
1887 1552 2005 1591 invo—

245 1613 361 1653 lucra
399 1617 522 1668 atque
564 1615 847 1666 integumenta
884 1613 1104 1668 perspexi3
1157 1614 1229 1653 sed
1270 1626 1318 1652 ea
1354 1614 1623 1667 contemplari
1655 1626 1747 1653 cum
1779 1627 2000 1667 cuperem,

244 1675 317 1716 vix
360 1675 614 1731 adspiciendi
666 1680 848 1730 potestas
892 1673 982 1718 fuit.
1048 1677 1192 1731 Itaque
1242 1688 1319 1715 nec
1365 1676 1447 1715 hoc
1497 1688 1666 1730 possum
1717 1677 1881 1725 dicere,
1933 1690 1999 1717 me

246 1739 414 1778 omnino
463 1738 681 1793 ignorare,
732 1739 829 1793 quid
873 1736 1105 1791 possideat,
1158 1750 1293 1793 neque
1336 1739 1459 1792 plane
1504 1751 1626 1778 nosse
1671 1744 1793 1794 atque
1834 1738 2001 1780 vidisse.

249 1803 342 1841 162.
379 1801 487 1850 Quin
518 1807 563 1842 tu
592 1800 717 1855 igitur
745 1799 845 1841 facis
884 1802 1019 1848 idem,
1067 1800 1201 1855 inquit
1241 1800 1460 1848 Scaevola,
1509 1800 1623 1856 quod
1660 1800 1844 1849 faceres,
1898 1802 2005 1842 siin

197 1873 231 1899 2⁵
247 1863 429 1918 aliquam
469 1865 638 1905 domum
677 1865 841 1918 plenam
886 1868 1223 1905 ornamentorum
1261 1864 1327 1903 vel
1367 1862 1411 1902 in
1449 1864 1590 1903 villam
1631 1863 1837 1904 venisses:
1891 1864 1925 1905 si
1955 1877 2005 1904 ea

247 1927 452 1980 seposita,
499 1932 544 1968 ut
575 1925 694 1973 dicis,
741 1930 903 1973 essent,
935 1933 999 1973 tu,
1032 1927 1102 1980 qui
1140 1924 1260 1966 valde
1293 1925 1506 1980 spectandi
1535 1924 1707 1980 cupidus
1737 1939 1872 1974 esses,
1918 1940 2003 1966 non

247 1988 456 2030 dubitares
500 2001 646 2043 rogare
693 1986 930 2036 dominum,
981 1993 1027 2028 ut
1068 1986 1246 2043 proferri
1290 1987 1479 2036 iuberet,
1530 1987 1773 2040 praesertim
1817 1986 1850 2028 si
1895 1993 2004 2029 esset

246 2050 481 2092 familiaris:
516 2051 704 2091 similiter
733 2064 841 2090 nunc
871 2055 988 2104 petes
1019 2064 1041 2091 a
1074 2052 1236 2099 Crasso,
1271 2056 1315 2091 ut
1344 2050 1456 2090 illam
1479 2051 1640 2103 copiam
1662 2055 2004 2091 ornamentorum

248 2129 441 2164 suorum,
494 2127 616 2169 quam
656 2117 931 2153 constructam
968 2127 1051 2154 uno
1084 2112 1126 2153 in
1156 2114 1250 2154 loco
1282 2114 1398 2168 quasi
1428 2126 1502 2167 per
1532 2119 1793 2154 transennam
1823 2118 2005 2167 praeter-

199 2190 235 2215 3ο
249 2184 393 2219 euntes
437 2177 610 2219 strictim
650 2175 937 2229 adspeximus,
986 2176 1030 2215 in
1060 2174 1194 2216 lucem
1225 2173 1410 2230 proferat
1450 2179 1490 2214 et
1521 2187 1595 2215 suo
1627 2175 1807 2230 quidque
1838 2174 1880 2215 in
1909 2175 2003 2216 loeo

249 2240 438 2282 collocet.
503 2242 595 2281 163.
627 2240 715 2292 Ego
748 2251 873 2285 vero,
906 2236 1041 2293 inquit
1071 2239 1210 2285 Cotta,
1245 2251 1268 2277 a
1298 2242 1337 2277 te
1368 2242 1486 2292 peto,
1521 2239 1741 2278 Scaevola:
1778 2239 1862 2287 (me
1895 2237 2004 2279 enim

249 2309 290 2344 et
326 2306 435 2344 hunc
478 2300 705 2355 Sulpicium
744 2300 919 2355 impedit
958 2302 1095 2353 pudor
1124 2297 1175 2340 ab
1205 2298 1374 2340 homine
1406 2299 1591 2340 omnium
1624 2299 1886 2353 gravissimo,
1934 2303 2004 2356 qui

248 2379 378 2420 genus
408 2362 644 2406 huiusmodi
674 2364 961 2418 disputationis
993 2375 1155 2418 semper
1186 2361 1500 2416 contempserit,
1532 2360 1654 2409 haec,
1689 2375 1793 2416 quae
1824 2361 1888 2403 isti
1918 2361 2004 2403 for-

249 2429 355 2470 sitan
401 2441 627 2483 puerorum
671 2426 873 2468 elementa
916 2427 1154 2473 videantur,
1205 2424 1476 2480 exquireret)
1528 2426 1601 2465 sed
1644 2429 1690 2465 tu
1732 2423 1837 2465 hanc
1881 2423 2003 2467 nobis

342 2600 375 2632 1.
405 2600 469 2631 Vv.
493 2598 606 2638 possit
629 2616 642 2620 -
666 2615 680 2621 -
704 2600 963 2637 coquoscendae
989 2596 1193 2629 exciderunt
1217 2605 1257 2628 ex
1282 2596 1322 2627 B.
1353 2613 1387 2621 —
1418 2596 1609 2638 eliyendum
1636 2595 1746 2627 Codd.
1773 2595 1843 2627 al.:
1871 2595 2005 2628 elicien-

249 2648 332 2679 dum
365 2646 500 2688 (B)RE.
539 2662 583 2666 —·
621 2645 818 2676 discendum
857 2645 915 2685 Lg.
953 2649 1111 2684 quartus.
1160 2643 1236 2684 (Vv.
1266 2648 1370 2682 atque
1396 2643 1574 2674 dicendum
1602 2652 1668 2673 om.
1698 2643 1854 2674 nonnulli
1882 2643 2001 2674 Lamb.

251 2694 388 2732 Codd.,
432 2694 536 2725 eiecit
567 2691 769 2727 Schuizius.
812 2692 955 2723 seclusit
993 2690 1155 2727 Ellendt:
1196 2689 1376 2722 dicendum
1412 2691 1522 2721 solum
1558 2698 1626 2720 om.
1665 2689 1850 2721 duodecim
1889 2690 2001 2721 Codd.

249 2741 435 2777 Ellendtii,
464 2740 714 2771 edisserendum
729 2739 876 2773 Bakius;
902 2738 961 2769 sed
988 2747 1106 2770 verum
1131 2737 1274 2769 verbum
1304 2736 1471 2768 excidisse
1490 2735 1640 2768 videtur.
1669 2734 1754 2775 On.)
1774 2753 1811 2758 —
1839 2736 1873 2767 lt.
1894 2737 2002 2768 liban-

250 2789 311 2819 dus
337 2793 385 2820 est
410 2787 437 2818 B
464 2786 614 2825 aliique,
643 2786 694 2816 R:
723 2785 884 2816 libandus
910 2785 948 2816 Ε.
977 2799 1020 2807 -
1046 2786 1151 2816 etiam
1177 2792 1244 2815 om.
1272 2784 1344 2815 BR.
1371 2799 1414 2806 —
1438 2783 1473 2814 5.
1499 2788 1754 2823 persparyatur
1779 2783 1805 2813 B
1822 2806 1831 2820 ‚
1857 2792 2003 2824 sparya-

252 2839 308 2865 tur
333 2835 374 2866 R.
404 2850 447 2855 —
474 2833 507 2864 6.
533 2834 682 2875 sortasse
707 2834 737 2863 st
762 2832 833 2863 BR.
864 2847 900 2852 —
928 2832 962 2862 7.
990 2831 1265 2871 quandocunque
1291 2830 1331 2861 Β.
1359 2846 1403 2851 —-
1427 2829 1460 2861 8.
1484 2829 1794 2868 percunctantibus
1816 2829 1856 2860 E.
1877 2844 1919 2851 —
1945 2831 2000 2862 10.

251 2881 303 2911 his
327 2881 367 2912 R.
398 2897 437 2903 —
464 2880 521 2912 13.
548 2880 590 2911 ab
617 2878 727 2910 Codd.
754 2879 825 2909 al.:
854 2888 875 2910 α
900 2879 1002 2909 ΒΒΕ.
1032 2896 1067 2901 -
1098 2878 1154 2909 14.
1181 2878 1291 2908 Immo
1318 2885 1387 2908 om.
1414 2877 1441 2907 B
1468 2877 1610 2914 aliique.
1640 2874 1767 2916 (Habet
1793 2874 1850 2914 R.)
1875 2893 1919 2897 —
1944 2877 1999 2908 15.

251 2927 322 2957 vim
346 2931 377 2959 et
399 2928 427 2958 B
453 2928 605 2967 aliique,
632 2926 684 2957 R:
714 2926 783 2957 vim
808 2928 910 2965 atque
929 2925 967 2956 E.
992 2942 1032 2948 -
1059 2925 1115 2956 17.
1142 2926 1293 2955 venerim
1318 2932 1394 2954 cum
1422 2924 1544 2954 ceteris
1570 2922 1649 2953 BR:
1676 2924 1828 2954 venirem
1854 2923 2000 2955 Ernestii

253 2982 391 3011 operae.
418 2991 462 2995 ——
489 2974 545 3005 18.
573 2972 708 3004 collatis
732 2973 775 3004 R.
803 2989 843 2993 —
874 2972 928 3002 19.
955 2971 1056 3003 modo
1083 2980 1160 3003 cum
1188 2970 1298 3002 Codd.
1328 2970 1410 3008 aliq.
1438 2969 1564 3001 delevit
1591 2969 1631 2999 T.
1660 2967 1817 3009 (Habent
1839 2969 1910 3001 BR.
1938 2970 2003 3001 Ex-

254 3021 359 3057 cidit,
387 3028 464 3052 cum
491 3030 552 3060 per
578 3020 822 3058 compendium
848 3021 1014 3057 scriptum
1041 3015 1158 3057 esset.)
1185 3034 1226 3039 —
1264 3018 1320 3048 21.
1350 3025 1390 3047 ac
1414 3017 1453 3048 R.
1486 3032 1521 3036 —
1558 3018 1728 3055 prospeoet
1761 3016 1802 3048 R.
1842 3033 1883 3039 —-
1923 3024 2002 3047 con-

254 3067 412 3106 templari
437 3077 511 3098 cum
530 3067 639 3099 Codd.
660 3066 728 3098 al.:
755 3075 831 3097 cum
856 3065 1082 3104 contemplari
1106 3064 1177 3095 RE.
1207 3061 1266 3103 (Ex
1296 3064 1319 3092 B
1346 3062 1431 3094 nihil
1457 3060 1623 3102 notatur.)
1646 3079 1684 3084 —
1713 3061 1769 3093 22.
1797 3063 1917 3103 Itaque
1941 3071 2002 3093 nee

255 3113 365 3144 Codd.
384 3112 441 3148 al„
461 3114 514 3145 R:
544 3114 600 3144 Ita
616 3121 723 3153 neque
741 3113 781 3144 E.
802 3130 840 3135 —
868 3113 925 3143 23.
946 3118 1049 3152 atque
1066 3110 1176 3142 Codd.
1197 3111 1255 3146 aL,
1282 3109 1334 3140 R:
1363 3119 1403 3140 ac
1423 3110 1461 3141 E.
1484 3125 1523 3130 —
1551 3109 1607 3139 25.
1626 3109 1680 3139 vel
1697 3110 1733 3140 in
1749 3109 1869 3140 villam
1889 3108 1998 3140 Codd.

254 3159 314 3195 al.,
335 3159 385 3190 R:
413 3159 520 3190 ullam
547 3158 629 3200 (om.
649 3160 703 3190 vel
718 3158 769 3199 in)
786 3159 901 3197 Leid.,
922 3159 969 3195 B,
996 3159 1157 3189 villamve
1175 3157 1215 3193 E,
1244 3156 1337 3196 quod
1362 3159 1563 3194 suspectum
1584 3161 1635 3187 est
1653 3156 1773 3187 Bakio.
1796 3172 1832 3177 —
1861 3154 1917 3186 26.
1946 3160 1997 3192 tu,

254 3206 312 3247 qui
336 3206 363 3237 B
389 3206 533 3245 aliique:
561 3210 660 3246 tuque
685 3207 735 3242 R,
762 3210 800 3237 tu
826 3206 866 3236 E.
897 3221 933 3226 —
962 3203 1044 3245 non]
1073 3213 1154 3236 num
1179 3203 1319 3235 Bakius.
1347 3220 1391 3224 ——
1416 3203 1474 3234 27.
1500 3205 1583 3235 esset
1609 3201 1718 3232 Codd.
1747 3201 1813 3237 al.,
1841 3201 1888 3233 R:
1916 3210 2000 3233 esses

255 3253 296 3284 E.
319 3268 356 3273 —
384 3251 441 3283 28.
465 3255 562 3291 petas
579 3253 621 3283 R.
643 3270 683 3275 —
708 3253 806 3284 illam
824 3252 933 3284 Codd.
953 3252 995 3283 al.
1015 3261 1022 3282 :
1051 3261 1126 3283 eam
1144 3250 1214 3281 ΒΕ.
1233 3266 1273 3271 -
1301 3249 1357 3281 29.
1380 3255 1624 3281 coacervatam
1643 3249 1681 3280 B.
1704 3265 1740 3271 -
1769 3247 1824 3278 32.
1846 3252 1877 3278 et
1893 3248 1997 3290 hunc]

255 3299 367 3330 adhuc
392 3298 432 3328 B.
462 3314 501 3319 —
540 3298 595 3329 34.
623 3303 661 3330 tu
686 3300 773 3331 hanc
796 3299 894 3331 nobis
919 3300 1075 3332 veniam,
1103 3296 1291 3334 Scaevola,
1330 3297 1400 3333 da;
1433 3296 1558 3338 perfice
1585 3299 1727 3327 auctore
1754 3294 1928 3335 Madvigio
1958 3305 1998 3328 ex

255 3350 340 3386 opit.
363 3344 472 3378 Codd.
500 3345 648 3386 vestigiis
666 3346 880 3379 Henrichsen
907 3351 940 3379 et
965 3345 1120 3378 Ellendt:
1147 3346 1184 3376 tu
1202 3343 1262 3376 hoc
1279 3343 1375 3376 nobis
1394 3343 1464 3379 da,
1491 3342 1660 3375 Scaevola
1675 3365 1684 3381 ,
1711 3343 1742 3374 et
1754 3341 1877 3383 perfice
1895 3342 1996 3375 BRE.
