2117 3762
754 219 852 259 LlB.
885 218 915 259 Ι.
976 218 1018 262 C.
1051 221 1090 260 2.
1129 222 1170 261 3.
1202 221 1243 261 4.
1793 227 1869 266 175

118 341 200 381 qua
229 325 394 367 difficile
426 331 487 367 est
518 337 788 371 enumerare,
831 330 933 378 quot
963 326 1040 365 viri
1072 332 1221 380 quanta
1252 324 1423 366 scientia
1454 329 1686 380 quantaque
1717 328 1758 366 in
1788 330 1871 368 suis

117 389 263 429 studiis
306 388 502 429 varietate
542 392 583 427 et
622 387 741 438 copia
778 384 953 433 suerint,
1004 387 1074 440 qui
1115 403 1197 428 non
1229 402 1308 428 una
1339 387 1474 442 aliqua
1507 389 1547 428 in
1579 402 1621 428 re
1652 389 1871 443 separatim

116 451 393 497 etahorarint,
441 452 512 491 sed
543 447 703 495 omnia,
752 462 1019 504 quaecunque
1059 455 1243 504 possent,
1295 449 1359 491 vel
1396 449 1590 490 scientiae
1622 451 1875 503 pervestiga-

117 513 229 553 tione
261 515 324 554 vel
357 511 586 553 disserendi
617 510 778 550 ratione
811 511 1212 565 comprehenderint.
1275 514 1339 552 10.
1374 511 1474 561 Quis
1506 513 1687 566 ignorat,
1721 512 1769 560 ii,
1801 512 1873 565 qui

117 577 397 617 mathematici
437 578 655 619 vocantur,
703 579 854 626 quanta
893 576 932 614 in
974 573 1226 614 obscuritate
1265 588 1404 615 rerum
1436 580 1477 615 et
1505 588 1629 629 quam
1659 575 1903 615 reconditas

117 637 158 678 in
189 646 276 679 arte
308 645 348 679 et
377 636 592 691 multiplici
624 634 848 689 subtilique
880 640 1124 677 versentur?
1157 640 1248 685 Quo
1283 642 1415 676 tamen
1447 638 1487 677 in
1512 649 1663 690 genere
1686 635 1739 676 ita
1759 636 1875 677 multi

117 701 289 756 perfecti
319 700 512 741 homines
555 696 823 744 exstiterunt,
870 704 914 739 ut
944 713 1066 739 nemo
1098 697 1184 739 sere
1217 698 1420 739 studuisse
1453 699 1492 740 ci
1524 698 1718 740 scientiae
1748 699 1876 739 vehe-

117 763 295 805 mentius
325 764 539 808 videatur,
587 761 709 815 quin,
753 763 863 814 quod
897 761 1100 809 voluerit,
1140 767 1386 802 consecutus
1417 761 1483 802 sit.
1545 760 1650 811 Quis
1680 762 1873 810 musicis,

117 827 208 882 quis
227 826 324 866 huic
347 822 483 866 studio
507 822 756 869 litterarum,
794 826 905 877 quod
926 825 1175 879 profitentur
1204 823 1256 871 ii,
1290 823 1361 879 qui
1379 824 1633 877 grammatici
1655 829 1873 871 vocantur,

115 889 278 944 penitus
317 901 360 928 se
400 887 535 932 dedit,
583 887 683 939 quin
727 900 893 927 omnem
938 886 1098 928 illarum
1140 888 1290 928 artium
1332 900 1460 941 paene
1491 886 1689 928 infinitam
1720 888 1802 928 vim
1834 891 1924 927 etio

116 949 331 991 materiem
373 948 544 990 scientia
584 955 625 989 et
664 950 900 1002 cognitione
947 947 1338 1004 comprehenderit?
1391 951 1456 989 11.
1497 950 1604 990 Vere
1650 949 1750 990 mihi
1795 948 1874 990 hoc

114 1014 261 1054 videor
290 1025 381 1054 esse
411 1010 615 1060 dicturus,
651 1026 702 1052 ex
733 1013 926 1053 omnibus
957 1013 1032 1060 iis,
1067 1011 1138 1066 qui
1169 1013 1209 1052 in
1241 1014 1388 1052 harum
1420 1012 1567 1052 artium
1600 1012 1745 1052 studiis
1775 1010 1877 1053 libe-

115 1074 329 1116 ralissimis
359 1073 441 1116 sint
471 1075 751 1128 doctrinisque
783 1075 959 1123 versati,
1000 1074 1214 1116 minimam
1245 1073 1405 1128 copiam
1437 1079 1653 1129 poetarum
1686 1073 1877 1127 egregio-

116 1153 208 1179 rum
240 1136 463 1179 exstitisse.
524 1139 659 1192 Atque
690 1138 731 1177 in
769 1139 849 1178 hoc
886 1139 975 1192 ipso
1017 1150 1219 1185 numero,
1272 1137 1314 1178 in
1354 1150 1434 1192 quo
1478 1150 1649 1191 perraro
1690 1135 1876 1177 exoritur

116 1201 264 1255 aliquis
304 1200 534 1247 excellens,
577 1201 610 1241 si
641 1199 862 1254 diligenter
892 1204 932 1240 et
962 1213 1015 1240 ex
1045 1198 1287 1240 nostr'orum
1318 1204 1358 1239 et
1388 1211 1439 1239 ex
1471 1200 1723 1240 Graecorum
1754 1198 1923 1250 copiam

116 1275 358 1319 comparare
404 1263 538 1310 voles,
586 1264 715 1304 multo
762 1268 900 1303 tamen
942 1262 1160 1315 pauciores
1199 1266 1388 1303 oratores
1429 1274 1553 1316 quam
1593 1265 1738 1316 potitae
1775 1260 1876 1300 boni

115 1325 391 1380 reperientur.
452 1328 516 1366 12.
558 1326 680 1374 Quod
711 1326 792 1366 hoc
823 1324 945 1365 etiam
977 1324 1207 1365 mirabilius
1238 1322 1362 1365 debet
1390 1323 1548 1371 videri,
1597 1324 1692 1378 quia
1722 1329 1878 1364 cetera-

115 1401 208 1430 rum
253 1390 403 1430 artium
449 1387 583 1429 studia
624 1386 712 1428 sere
756 1386 983 1428 reconditis
1027 1393 1149 1443 atque
1191 1386 1340 1429 abditis
1380 1386 1565 1429 fontibus
1604 1386 1875 1435 hauriuntur,

117 1451 281 1492 dicendi
325 1456 462 1492 autem
508 1451 642 1490 omnis
683 1450 790 1491 ratio
832 1450 874 1489 in
912 1451 1050 1491 medio
1092 1454 1226 1504 posita
1264 1451 1475 1492 communi
1513 1451 1693 1505 quodam
1730 1450 1772 1490 in
1800 1462 1879 1490 usu

117 1518 239 1568 atque
269 1513 313 1554 in
343 1513 559 1554 hominum
590 1526 707 1553 more
740 1517 781 1552 et
810 1525 1004 1553 sermone
1034 1519 1243 1564 versatur;
1290 1520 1335 1555 ut
1374 1515 1416 1555 in
1448 1513 1596 1554 ceteris
1625 1512 1668 1553 id
1697 1511 1878 1553 maxime
1891 1524 1926 1549 20

117 1575 314 1623 excellat,
373 1574 487 1631 quod
531 1574 771 1628 longissime
818 1574 870 1615 sit
922 1573 973 1615 ab
1019 1575 1309 1628 imperitorum
1356 1576 1629 1630 intelligentia
1672 1587 1879 1628 sensuque

118 1637 390 1684 disiunctum,
425 1638 468 1678 in
498 1637 677 1679 dicendo
708 1642 846 1678 autem
876 1637 1022 1678 vitium
1053 1637 1118 1679 vel
1150 1639 1374 1679 maximum
1405 1640 1457 1680 sit
1486 1652 1508 1679 a
1537 1637 1698 1692 vulgari
1727 1650 1878 1691 genere

118 1698 317 1740 orationis
346 1705 469 1754 atque
499 1713 522 1740 a
551 1699 850 1741 consuetudine
881 1699 1111 1741 communis
1143 1714 1286 1742 sensus
1315 1702 1558 1742 abhorrere.
1616 1702 1686 1742 IV.
1722 1702 1788 1740 13.
1821 1703 1878 1740 Ac

116 1775 168 1802 ne
199 1761 300 1802 illud
332 1761 500 1816 quidem
529 1776 629 1803 vere
660 1761 740 1803 dici
772 1767 928 1817 potest,
960 1768 1029 1803 aut
1057 1762 1196 1817 plures
1227 1762 1375 1804 ceteris
1406 1763 1605 1805 inservire
1629 1767 1698 1803 aut
1718 1762 1878 1802 maiore

117 1822 391 1865 delectatione
420 1830 490 1866 aut
520 1839 592 1878 spe
622 1826 820 1866 uberiore
852 1830 921 1866 aut
951 1825 1146 1880 praemiis
1177 1827 1228 1866 ad
1257 1825 1576 1881 perdiscendum
1607 1822 1877 1877 amplioribus
1891 1834 1926 1860 25

118 1888 389 1928 commoveri.
449 1889 606 1941 Atque,
653 1893 698 1928 ut
737 1888 923 1927 omittam
971 1887 1211 1936 Graeciam,
1256 1902 1361 1942 quae
1407 1901 1573 1941 semper
1617 1885 1879 1942 eloquentiae

117 1949 312 2002 princeps
335 1963 426 1991 esse
449 1949 599 1996 voluit,
631 1955 755 2003 atque
772 1949 865 1990 illas
889 1951 1075 1991 omnium
1102 1951 1382 1992 doctrinarum
1407 1950 1656 1991 inventrices
1683 1950 1878 1996 Athenas,

117 2010 162 2052 in
203 2011 352 2066 quibus
389 2026 551 2054 summa
587 2011 750 2053 dicendi
780 2013 841 2053 vis
879 2017 920 2053 et
950 2013 1119 2053 inventa
1164 2018 1226 2054 est
1261 2017 1302 2054 et
1341 2010 1551 2065 perfecta,
1603 2013 1645 2053 in
1683 2012 1761 2052 hac
1789 2012 1881 2063 ipsa

120 2073 285 2116 civitate
324 2076 514 2130 profecto
561 2074 674 2116 nulla
715 2088 899 2128 unquam
943 2073 1231 2117 vehementius
1271 2088 1395 2130 quam
1441 2074 1703 2128 eloquentiae
1744 2073 1882 2113 studia

117 2137 355 2191 viguerunt.
431 2140 496 2179 14.
530 2139 636 2179 Nam
666 2142 962 2191 posteaquam,
1000 2137 1177 2191 imperio
1211 2137 1397 2179 omnium
1427 2138 1611 2191 gentium
1637 2136 1877 2183 constituto,
1893 2145 1928 2170 ³0

121 2199 371 2240 diuturnitas
391 2201 505 2253 pacis
531 2201 662 2240 otium
693 2198 979 2249 confirmavit,
1011 2213 1134 2241 nemo
1163 2199 1252 2241 sere
1277 2199 1412 2241 laudis
1443 2201 1617 2253 cupidus
1640 2197 1880 2239 adolescens

119 2274 204 2302 non
228 2261 309 2302 sibi
334 2263 386 2303 ad
414 2262 634 2304 dicendum
663 2263 800 2303 studio
834 2264 947 2303 omni
970 2262 1207 2305 enitendum
1236 2264 1414 2317 putavit.
1444 2295 1445 2300 ,
1472 2266 1529 2304 Ac
1555 2264 1692 2316 primo
1714 2260 1881 2316 quidem

121 2323 247 2365 totius
277 2325 452 2366 rationis
483 2325 640 2379 ignari,
674 2326 744 2380 qui
771 2338 906 2379 neque
932 2324 1241 2367 exercitationis
1261 2327 1390 2367 ullam
1415 2326 1526 2367 viam
1554 2338 1689 2380 neque
1714 2323 1881 2379 aliquod

120 2392 392 2440 praeceptum
422 2387 519 2428 artis
549 2400 640 2428 esse
670 2385 997 2437 arbitrarentur,
1043 2394 1223 2437 tantum,
1268 2393 1468 2444 quantum
1501 2387 1668 2441 ingenio
1698 2392 1740 2427 et
1769 2385 1881 2438 cogi-

120 2451 277 2491 tatione
293 2455 508 2502 poterant‚
540 2448 914 2505 consequebantur.
975 2453 1074 2492 Post
1088 2456 1250 2499 autem,
1282 2450 1433 2492 auditis
1452 2449 1688 2491 oratoribus
1713 2445 1879 2489 Graecis
1893 2455 1928 2482 ³⁵

123 2513 383 2567 cognitisque
428 2526 573 2554 eorum
615 2513 762 2554 litteris
806 2512 1083 2568 adhibitisque
1121 2512 1386 2562 doctoribus,
1432 2510 1663 2553 incredibili
1700 2508 1880 2565 quodam

122 2575 254 2616 nostri
279 2575 471 2616 homines
507 2575 672 2617 dicendi
706 2577 845 2618 studio
882 2574 1175 2630 flagraverunt.
1240 2578 1306 2617 15.
1348 2576 1570 2617 Excitabat
1613 2587 1684 2614 eos
1723 2569 1881 2624 magni-

123 2638 244 2686 tudo,
274 2639 453 2681 varietas
479 2637 786 2694 multitudoque
810 2637 853 2679 in
879 2639 991 2679 omni
1017 2651 1169 2693 genere
1198 2652 1433 2685 causarum,
1466 2643 1512 2678 ut
1539 2635 1590 2678 ad
1614 2650 1703 2677 eam
1729 2634 1882 2675 doctri-

123 2714 238 2748 nam,
269 2714 393 2756 quam
410 2715 486 2743 suo
503 2704 676 2757 quisque
694 2701 829 2742 studio
851 2706 1066 2742 assecutus
1088 2706 1212 2750 esset,
1244 2701 1537 2754 adiungeretur
1557 2712 1656 2740 usus
1673 2698 1878 2751 frequens,

125 2762 197 2818 qui
228 2763 412 2804 omnium
437 2765 733 2818 magistrorum
763 2769 989 2817 praecepta
1015 2768 1248 2818 superaret.
1309 2765 1437 2805 Erant
1462 2767 1598 2803 autem
1625 2760 1720 2800 huic
1741 2756 1878 2799 studio
1898 2772 1935 2798 40

218 2890 252 2921 1.
279 2897 463 2922 numerare
487 2891 561 2923 BR.
591 2908 628 2914 —
671 2890 706 2922 a.
740 2890 775 2921 hi
800 2890 842 2922 Β.
882 2907 920 2913 -
960 2889 994 2922 5.
1028 2893 1061 2922 et
1086 2893 1166 2923 ante
1192 2899 1296 2931 quam
1320 2898 1396 2921 cum
1425 2888 1536 2919 llavn.
1564 2886 1596 2916 1.
1624 2885 1658 2916 2.
1687 2883 1754 2916 Gu.
1783 2883 1817 2915 1.
1842 2883 1879 2915 2.

127 2935 255 2970 delevit
281 2935 484 2976 Sensimus,
510 2938 652 2971 seclusit
678 2937 921 2976 Hennensem,
950 2938 1142 2969 omiserunt
1166 2937 1329 2969 Ellendtii
1357 2943 1495 2974 operae.
1547 2931 1686 2963 Habent
1711 2930 1814 2962 BRE.
1839 2944 1881 2954 -

125 2984 160 3016 7.
188 2980 271 3023 sere]
298 2982 386 3022 sorte
411 2983 484 3015 BR.
502 3000 545 3006 —
574 2987 604 3017 ei
629 2994 697 3016 om.
719 2984 759 3015 B.
789 3001 830 3007 —
858 2984 889 3016 8.
918 2985 1073 3015 musicus
1091 2984 1132 3015 R.
1156 3000 1194 3008 --
1223 2985 1279 3015 10.
1308 2983 1405 3014 dedit
1431 2981 1512 3011 BR:
1541 2979 1674 3010 dedidit
1708 2978 1795 3010 E.—
1821 2977 1879 3010 11.

125 3031 305 3062 materiem
330 3030 382 3060 R:
406 3033 588 3063 materiam
614 3031 684 3064 ΒΕ.
712 3047 757 3053 -
790 3032 935 3064 scientia
959 3034 989 3062 et
1014 3030 1212 3070 coquitione
1235 3031 1289 3061 R:
1317 3029 1478 3060 scientiae
1504 3026 1714 3066 cogitatione
1739 3024 1809 3056 BE.
1838 3038 1880 3047 —-

128 3078 183 3110 12.
204 3076 460 3108 liberalissimis
483 3079 609 3109 studiis
627 3078 667 3109 B.
686 3094 728 3099 —
756 3078 813 3109 15.
832 3083 863 3110 et
887 3087 929 3110 ea>
945 3075 1157 3108 Graecorum
1183 3081 1215 3108 et
1239 3081 1438 3108 nostrorum
1464 3072 1548 3113 (om.
1568 3072 1677 3103 altero
1693 3070 1750 3111 ex)
1771 3071 1816 3102 R.
1838 3085 1879 3093 --

127 3123 186 3156 18.
211 3123 364 3163 sontibus
389 3122 472 3154 BR:
511 3132 528 3156 e
551 3124 705 3164 sontibus
731 3124 771 3156 E.
812 3141 851 3148 —-
894 3124 951 3156 22.
986 3121 1045 3163 sit]
1082 3126 1132 3154 est
1156 3123 1199 3154 R.
1226 3121 1284 3162 (sit
1310 3123 1422 3153 firmat
1449 3119 1556 3151 lulius
1582 3118 1701 3150 Victor
1734 3120 1769 3150 in
1793 3116 1881 3149 Maii

128 3170 218 3202 luris
245 3171 310 3202 civ.
339 3171 506 3202 anteiust.
532 3170 704 3210 Reliquiis
731 3179 763 3209 p.
791 3169 867 3213 80.)
905 3187 949 3192 -
988 3169 1047 3201 24.
1083 3170 1202 3200 ceteris
1227 3169 1310 3200 BR:
1351 3167 1471 3198 ceteris
1495 3165 1629 3198 artibus
1655 3165 1695 3196 E.
1739 3181 1777 3188 -
1820 3163 1879 3195 25.

129 3217 289 3249 liberiore
313 3216 353 3249 B.
383 3232 422 3239 —
461 3215 518 3247 26.
547 3217 743 3256 eloquentia
769 3217 809 3248 B.
850 3235 886 3242 —-
931 3216 989 3248 28.
1024 3219 1056 3246 et
1077 3217 1227 3256 perfecta
1252 3217 1300 3247 est
1325 3214 1366 3245 R.
1404 3227 1448 3234 -
1483 3211 1540 3244 33.
1567 3211 1741 3244 orationis
1767 3211 1809 3242 R.
1838 3225 1881 3232 —-

128 3265 199 3295 vim
216 3263 258 3295 R.
286 3280 328 3286 —
353 3262 409 3295 34.
438 3271 506 3296 esse
531 3271 599 3294 om.
627 3263 670 3294 R.
700 3279 739 3285 —
766 3263 824 3295 36.
851 3272 970 3296 eorum
994 3279 1008 3286 -
1034 3262 1263 3302 adhibitisque
1288 3270 1356 3294 om.
1383 3258 1424 3292 B.
1446 3274 1486 3284 ·-·
1513 3258 1570 3291 38.
1597 3259 1752 3292 varietas
1769 3255 1879 3291 codd.

130 3311 245 3344 multi:
279 3319 321 3343 ac
344 3312 499 3345 varietas
524 3311 580 3342 atii
609 3314 644 3344 et
666 3310 716 3350 R,
745 3315 778 3343 et
802 3312 956 3343 varietas
981 3309 1053 3341 BE.
