<?xml version="1.0" encoding="UTF-8"?>
<!DOCTYPE html PUBLIC "-//W3C//DTD XHTML 1.0 Transitional//EN"
    "http://www.w3.org/TR/xhtml1/DTD/xhtml1-transitional.dtd">
<html xmlns="http://www.w3.org/1999/xhtml" xml:lang="en" lang="en">
 <head>
  <title>
</title>
<meta http-equiv="Content-Type" content="text/html;charset=utf-8" />
  <meta name='ocr-system' content='tesseract 3.04.00' />
  <meta name='ocr-capabilities' content='ocr_page ocr_carea ocr_par ocr_line ocrx_word'/>
</head>
<body>
  <div class='ocr_page' id='page_1' title='image "./operaquaesupersu01ciceuoft_0231.png"; bbox 0 0 2117 3762; ppageno 0'>
   <div class='ocr_carea' id='block_1_1' title="bbox 775 279 1873 322">
    <p class='ocr_par' dir='ltr' id='par_1_1' title="bbox 775 279 1873 322">
     <span class='ocr_line' id='line_1_1' title="bbox 775 279 1873 322; baseline -0.001 0"><span class='ocrx_word' id='word_1_1' title='bbox 775 281 873 322; x_wconf 90' lang='lat' dir='ltr'>LIB.</span> <span class='ocrx_word' id='word_1_2' title='bbox 909 279 938 320; x_wconf 90' lang='grc' dir='ltr'><strong>Ι.</strong></span> <span class='ocrx_word' id='word_1_3' title='bbox 998 279 1041 322; x_wconf 87' lang='lat' dir='ltr'>C.</span> <span class='ocrx_word' id='word_1_4' title='bbox 1072 281 1137 322; x_wconf 80' lang='grc'><strong>59.</strong></span> <span class='ocrx_word' id='word_1_5' title='bbox 1169 281 1234 321; x_wconf 84' lang='grc'><strong>60.</strong></span> <span class='ocrx_word' id='word_1_6' title='bbox 1795 280 1873 322; x_wconf 81' lang='grc'>219</span> 
     </span>
    </p>
   </div>
   <div class='ocr_carea' id='block_1_2' title="bbox 127 385 1936 2745">
    <p class='ocr_par' dir='ltr' id='par_1_2' title="bbox 127 385 1936 2745">
     <span class='ocr_line' id='line_1_2' title="bbox 132 385 1872 448; baseline -0.004 -15"><span class='ocrx_word' id='word_1_7' title='bbox 132 405 253 448; x_wconf 89' lang='lat' dir='ltr'>quam</span> <span class='ocrx_word' id='word_1_8' title='bbox 283 388 578 444; x_wconf 79' lang='lat' dir='ltr'>pronuntient,</span> <span class='ocrx_word' id='word_1_9' title='bbox 624 400 769 429; x_wconf 82' lang='lat' dir='ltr'>vocem</span> <span class='ocrx_word' id='word_1_10' title='bbox 809 385 1004 428; x_wconf 85' lang='lat' dir='ltr'>cubantes</span> <span class='ocrx_word' id='word_1_11' title='bbox 1049 386 1200 428; x_wconf 86' lang='lat' dir='ltr'>sensim</span> <span class='ocrx_word' id='word_1_12' title='bbox 1233 386 1409 427; x_wconf 79' lang='lat' dir='ltr'>excitant</span> <span class='ocrx_word' id='word_1_13' title='bbox 1447 385 1730 439; x_wconf 82' lang='lat' dir='ltr'>eandemque,</span> <span class='ocrx_word' id='word_1_14' title='bbox 1781 397 1872 426; x_wconf 90' lang='lat' dir='ltr'>cum</span> 
     </span>
     <span class='ocr_line' id='line_1_3' title="bbox 131 447 1873 508; baseline -0.005 -14"><span class='ocrx_word' id='word_1_15' title='bbox 131 459 330 508; x_wconf 88' lang='lat' dir='ltr'>egerunt,</span> <span class='ocrx_word' id='word_1_16' title='bbox 382 451 571 493; x_wconf 80' lang='lat' dir='ltr'>sedentes</span> <span class='ocrx_word' id='word_1_17' title='bbox 615 449 666 491; x_wconf 90' lang='lat' dir='ltr'>ab</span> <span class='ocrx_word' id='word_1_18' title='bbox 705 448 943 491; x_wconf 85' lang='lat' dir='ltr'>acutissimo</span> <span class='ocrx_word' id='word_1_19' title='bbox 981 463 1084 490; x_wconf 85' lang='lat' dir='ltr'>sono</span> <span class='ocrx_word' id='word_1_20' title='bbox 1130 463 1259 504; x_wconf 90' lang='lat' dir='ltr'>usquc</span> <span class='ocrx_word' id='word_1_21' title='bbox 1297 451 1347 490; x_wconf 91' lang='lat' dir='ltr'>ad</span> <span class='ocrx_word' id='word_1_22' title='bbox 1395 447 1681 503; x_wconf 83' lang='lat' dir='ltr'>gravissimum</span> <span class='ocrx_word' id='word_1_23' title='bbox 1727 460 1873 487; x_wconf 85' lang='lat' dir='ltr'>sonum</span> 
     </span>
     <span class='ocr_line' id='line_1_4' title="bbox 130 508 1875 570; baseline -0.005 -14"><span class='ocrx_word' id='word_1_24' title='bbox 130 516 337 568; x_wconf 89' lang='lat' dir='ltr'>recipiunt</span> <span class='ocrx_word' id='word_1_25' title='bbox 368 522 408 555; x_wconf 92' lang='lat' dir='ltr'>et</span> <span class='ocrx_word' id='word_1_26' title='bbox 449 515 562 570; x_wconf 82' lang='lat' dir='ltr'>quasi</span> <span class='ocrx_word' id='word_1_27' title='bbox 600 511 906 567; x_wconf 88' lang='lat' dir='ltr'>quodammodo</span> <span class='ocrx_word' id='word_1_28' title='bbox 947 512 1159 565; x_wconf 75' lang='lat' dir='ltr'>colligunt.</span> <span class='ocrx_word' id='word_1_29' title='bbox 1222 514 1309 553; x_wconf 88' lang='lat' dir='ltr'>lloc</span> <span class='ocrx_word' id='word_1_30' title='bbox 1349 525 1424 553; x_wconf 90' lang='lat' dir='ltr'>nos</span> <span class='ocrx_word' id='word_1_31' title='bbox 1455 510 1487 551; x_wconf 91' lang='lat' dir='ltr'>si</span> <span class='ocrx_word' id='word_1_32' title='bbox 1519 511 1655 551; x_wconf 86' lang='lat' dir='ltr'>facere</span> <span class='ocrx_word' id='word_1_33' title='bbox 1685 508 1875 554; x_wconf 81' lang='lat' dir='ltr'>velimus,</span> 
     </span>
     <span class='ocr_line' id='line_1_5' title="bbox 130 572 1875 631; baseline -0.005 -12"><span class='ocrx_word' id='word_1_34' title='bbox 130 583 223 619; x_wconf 88' lang='lat' dir='ltr'>ante</span> <span class='ocrx_word' id='word_1_35' title='bbox 245 577 570 618; x_wconf 87' lang='lat' dir='ltr'>condemnentur</span> <span class='ocrx_word' id='word_1_36' title='bbox 600 574 653 621; x_wconf 84' lang='lat' dir='ltr'>ii,</span> <span class='ocrx_word' id='word_1_37' title='bbox 687 587 864 629; x_wconf 90' lang='lat' dir='ltr'>quorum</span> <span class='ocrx_word' id='word_1_38' title='bbox 887 588 1028 616; x_wconf 86' lang='lat' dir='ltr'>causas</span> <span class='ocrx_word' id='word_1_39' title='bbox 1050 577 1328 631; x_wconf 78' lang='lat' dir='ltr'>receperimus</span> <span class='ocrx_word' id='word_1_40' title='bbox 1348 607 1357 623; x_wconf 92' lang='lat'>,</span> <span class='ocrx_word' id='word_1_41' title='bbox 1390 587 1512 631; x_wconf 92' lang='lat' dir='ltr'>quam</span> <span class='ocrx_word' id='word_1_42' title='bbox 1533 572 1654 614; x_wconf 87' lang='lat' dir='ltr'>toties</span> <span class='ocrx_word' id='word_1_43' title='bbox 1670 603 1679 619; x_wconf 92' lang='lat'>,</span> <span class='ocrx_word' id='word_1_44' title='bbox 1713 572 1875 626; x_wconf 90' lang='lat' dir='ltr'>quoties</span> 
     </span>
     <span class='ocr_line' id='line_1_6' title="bbox 129 632 1909 696; baseline -0.006 -15"><span class='ocrx_word' id='word_1_45' title='bbox 129 639 449 696; x_wconf 81' lang='lat' dir='ltr'>praescribitur,</span> <span class='ocrx_word' id='word_1_46' title='bbox 499 649 698 690; x_wconf 88' lang='lat' dir='ltr'>paeanem</span> <span class='ocrx_word' id='word_1_47' title='bbox 746 642 815 677; x_wconf 89' lang='lat' dir='ltr'>aut</span> <span class='ocrx_word' id='word_1_48' title='bbox 845 637 872 688; x_wconf 57' lang='grc' dir='ltr'>ἦ·</span> <span class='ocrx_word' id='word_1_49' title='bbox 917 639 1154 679; x_wconf 86' lang='lat' dir='ltr'>munionem</span> <span class='ocrx_word' id='word_1_50' title='bbox 1201 639 1426 679; x_wconf 86' lang='lat' dir='ltr'>citarimus.</span> <span class='ocrx_word' id='word_1_51' title='bbox 1488 638 1582 677; x_wconf 87' lang='grc'><strong>252.</strong></span> <span class='ocrx_word' id='word_1_52' title='bbox 1632 632 1790 684; x_wconf 89' lang='lat' dir='ltr'>Quodsi</span> <span class='ocrx_word' id='word_1_53' title='bbox 1836 632 1909 673; x_wconf 77' lang='lat' dir='ltr'>ins</span> 
     </span>
     <span class='ocr_line' id='line_1_7' title="bbox 132 695 1878 758; baseline -0.005 -14"><span class='ocrx_word' id='word_1_54' title='bbox 132 709 247 758; x_wconf 86' lang='lat' dir='ltr'>gestu</span> <span class='ocrx_word' id='word_1_55' title='bbox 267 734 277 750; x_wconf 90' lang='lat'>‚</span> <span class='ocrx_word' id='word_1_56' title='bbox 329 703 396 756; x_wconf 91' lang='lat' dir='ltr'>qui</span> <span class='ocrx_word' id='word_1_57' title='bbox 427 702 599 741; x_wconf 90' lang='lat' dir='ltr'>multum</span> <span class='ocrx_word' id='word_1_58' title='bbox 631 704 838 740; x_wconf 90' lang='lat' dir='ltr'>oratorem</span> <span class='ocrx_word' id='word_1_59' title='bbox 870 699 1060 748; x_wconf 78' lang='lat' dir='ltr'>adiuvat,</span> <span class='ocrx_word' id='word_1_60' title='bbox 1114 706 1154 740; x_wconf 87' lang='lat' dir='ltr'>et</span> <span class='ocrx_word' id='word_1_61' title='bbox 1184 700 1223 739; x_wconf 89' lang='lat' dir='ltr'>in</span> <span class='ocrx_word' id='word_1_62' title='bbox 1256 712 1384 746; x_wconf 75' lang='lat' dir='ltr'>voce,</span> <span class='ocrx_word' id='word_1_63' title='bbox 1435 712 1539 754; x_wconf 87' lang='lat' dir='ltr'>quae</span> <span class='ocrx_word' id='word_1_64' title='bbox 1578 709 1658 738; x_wconf 90' lang='lat' dir='ltr'>una</span> <span class='ocrx_word' id='word_1_65' title='bbox 1699 695 1878 736; x_wconf 85' lang='lat' dir='ltr'>maxime</span> 
     </span>
     <span class='ocr_line' id='line_1_8' title="bbox 132 759 1881 822; baseline -0.005 -15"><span class='ocrx_word' id='word_1_66' title='bbox 132 766 408 822; x_wconf 87' lang='lat' dir='ltr'>eloquentiam</span> <span class='ocrx_word' id='word_1_67' title='bbox 451 764 516 803; x_wconf 70' lang='lat' dir='ltr'>vel</span> <span class='ocrx_word' id='word_1_68' title='bbox 548 761 809 802; x_wconf 83' lang='lat' dir='ltr'>commendat</span> <span class='ocrx_word' id='word_1_69' title='bbox 840 764 904 803; x_wconf 80' lang='lat' dir='ltr'>vel</span> <span class='ocrx_word' id='word_1_70' title='bbox 936 762 1132 810; x_wconf 88' lang='lat' dir='ltr'>sustinet,</span> <span class='ocrx_word' id='word_1_71' title='bbox 1166 760 1380 803; x_wconf 88' lang='lat' dir='ltr'>elaborare</span> <span class='ocrx_word' id='word_1_72' title='bbox 1412 763 1532 802; x_wconf 91' lang='lat' dir='ltr'>nobis</span> <span class='ocrx_word' id='word_1_73' title='bbox 1562 773 1644 802; x_wconf 91' lang='lat' dir='ltr'>non</span> <span class='ocrx_word' id='word_1_74' title='bbox 1673 759 1769 801; x_wconf 90' lang='lat' dir='ltr'>licet</span> <span class='ocrx_word' id='word_1_75' title='bbox 1789 790 1800 807; x_wconf 93' lang='lat'>,</span> <span class='ocrx_word' id='word_1_76' title='bbox 1833 771 1881 799; x_wconf 88' lang='lat' dir='ltr'>ac</span> 
     </span>
     <span class='ocr_line' id='line_1_9' title="bbox 130 819 1876 880; baseline -0.005 -11"><span class='ocrx_word' id='word_1_77' title='bbox 130 833 286 869; x_wconf 87' lang='lat' dir='ltr'>tantum</span> <span class='ocrx_word' id='word_1_78' title='bbox 332 826 374 868; x_wconf 92' lang='lat' dir='ltr'>in</span> <span class='ocrx_word' id='word_1_79' title='bbox 412 831 590 878; x_wconf 87' lang='lat' dir='ltr'>utroque</span> <span class='ocrx_word' id='word_1_80' title='bbox 630 827 792 878; x_wconf 77' lang='lat' dir='ltr'>assequi</span> <span class='ocrx_word' id='word_1_81' title='bbox 832 839 1071 880; x_wconf 88' lang='lat' dir='ltr'>possumus,</span> <span class='ocrx_word' id='word_1_82' title='bbox 1122 829 1319 880; x_wconf 87' lang='lat' dir='ltr'>quantum</span> <span class='ocrx_word' id='word_1_83' title='bbox 1352 825 1392 864; x_wconf 91' lang='lat' dir='ltr'>in</span> <span class='ocrx_word' id='word_1_84' title='bbox 1422 825 1498 864; x_wconf 91' lang='lat' dir='ltr'>hac</span> <span class='ocrx_word' id='word_1_85' title='bbox 1528 825 1615 864; x_wconf 83' lang='lat' dir='ltr'>acie</span> <span class='ocrx_word' id='word_1_86' title='bbox 1647 819 1876 878; x_wconf 89' lang='lat' dir='ltr'>quotidiani</span> 
     </span>
     <span class='ocr_line' id='line_1_10' title="bbox 130 884 1877 943; baseline -0.005 -11"><span class='ocrx_word' id='word_1_87' title='bbox 130 890 315 932; x_wconf 88' lang='lat' dir='ltr'>muneris</span> <span class='ocrx_word' id='word_1_88' title='bbox 345 888 466 942; x_wconf 89' lang='lat' dir='ltr'>spatii</span> <span class='ocrx_word' id='word_1_89' title='bbox 496 888 616 928; x_wconf 90' lang='lat' dir='ltr'>nobis</span> <span class='ocrx_word' id='word_1_90' title='bbox 648 886 789 929; x_wconf 89' lang='lat' dir='ltr'>datur:</span> <span class='ocrx_word' id='word_1_91' title='bbox 825 894 977 943; x_wconf 89' lang='lat' dir='ltr'>quanto</span> <span class='ocrx_word' id='word_1_92' title='bbox 1009 888 1142 928; x_wconf 87' lang='lat' dir='ltr'>minus</span> <span class='ocrx_word' id='word_1_93' title='bbox 1174 892 1236 927; x_wconf 90' lang='lat' dir='ltr'>est</span> <span class='ocrx_word' id='word_1_94' title='bbox 1265 889 1313 927; x_wconf 89' lang='lat' dir='ltr'>ad</span> <span class='ocrx_word' id='word_1_95' title='bbox 1345 887 1445 926; x_wconf 92' lang='lat' dir='ltr'>iuris</span> <span class='ocrx_word' id='word_1_96' title='bbox 1467 886 1596 927; x_wconf 91' lang='lat' dir='ltr'>civilis</span> <span class='ocrx_word' id='word_1_97' title='bbox 1619 884 1877 938; x_wconf 84' lang='lat' dir='ltr'>perdiscendi</span> 
     </span>
     <span class='ocr_line' id='line_1_11' title="bbox 130 947 1930 1005; baseline -0.003 -13"><span class='ocrx_word' id='word_1_98' title='bbox 130 949 443 1005; x_wconf 83' lang='lat' dir='ltr'>occupationem</span> <span class='ocrx_word' id='word_1_99' title='bbox 475 947 839 990; x_wconf 80' lang='lat' dir='ltr'>descendendum?</span> <span class='ocrx_word' id='word_1_100' title='bbox 889 951 1000 1005; x_wconf 91' lang='lat' dir='ltr'>quod</span> <span class='ocrx_word' id='word_1_101' title='bbox 1039 955 1079 990; x_wconf 84' lang='lat' dir='ltr'>et</span> <span class='ocrx_word' id='word_1_102' title='bbox 1118 948 1353 990; x_wconf 85' lang='lat' dir='ltr'>summatim</span> <span class='ocrx_word' id='word_1_103' title='bbox 1385 950 1543 1003; x_wconf 87' lang='lat' dir='ltr'>percipi</span> <span class='ocrx_word' id='word_1_104' title='bbox 1576 950 1663 989; x_wconf 90' lang='lat' dir='ltr'>sine</span> <span class='ocrx_word' id='word_1_105' title='bbox 1694 947 1930 989; x_wconf 76' lang='lat' dir='ltr'>doctrinam</span> 
     </span>
     <span class='ocr_line' id='line_1_12' title="bbox 128 1009 1881 1070; baseline -0.002 -17"><span class='ocrx_word' id='word_1_106' title='bbox 128 1018 263 1070; x_wconf 88' lang='lat' dir='ltr'>potest</span> <span class='ocrx_word' id='word_1_107' title='bbox 292 1017 332 1053; x_wconf 90' lang='lat' dir='ltr'>et</span> <span class='ocrx_word' id='word_1_108' title='bbox 362 1013 466 1053; x_wconf 89' lang='lat' dir='ltr'>hanc</span> <span class='ocrx_word' id='word_1_109' title='bbox 497 1014 621 1052; x_wconf 89' lang='lat' dir='ltr'>habet</span> <span class='ocrx_word' id='word_1_110' title='bbox 651 1014 701 1052; x_wconf 88' lang='lat' dir='ltr'>ab</span> <span class='ocrx_word' id='word_1_111' title='bbox 734 1011 811 1052; x_wconf 89' lang='lat' dir='ltr'>illis</span> <span class='ocrx_word' id='word_1_112' title='bbox 843 1014 965 1052; x_wconf 90' lang='lat' dir='ltr'>rebus</span> <span class='ocrx_word' id='word_1_113' title='bbox 987 1010 1362 1052; x_wconf 83' lang='lat' dir='ltr'>dissimilitudinem</span> <span class='ocrx_word' id='word_1_114' title='bbox 1383 1043 1393 1059; x_wconf 92' lang='lat'><em>‚</em></span> <span class='ocrx_word' id='word_1_115' title='bbox 1427 1009 1539 1065; x_wconf 92' lang='lat' dir='ltr'>quod</span> <span class='ocrx_word' id='word_1_116' title='bbox 1571 1024 1652 1050; x_wconf 81' lang='lat' dir='ltr'>vox</span> <span class='ocrx_word' id='word_1_117' title='bbox 1683 1015 1723 1050; x_wconf 88' lang='lat' dir='ltr'>et</span> <span class='ocrx_word' id='word_1_118' title='bbox 1744 1014 1881 1063; x_wconf 84' lang='lat' dir='ltr'>gestus</span> 
     </span>
     <span class='ocr_line' id='line_1_13' title="bbox 128 1072 1879 1129; baseline -0.003 -12"><span class='ocrx_word' id='word_1_119' title='bbox 128 1077 266 1117; x_wconf 90' lang='lat' dir='ltr'>subito</span> <span class='ocrx_word' id='word_1_120' title='bbox 306 1076 412 1116; x_wconf 91' lang='lat' dir='ltr'>sumi</span> <span class='ocrx_word' id='word_1_121' title='bbox 457 1080 496 1116; x_wconf 90' lang='lat' dir='ltr'>et</span> <span class='ocrx_word' id='word_1_122' title='bbox 538 1076 702 1115; x_wconf 84' lang='lat' dir='ltr'>aliunde</span> <span class='ocrx_word' id='word_1_123' title='bbox 746 1074 874 1129; x_wconf 88' lang='lat' dir='ltr'>arripi</span> <span class='ocrx_word' id='word_1_124' title='bbox 918 1087 1001 1115; x_wconf 92' lang='lat' dir='ltr'>non</span> <span class='ocrx_word' id='word_1_125' title='bbox 1040 1078 1200 1128; x_wconf 85' lang='lat' dir='ltr'>potest,</span> <span class='ocrx_word' id='word_1_126' title='bbox 1251 1072 1353 1114; x_wconf 86' lang='lat' dir='ltr'>iuris</span> <span class='ocrx_word' id='word_1_127' title='bbox 1392 1072 1544 1113; x_wconf 87' lang='lat' dir='ltr'>utilitas</span> <span class='ocrx_word' id='word_1_128' title='bbox 1582 1074 1631 1112; x_wconf 92' lang='lat' dir='ltr'>ad</span> <span class='ocrx_word' id='word_1_129' title='bbox 1674 1085 1879 1126; x_wconf 89' lang='lat' dir='ltr'>quamque</span> 
     </span>
     <span class='ocr_line' id='line_1_14' title="bbox 129 1133 1880 1192; baseline -0.002 -14"><span class='ocrx_word' id='word_1_130' title='bbox 129 1150 293 1179; x_wconf 89' lang='lat' dir='ltr'>causam</span> <span class='ocrx_word' id='word_1_131' title='bbox 337 1137 523 1192; x_wconf 80' lang='lat' dir='ltr'>quamvis</span> <span class='ocrx_word' id='word_1_132' title='bbox 568 1142 740 1191; x_wconf 83' lang='lat' dir='ltr'>repente</span> <span class='ocrx_word' id='word_1_133' title='bbox 785 1136 849 1177; x_wconf 80' lang='lat' dir='ltr'>vcl</span> <span class='ocrx_word' id='word_1_134' title='bbox 892 1149 914 1176; x_wconf 88' lang='lat' dir='ltr'>a</span> <span class='ocrx_word' id='word_1_135' title='bbox 958 1137 1103 1190; x_wconf 91' lang='lat' dir='ltr'>peritis</span> <span class='ocrx_word' id='word_1_136' title='bbox 1148 1134 1212 1176; x_wconf 83' lang='lat' dir='ltr'>vel</span> <span class='ocrx_word' id='word_1_137' title='bbox 1254 1137 1304 1175; x_wconf 87' lang='lat' dir='ltr'>de</span> <span class='ocrx_word' id='word_1_138' title='bbox 1352 1133 1466 1176; x_wconf 91' lang='lat' dir='ltr'>libris</span> <span class='ocrx_word' id='word_1_139' title='bbox 1506 1134 1693 1187; x_wconf 90' lang='lat' dir='ltr'>depromi</span> <span class='ocrx_word' id='word_1_140' title='bbox 1730 1138 1880 1189; x_wconf 86' lang='lat' dir='ltr'>potest.</span> 
     </span>
     <span class='ocr_line' id='line_1_15' title="bbox 129 1196 1883 1254; baseline -0.002 -13"><span class='ocrx_word' id='word_1_141' title='bbox 129 1202 225 1242; x_wconf 82' lang='lat'>253.</span> <span class='ocrx_word' id='word_1_142' title='bbox 273 1201 413 1254; x_wconf 86' lang='lat' dir='ltr'>Itaque</span> <span class='ocrx_word' id='word_1_143' title='bbox 454 1198 511 1239; x_wconf 91' lang='lat' dir='ltr'>illi</span> <span class='ocrx_word' id='word_1_144' title='bbox 557 1197 816 1239; x_wconf 83' lang='lat' dir='ltr'>disertissimi</span> <span class='ocrx_word' id='word_1_145' title='bbox 857 1199 1048 1239; x_wconf 84' lang='lat' dir='ltr'>homines</span> <span class='ocrx_word' id='word_1_146' title='bbox 1090 1197 1300 1238; x_wconf 83' lang='lat' dir='ltr'>ministros</span> <span class='ocrx_word' id='word_1_147' title='bbox 1343 1196 1495 1238; x_wconf 85' lang='lat' dir='ltr'>habent</span> <span class='ocrx_word' id='word_1_148' title='bbox 1536 1198 1576 1236; x_wconf 91' lang='lat' dir='ltr'>in</span> <span class='ocrx_word' id='word_1_149' title='bbox 1619 1196 1750 1238; x_wconf 84' lang='lat' dir='ltr'>causis</span> <span class='ocrx_word' id='word_1_150' title='bbox 1781 1196 1883 1237; x_wconf 88' lang='lat' dir='ltr'>iuris</span> 
     </span>
     <span class='ocr_line' id='line_1_16' title="bbox 127 1257 1932 1319; baseline -0.002 -16"><span class='ocrx_word' id='word_1_151' title='bbox 127 1263 310 1319; x_wconf 89' lang='lat' dir='ltr'>peritos,</span> <span class='ocrx_word' id='word_1_152' title='bbox 358 1275 450 1302; x_wconf 92' lang='lat' dir='ltr'>cum</span> <span class='ocrx_word' id='word_1_153' title='bbox 492 1261 520 1312; x_wconf 52' lang='grc' dir='ltr'>’ἴ</span> <span class='ocrx_word' id='word_1_154' title='bbox 553 1260 630 1316; x_wconf 90' lang='lat' dir='ltr'>ipsi</span> <span class='ocrx_word' id='word_1_155' title='bbox 670 1260 750 1301; x_wconf 91' lang='lat' dir='ltr'>sint</span> <span class='ocrx_word' id='word_1_156' title='bbox 779 1259 1040 1315; x_wconf 89' lang='lat' dir='ltr'>peritissimi,</span> <span class='ocrx_word' id='word_1_157' title='bbox 1088 1257 1156 1313; x_wconf 85' lang='lat' dir='ltr'>[et]</span> <span class='ocrx_word' id='word_1_158' title='bbox 1196 1261 1287 1315; x_wconf 92' lang='lat' dir='ltr'>qui,</span> <span class='ocrx_word' id='word_1_159' title='bbox 1332 1265 1380 1300; x_wconf 90' lang='lat' dir='ltr'>ut</span> <span class='ocrx_word' id='word_1_160' title='bbox 1418 1261 1489 1300; x_wconf 92' lang='lat' dir='ltr'>abs</span> <span class='ocrx_word' id='word_1_161' title='bbox 1528 1264 1567 1299; x_wconf 90' lang='lat' dir='ltr'>te</span> <span class='ocrx_word' id='word_1_162' title='bbox 1606 1258 1744 1313; x_wconf 89' lang='lat' dir='ltr'>paullo</span> <span class='ocrx_word' id='word_1_163' title='bbox 1788 1265 1932 1299; x_wconf 86' lang='lat' dir='ltr'>ante1⁵</span> 
     </span>
     <span class='ocr_line' id='line_1_17' title="bbox 130 1320 1879 1378; baseline -0.003 -11"><span class='ocrx_word' id='word_1_164' title='bbox 130 1325 282 1367; x_wconf 91' lang='lat' dir='ltr'>dictum</span> <span class='ocrx_word' id='word_1_165' title='bbox 314 1329 399 1371; x_wconf 89' lang='lat' dir='ltr'>est,</span> <span class='ocrx_word' id='word_1_166' title='bbox 445 1323 685 1378; x_wconf 85' lang='lat' dir='ltr'>pragmatici</span> <span class='ocrx_word' id='word_1_167' title='bbox 717 1328 928 1363; x_wconf 84' lang='lat' dir='ltr'>vocantur.</span> <span class='ocrx_word' id='word_1_168' title='bbox 1001 1324 1047 1363; x_wconf 94' lang='lat' dir='ltr'>ln</span> <span class='ocrx_word' id='word_1_169' title='bbox 1078 1335 1158 1376; x_wconf 93' lang='lat' dir='ltr'>quo</span> <span class='ocrx_word' id='word_1_170' title='bbox 1193 1321 1323 1362; x_wconf 92' lang='lat' dir='ltr'>nostri</span> <span class='ocrx_word' id='word_1_171' title='bbox 1355 1323 1521 1362; x_wconf 91' lang='lat' dir='ltr'>omnino</span> <span class='ocrx_word' id='word_1_172' title='bbox 1553 1320 1701 1361; x_wconf 91' lang='lat' dir='ltr'>melius</span> <span class='ocrx_word' id='word_1_173' title='bbox 1732 1321 1879 1368; x_wconf 92' lang='lat' dir='ltr'>multo,</span> 
     </span>
     <span class='ocr_line' id='line_1_18' title="bbox 129 1382 1883 1443; baseline -0.004 -14"><span class='ocrx_word' id='word_1_174' title='bbox 129 1385 242 1443; x_wconf 91' lang='lat' dir='ltr'>quod</span> <span class='ocrx_word' id='word_1_175' title='bbox 273 1385 598 1427; x_wconf 89' lang='lat' dir='ltr'>clarissimorum</span> <span class='ocrx_word' id='word_1_176' title='bbox 630 1386 841 1426; x_wconf 91' lang='lat' dir='ltr'>hominum</span> <span class='ocrx_word' id='word_1_177' title='bbox 873 1386 1115 1426; x_wconf 87' lang='lat' dir='ltr'>auctoritate</span> <span class='ocrx_word' id='word_1_178' title='bbox 1152 1384 1265 1439; x_wconf 86' lang='lat' dir='ltr'>leges</span> <span class='ocrx_word' id='word_1_179' title='bbox 1296 1390 1336 1425; x_wconf 85' lang='lat' dir='ltr'>et</span> <span class='ocrx_word' id='word_1_180' title='bbox 1365 1385 1454 1425; x_wconf 90' lang='lat' dir='ltr'>iura</span> <span class='ocrx_word' id='word_1_181' title='bbox 1484 1389 1590 1424; x_wconf 89' lang='lat' dir='ltr'>tecta</span> <span class='ocrx_word' id='word_1_182' title='bbox 1621 1396 1710 1424; x_wconf 86' lang='lat' dir='ltr'>esse</span> <span class='ocrx_word' id='word_1_183' title='bbox 1741 1382 1883 1424; x_wconf 82' lang='lat' dir='ltr'>volue-</span> 
     </span>
     <span class='ocr_line' id='line_1_19' title="bbox 129 1446 1882 1502; baseline -0.003 -11"><span class='ocrx_word' id='word_1_184' title='bbox 129 1455 240 1492; x_wconf 86' lang='lat' dir='ltr'>runt.</span> <span class='ocrx_word' id='word_1_185' title='bbox 302 1448 383 1490; x_wconf 92' lang='lat' dir='ltr'>Sed</span> <span class='ocrx_word' id='word_1_186' title='bbox 414 1454 550 1488; x_wconf 88' lang='lat' dir='ltr'>tamen</span> <span class='ocrx_word' id='word_1_187' title='bbox 580 1461 663 1488; x_wconf 89' lang='lat' dir='ltr'>non</span> <span class='ocrx_word' id='word_1_188' title='bbox 693 1446 866 1502; x_wconf 86' lang='lat' dir='ltr'>fugisset</span> <span class='ocrx_word' id='word_1_189' title='bbox 896 1450 975 1488; x_wconf 90' lang='lat' dir='ltr'>hoc</span> <span class='ocrx_word' id='word_1_190' title='bbox 1006 1449 1186 1488; x_wconf 85' lang='lat' dir='ltr'>Graecos</span> <span class='ocrx_word' id='word_1_191' title='bbox 1216 1447 1423 1494; x_wconf 88' lang='lat' dir='ltr'>homines,</span> <span class='ocrx_word' id='word_1_192' title='bbox 1455 1446 1488 1487; x_wconf 92' lang='lat' dir='ltr'>si</span> <span class='ocrx_word' id='word_1_193' title='bbox 1519 1447 1575 1487; x_wconf 88' lang='lat' dir='ltr'>ita</span> <span class='ocrx_word' id='word_1_194' title='bbox 1602 1459 1770 1486; x_wconf 87' lang='lat' dir='ltr'>necesse</span> <span class='ocrx_word' id='word_1_195' title='bbox 1793 1459 1882 1486; x_wconf 82' lang='lat' dir='ltr'>esse</span> 
     </span>
     <span class='ocr_line' id='line_1_20' title="bbox 130 1509 1884 1563; baseline -0.003 -9"><span class='ocrx_word' id='word_1_196' title='bbox 130 1512 315 1554; x_wconf 90' lang='lat' dir='ltr'>arbitrati</span> <span class='ocrx_word' id='word_1_197' title='bbox 348 1517 484 1552; x_wconf 84' lang='lat' dir='ltr'>essent</span> <span class='ocrx_word' id='word_1_198' title='bbox 514 1515 725 1552; x_wconf 89' lang='lat' dir='ltr'>oratorem</span> <span class='ocrx_word' id='word_1_199' title='bbox 755 1509 891 1563; x_wconf 89' lang='lat' dir='ltr'>ipsum</span> <span class='ocrx_word' id='word_1_200' title='bbox 922 1512 1085 1551; x_wconf 91' lang='lat' dir='ltr'>erudire</span> <span class='ocrx_word' id='word_1_201' title='bbox 1115 1511 1157 1550; x_wconf 92' lang='lat' dir='ltr'>in</span> <span class='ocrx_word' id='word_1_202' title='bbox 1195 1511 1285 1549; x_wconf 85' lang='lat' dir='ltr'>iure</span> <span class='ocrx_word' id='word_1_203' title='bbox 1323 1509 1462 1556; x_wconf 87' lang='lat' dir='ltr'>civili,</span> <span class='ocrx_word' id='word_1_204' title='bbox 1510 1523 1594 1550; x_wconf 90' lang='lat' dir='ltr'>non</span> <span class='ocrx_word' id='word_1_205' title='bbox 1625 1510 1663 1549; x_wconf 91' lang='lat' dir='ltr'>ei</span> <span class='ocrx_word' id='word_1_206' title='bbox 1694 1522 1884 1563; x_wconf 66' lang='lat' dir='ltr'>pragma-</span> 
     </span>
     <span class='ocr_line' id='line_1_21' title="bbox 129 1570 1934 1627; baseline -0.003 -11"><span class='ocrx_word' id='word_1_207' title='bbox 129 1577 256 1616; x_wconf 89' lang='lat' dir='ltr'>ticum</span> <span class='ocrx_word' id='word_1_208' title='bbox 278 1574 510 1615; x_wconf 89' lang='lat' dir='ltr'>adiutorem</span> <span class='ocrx_word' id='word_1_209' title='bbox 532 1573 643 1613; x_wconf 90' lang='lat' dir='ltr'>dare.</span> <span class='ocrx_word' id='word_1_210' title='bbox 704 1574 791 1612; x_wconf 85' lang='lat' dir='ltr'>LX.</span> <span class='ocrx_word' id='word_1_211' title='bbox 830 1573 926 1613; x_wconf 61' lang='grc'><strong>254.</strong></span> <span class='ocrx_word' id='word_1_212' title='bbox 960 1574 1061 1613; x_wconf 76' lang='lat' dir='ltr'>Nam</span> <span class='ocrx_word' id='word_1_213' title='bbox 1085 1573 1196 1627; x_wconf 92' lang='lat' dir='ltr'>quod</span> <span class='ocrx_word' id='word_1_214' title='bbox 1217 1571 1318 1613; x_wconf 89' lang='lat' dir='ltr'>dicis</span> <span class='ocrx_word' id='word_1_215' title='bbox 1347 1576 1598 1613; x_wconf 90' lang='lat' dir='ltr'>senectutem</span> <span class='ocrx_word' id='word_1_216' title='bbox 1620 1585 1642 1612; x_wconf 93' lang='lat' dir='ltr'>a</span> <span class='ocrx_word' id='word_1_217' title='bbox 1663 1570 1883 1612; x_wconf 83' lang='lat' dir='ltr'>solitudine</span> <span class='ocrx_word' id='word_1_218' title='bbox 1897 1585 1934 1610; x_wconf 82' lang='lat'>2⁰</span> 
     </span>
     <span class='ocr_line' id='line_1_22' title="bbox 130 1633 1883 1690; baseline -0.002 -12"><span class='ocrx_word' id='word_1_219' title='bbox 130 1636 334 1679; x_wconf 76' lang='lat' dir='ltr'>vindicari</span> <span class='ocrx_word' id='word_1_220' title='bbox 363 1634 465 1676; x_wconf 88' lang='lat' dir='ltr'>iuris</span> <span class='ocrx_word' id='word_1_221' title='bbox 496 1633 626 1675; x_wconf 92' lang='lat' dir='ltr'>civilis</span> <span class='ocrx_word' id='word_1_222' title='bbox 657 1633 828 1676; x_wconf 88' lang='lat' dir='ltr'>scientia</span> <span class='ocrx_word' id='word_1_223' title='bbox 847 1667 856 1682; x_wconf 92' lang='lat'>,</span> <span class='ocrx_word' id='word_1_224' title='bbox 887 1635 1061 1676; x_wconf 84' lang='lat' dir='ltr'>fortasse</span> <span class='ocrx_word' id='word_1_225' title='bbox 1084 1633 1208 1675; x_wconf 86' lang='lat' dir='ltr'>etiam</span> <span class='ocrx_word' id='word_1_226' title='bbox 1229 1635 1430 1690; x_wconf 88' lang='lat' dir='ltr'>pecuniae</span> <span class='ocrx_word' id='word_1_227' title='bbox 1453 1635 1748 1689; x_wconf 84' lang='lat' dir='ltr'>magnitudine.</span> <span class='ocrx_word' id='word_1_228' title='bbox 1802 1636 1883 1675; x_wconf 86' lang='lat' dir='ltr'>Sed</span> 
     </span>
     <span class='ocr_line' id='line_1_23' title="bbox 129 1696 1886 1754; baseline -0.003 -12"><span class='ocrx_word' id='word_1_229' title='bbox 129 1713 206 1742; x_wconf 88' lang='lat' dir='ltr'>nos</span> <span class='ocrx_word' id='word_1_230' title='bbox 235 1713 318 1740; x_wconf 92' lang='lat' dir='ltr'>non</span> <span class='ocrx_word' id='word_1_231' title='bbox 349 1698 448 1754; x_wconf 92' lang='lat' dir='ltr'>quid</span> <span class='ocrx_word' id='word_1_232' title='bbox 478 1699 600 1739; x_wconf 90' lang='lat' dir='ltr'>nobis</span> <span class='ocrx_word' id='word_1_233' title='bbox 628 1697 749 1744; x_wconf 90' lang='lat' dir='ltr'>utile,</span> <span class='ocrx_word' id='word_1_234' title='bbox 793 1711 939 1740; x_wconf 82' lang='lat' dir='ltr'>verum</span> <span class='ocrx_word' id='word_1_235' title='bbox 971 1696 1071 1752; x_wconf 91' lang='lat' dir='ltr'>quid</span> <span class='ocrx_word' id='word_1_236' title='bbox 1101 1698 1258 1738; x_wconf 86' lang='lat' dir='ltr'>oratori</span> <span class='ocrx_word' id='word_1_237' title='bbox 1289 1696 1568 1738; x_wconf 91' lang='lat' dir='ltr'>necessarium</span> <span class='ocrx_word' id='word_1_238' title='bbox 1599 1697 1674 1744; x_wconf 89' lang='lat' dir='ltr'>sit,</span> <span class='ocrx_word' id='word_1_239' title='bbox 1721 1697 1886 1751; x_wconf 88' lang='lat' dir='ltr'>quaeri-</span> 
     </span>
     <span class='ocr_line' id='line_1_24' title="bbox 129 1759 1882 1816; baseline -0.003 -12"><span class='ocrx_word' id='word_1_240' title='bbox 129 1777 237 1805; x_wconf 92' lang='lat' dir='ltr'>mus.</span> <span class='ocrx_word' id='word_1_241' title='bbox 307 1762 591 1816; x_wconf 89' lang='lat' dir='ltr'>Quamquam,</span> <span class='ocrx_word' id='word_1_242' title='bbox 642 1759 838 1814; x_wconf 90' lang='lat' dir='ltr'>quoniam</span> <span class='ocrx_word' id='word_1_243' title='bbox 883 1759 1009 1801; x_wconf 88' lang='lat' dir='ltr'>multa</span> <span class='ocrx_word' id='word_1_244' title='bbox 1051 1761 1101 1800; x_wconf 92' lang='lat' dir='ltr'>ad</span> <span class='ocrx_word' id='word_1_245' title='bbox 1143 1759 1318 1801; x_wconf 88' lang='lat' dir='ltr'>oratoris</span> <span class='ocrx_word' id='word_1_246' title='bbox 1359 1759 1668 1801; x_wconf 88' lang='lat' dir='ltr'>similitudinem</span> <span class='ocrx_word' id='word_1_247' title='bbox 1707 1761 1759 1800; x_wconf 93' lang='lat' dir='ltr'>ab</span> <span class='ocrx_word' id='word_1_248' title='bbox 1801 1773 1882 1799; x_wconf 90' lang='lat' dir='ltr'>uno</span> 
     </span>
     <span class='ocr_line' id='line_1_25' title="bbox 129 1820 1883 1877; baseline -0.002 -11"><span class='ocrx_word' id='word_1_249' title='bbox 129 1822 286 1866; x_wconf 87' lang='lat' dir='ltr'>artifice</span> <span class='ocrx_word' id='word_1_250' title='bbox 316 1822 542 1870; x_wconf 87' lang='lat' dir='ltr'>sumimus,</span> <span class='ocrx_word' id='word_1_251' title='bbox 588 1820 692 1862; x_wconf 89' lang='lat' dir='ltr'>solet</span> <span class='ocrx_word' id='word_1_252' title='bbox 728 1821 838 1863; x_wconf 89' lang='lat' dir='ltr'>idem</span> <span class='ocrx_word' id='word_1_253' title='bbox 875 1821 1051 1863; x_wconf 89' lang='lat' dir='ltr'>Roscius</span> <span class='ocrx_word' id='word_1_254' title='bbox 1089 1822 1228 1863; x_wconf 88' lang='lat' dir='ltr'>dicere</span> <span class='ocrx_word' id='word_1_255' title='bbox 1268 1836 1333 1870; x_wconf 88' lang='lat' dir='ltr'>se,</span> <span class='ocrx_word' id='word_1_256' title='bbox 1379 1835 1461 1877; x_wconf 91' lang='lat' dir='ltr'>quo</span> <span class='ocrx_word' id='word_1_257' title='bbox 1502 1821 1590 1877; x_wconf 92' lang='lat' dir='ltr'>plus</span> <span class='ocrx_word' id='word_1_258' title='bbox 1631 1823 1710 1862; x_wconf 88' lang='lat' dir='ltr'>sibi</span> <span class='ocrx_word' id='word_1_259' title='bbox 1740 1822 1883 1863; x_wconf 92' lang='lat' dir='ltr'>aetatis</span> 
     </span>
     <span class='ocr_line' id='line_1_26' title="bbox 129 1882 1934 1933; baseline -0.002 -5"><span class='ocrx_word' id='word_1_260' title='bbox 129 1887 373 1933; x_wconf 87' lang='lat' dir='ltr'>accederet,</span> <span class='ocrx_word' id='word_1_261' title='bbox 407 1897 456 1925; x_wconf 94' lang='lat' dir='ltr'>eo</span> <span class='ocrx_word' id='word_1_262' title='bbox 478 1882 683 1925; x_wconf 89' lang='lat' dir='ltr'>tardiores</span> <span class='ocrx_word' id='word_1_263' title='bbox 709 1883 889 1926; x_wconf 88' lang='lat' dir='ltr'>tibicinis</span> <span class='ocrx_word' id='word_1_264' title='bbox 919 1887 1067 1926; x_wconf 92' lang='lat' dir='ltr'>modos</span> <span class='ocrx_word' id='word_1_265' title='bbox 1097 1890 1138 1926; x_wconf 90' lang='lat' dir='ltr'>et</span> <span class='ocrx_word' id='word_1_266' title='bbox 1167 1889 1311 1925; x_wconf 88' lang='lat' dir='ltr'>cantus</span> <span class='ocrx_word' id='word_1_267' title='bbox 1341 1883 1605 1925; x_wconf 89' lang='lat' dir='ltr'>remissiores</span> <span class='ocrx_word' id='word_1_268' title='bbox 1635 1897 1725 1925; x_wconf 91' lang='lat' dir='ltr'>esse</span> <span class='ocrx_word' id='word_1_269' title='bbox 1756 1883 1885 1925; x_wconf 88' lang='lat' dir='ltr'>factu·</span> <span class='ocrx_word' id='word_1_270' title='bbox 1897 1893 1934 1919; x_wconf 80' lang='lat'>2⁵</span> 
     </span>
     <span class='ocr_line' id='line_1_27' title="bbox 129 1946 1885 2002; baseline -0.002 -12"><span class='ocrx_word' id='word_1_271' title='bbox 129 1963 236 1993; x_wconf 87' lang='lat' dir='ltr'>rum.</span> <span class='ocrx_word' id='word_1_272' title='bbox 293 1947 454 1998; x_wconf 89' lang='lat' dir='ltr'>Quodsi</span> <span class='ocrx_word' id='word_1_273' title='bbox 493 1946 561 1988; x_wconf 91' lang='lat' dir='ltr'>ille</span> <span class='ocrx_word' id='word_1_274' title='bbox 603 1947 821 1988; x_wconf 86' lang='lat' dir='ltr'>adstrictus</span> <span class='ocrx_word' id='word_1_275' title='bbox 862 1952 973 1988; x_wconf 85' lang='lat' dir='ltr'>certa</span> <span class='ocrx_word' id='word_1_276' title='bbox 1011 1948 1188 2002; x_wconf 89' lang='lat' dir='ltr'>quadam</span> <span class='ocrx_word' id='word_1_277' title='bbox 1226 1959 1498 1988; x_wconf 89' lang='lat' dir='ltr'>numerorum</span> <span class='ocrx_word' id='word_1_278' title='bbox 1528 1947 1813 1987; x_wconf 88' lang='lat' dir='ltr'>moderatione</span> <span class='ocrx_word' id='word_1_279' title='bbox 1844 1951 1885 1986; x_wconf 86' lang='lat' dir='ltr'>et</span> 
     </span>
     <span class='ocr_line' id='line_1_28' title="bbox 128 2007 1886 2068; baseline -0.003 -15"><span class='ocrx_word' id='word_1_280' title='bbox 128 2009 282 2068; x_wconf 88' lang='lat' dir='ltr'>pedum</span> <span class='ocrx_word' id='word_1_281' title='bbox 311 2014 451 2051; x_wconf 91' lang='lat' dir='ltr'>tamen</span> <span class='ocrx_word' id='word_1_282' title='bbox 480 2007 637 2064; x_wconf 89' lang='lat' dir='ltr'>aliquid</span> <span class='ocrx_word' id='word_1_283' title='bbox 675 2010 727 2049; x_wconf 89' lang='lat' dir='ltr'>ad</span> <span class='ocrx_word' id='word_1_284' title='bbox 770 2010 960 2065; x_wconf 91' lang='lat' dir='ltr'>requiem</span> <span class='ocrx_word' id='word_1_285' title='bbox 990 2010 1214 2051; x_wconf 89' lang='lat' dir='ltr'>senectutis</span> <span class='ocrx_word' id='word_1_286' title='bbox 1249 2010 1478 2063; x_wconf 85' lang='lat' dir='ltr'>excogitat,</span> <span class='ocrx_word' id='word_1_287' title='bbox 1530 2014 1683 2064; x_wconf 90' lang='lat' dir='ltr'>quanto</span> <span class='ocrx_word' id='word_1_288' title='bbox 1722 2007 1886 2049; x_wconf 83' lang='lat' dir='ltr'>facilius</span> 
     </span>
     <span class='ocr_line' id='line_1_29' title="bbox 129 2069 1886 2127; baseline -0.003 -11"><span class='ocrx_word' id='word_1_289' title='bbox 129 2086 207 2116; x_wconf 91' lang='lat' dir='ltr'>nos</span> <span class='ocrx_word' id='word_1_290' title='bbox 236 2085 322 2114; x_wconf 91' lang='lat' dir='ltr'>non</span> <span class='ocrx_word' id='word_1_291' title='bbox 351 2073 493 2113; x_wconf 82' lang='lat' dir='ltr'>laxare</span> <span class='ocrx_word' id='word_1_292' title='bbox 523 2072 672 2112; x_wconf 92' lang='lat' dir='ltr'>modos</span> <span class='ocrx_word' id='word_1_293' title='bbox 702 2073 774 2112; x_wconf 92' lang='lat' dir='ltr'>sed</span> <span class='ocrx_word' id='word_1_294' title='bbox 811 2076 923 2113; x_wconf 92' lang='lat' dir='ltr'>totos</span> <span class='ocrx_word' id='word_1_295' title='bbox 958 2078 1118 2113; x_wconf 90' lang='lat' dir='ltr'>mutare</span> <span class='ocrx_word' id='word_1_296' title='bbox 1156 2074 1406 2126; x_wconf 72' lang='lat' dir='ltr'>possumus?</span> <span class='ocrx_word' id='word_1_297' title='bbox 1456 2072 1552 2115; x_wconf 88' lang='grc'><strong>255.</strong></span> <span class='ocrx_word' id='word_1_298' title='bbox 1597 2073 1741 2127; x_wconf 90' lang='lat' dir='ltr'>Neque</span> <span class='ocrx_word' id='word_1_299' title='bbox 1778 2069 1886 2110; x_wconf 91' lang='lat' dir='ltr'>enim</span> 
     </span>
     <span class='ocr_line' id='line_1_30' title="bbox 129 2131 1883 2189; baseline -0.003 -11"><span class='ocrx_word' id='word_1_300' title='bbox 129 2135 210 2178; x_wconf 91' lang='lat' dir='ltr'>hoc</span> <span class='ocrx_word' id='word_1_301' title='bbox 238 2140 298 2184; x_wconf 89' lang='lat' dir='ltr'>te,</span> <span class='ocrx_word' id='word_1_302' title='bbox 344 2135 513 2182; x_wconf 87' lang='lat' dir='ltr'>Crasse,</span> <span class='ocrx_word' id='word_1_303' title='bbox 556 2132 679 2181; x_wconf 87' lang='lat' dir='ltr'>fallit,</span> <span class='ocrx_word' id='word_1_304' title='bbox 720 2147 841 2189; x_wconf 92' lang='lat' dir='ltr'>quam</span> <span class='ocrx_word' id='word_1_305' title='bbox 871 2133 999 2175; x_wconf 88' lang='lat' dir='ltr'>multa</span> <span class='ocrx_word' id='word_1_306' title='bbox 1029 2135 1111 2176; x_wconf 85' lang='lat' dir='ltr'>sint</span> <span class='ocrx_word' id='word_1_307' title='bbox 1140 2139 1182 2175; x_wconf 94' lang='lat' dir='ltr'>et</span> <span class='ocrx_word' id='word_1_308' title='bbox 1210 2147 1332 2189; x_wconf 91' lang='lat' dir='ltr'>quam</span> <span class='ocrx_word' id='word_1_309' title='bbox 1363 2134 1477 2175; x_wconf 87' lang='lat' dir='ltr'>varia</span> <span class='ocrx_word' id='word_1_310' title='bbox 1508 2146 1663 2186; x_wconf 85' lang='lat' dir='ltr'>genera</span> <span class='ocrx_word' id='word_1_311' title='bbox 1693 2131 1883 2181; x_wconf 87' lang='lat' dir='ltr'>dicendi3</span> 
     </span>
     <span class='ocr_line' id='line_1_31' title="bbox 134 2194 1936 2253; baseline -0.004 -14"><span class='ocrx_word' id='word_1_312' title='bbox 134 2197 202 2253; x_wconf 90' lang='lat' dir='ltr'>[et]</span> <span class='ocrx_word' id='word_1_313' title='bbox 236 2198 348 2253; x_wconf 94' lang='lat' dir='ltr'>quod</span> <span class='ocrx_word' id='word_1_314' title='bbox 376 2195 488 2237; x_wconf 92' lang='lat' dir='ltr'>haud</span> <span class='ocrx_word' id='word_1_315' title='bbox 517 2197 666 2244; x_wconf 85' lang='lat' dir='ltr'>sciam,</span> <span class='ocrx_word' id='word_1_316' title='bbox 698 2209 749 2237; x_wconf 90' lang='lat' dir='ltr'>an</span> <span class='ocrx_word' id='word_1_317' title='bbox 779 2201 823 2237; x_wconf 90' lang='lat' dir='ltr'>tu</span> <span class='ocrx_word' id='word_1_318' title='bbox 852 2197 1010 2250; x_wconf 91' lang='lat' dir='ltr'>primus</span> <span class='ocrx_word' id='word_1_319' title='bbox 1041 2198 1297 2245; x_wconf 88' lang='lat' dir='ltr'>ostenderis,</span> <span class='ocrx_word' id='word_1_320' title='bbox 1333 2196 1403 2251; x_wconf 91' lang='lat' dir='ltr'>qui</span> <span class='ocrx_word' id='word_1_321' title='bbox 1433 2197 1590 2237; x_wconf 91' lang='lat' dir='ltr'>iamdiu</span> <span class='ocrx_word' id='word_1_322' title='bbox 1620 2194 1750 2236; x_wconf 87' lang='lat' dir='ltr'>multo</span> <span class='ocrx_word' id='word_1_323' title='bbox 1785 2195 1886 2236; x_wconf 91' lang='lat' dir='ltr'>dicis</span> <span class='ocrx_word' id='word_1_324' title='bbox 1899 2205 1936 2231; x_wconf 78' lang='lat'>³0</span> 
     </span>
     <span class='ocr_line' id='line_1_32' title="bbox 130 2258 1888 2314; baseline -0.003 -12"><span class='ocrx_word' id='word_1_325' title='bbox 130 2259 345 2302; x_wconf 84' lang='lat' dir='ltr'>remissius</span> <span class='ocrx_word' id='word_1_326' title='bbox 376 2264 416 2299; x_wconf 89' lang='lat' dir='ltr'>et</span> <span class='ocrx_word' id='word_1_327' title='bbox 444 2259 596 2305; x_wconf 91' lang='lat' dir='ltr'>lenius,</span> <span class='ocrx_word' id='word_1_328' title='bbox 629 2272 753 2314; x_wconf 91' lang='lat' dir='ltr'>quam</span> <span class='ocrx_word' id='word_1_329' title='bbox 782 2259 966 2310; x_wconf 91' lang='lat' dir='ltr'>solebas;</span> <span class='ocrx_word' id='word_1_330' title='bbox 1002 2273 1139 2314; x_wconf 88' lang='lat' dir='ltr'>neque</span> <span class='ocrx_word' id='word_1_331' title='bbox 1168 2259 1303 2300; x_wconf 91' lang='lat' dir='ltr'>minus</span> <span class='ocrx_word' id='word_1_332' title='bbox 1333 2259 1435 2300; x_wconf 86' lang='lat' dir='ltr'>haec</span> <span class='ocrx_word' id='word_1_333' title='bbox 1465 2264 1601 2299; x_wconf 90' lang='lat' dir='ltr'>tamen</span> <span class='ocrx_word' id='word_1_334' title='bbox 1632 2263 1700 2297; x_wconf 89' lang='lat' dir='ltr'>tua</span> <span class='ocrx_word' id='word_1_335' title='bbox 1731 2258 1888 2311; x_wconf 86' lang='lat' dir='ltr'>gravis—</span> 
     </span>
     <span class='ocr_line' id='line_1_33' title="bbox 131 2318 1888 2375; baseline -0.003 -11"><span class='ocrx_word' id='word_1_336' title='bbox 131 2322 224 2364; x_wconf 90' lang='lat' dir='ltr'>simi</span> <span class='ocrx_word' id='word_1_337' title='bbox 255 2321 457 2364; x_wconf 90' lang='lat' dir='ltr'>sermonis</span> <span class='ocrx_word' id='word_1_338' title='bbox 487 2320 633 2362; x_wconf 91' lang='lat' dir='ltr'>lenitas</span> <span class='ocrx_word' id='word_1_339' title='bbox 663 2334 786 2375; x_wconf 91' lang='lat' dir='ltr'>quam</span> <span class='ocrx_word' id='word_1_340' title='bbox 815 2322 886 2362; x_wconf 92' lang='lat' dir='ltr'>illa</span> <span class='ocrx_word' id='word_1_341' title='bbox 915 2335 1075 2364; x_wconf 89' lang='lat' dir='ltr'>summa</span> <span class='ocrx_word' id='word_1_342' title='bbox 1104 2321 1166 2363; x_wconf 90' lang='lat' dir='ltr'>vis</span> <span class='ocrx_word' id='word_1_343' title='bbox 1197 2326 1238 2362; x_wconf 89' lang='lat' dir='ltr'>et</span> <span class='ocrx_word' id='word_1_344' title='bbox 1269 2322 1479 2362; x_wconf 89' lang='lat' dir='ltr'>contentio</span> <span class='ocrx_word' id='word_1_345' title='bbox 1517 2322 1744 2375; x_wconf 88' lang='lat' dir='ltr'>probatur;</span> <span class='ocrx_word' id='word_1_346' title='bbox 1785 2318 1888 2360; x_wconf 91' lang='lat' dir='ltr'>mul-</span> 
     </span>
     <span class='ocr_line' id='line_1_34' title="bbox 131 2380 1885 2440; baseline -0.003 -13"><span class='ocrx_word' id='word_1_347' title='bbox 131 2385 245 2440; x_wconf 84' lang='lat' dir='ltr'>tique</span> <span class='ocrx_word' id='word_1_348' title='bbox 281 2388 470 2426; x_wconf 81' lang='lat' dir='ltr'>oratores</span> <span class='ocrx_word' id='word_1_349' title='bbox 507 2381 695 2431; x_wconf 82' lang='lat' dir='ltr'>fuerunt,</span> <span class='ocrx_word' id='word_1_350' title='bbox 740 2388 786 2425; x_wconf 91' lang='lat' dir='ltr'>ut</span> <span class='ocrx_word' id='word_1_351' title='bbox 823 2383 937 2425; x_wconf 91' lang='lat' dir='ltr'>illum</span> <span class='ocrx_word' id='word_1_352' title='bbox 979 2385 1216 2438; x_wconf 85' lang='lat' dir='ltr'>Scipionem</span> <span class='ocrx_word' id='word_1_353' title='bbox 1256 2383 1444 2424; x_wconf 90' lang='lat' dir='ltr'>audimus</span> <span class='ocrx_word' id='word_1_354' title='bbox 1484 2389 1525 2424; x_wconf 90' lang='lat' dir='ltr'>et</span> <span class='ocrx_word' id='word_1_355' title='bbox 1554 2384 1766 2431; x_wconf 91' lang='lat' dir='ltr'>Laelium,</span> <span class='ocrx_word' id='word_1_356' title='bbox 1815 2380 1885 2437; x_wconf 92' lang='lat' dir='ltr'>qui</span> 
     </span>
     <span class='ocr_line' id='line_1_35' title="bbox 132 2443 1882 2501; baseline -0.002 -13"><span class='ocrx_word' id='word_1_357' title='bbox 132 2447 270 2488; x_wconf 89' lang='lat' dir='ltr'>omnia</span> <span class='ocrx_word' id='word_1_358' title='bbox 299 2458 490 2487; x_wconf 87' lang='lat' dir='ltr'>sermone</span> <span class='ocrx_word' id='word_1_359' title='bbox 524 2444 773 2487; x_wconf 88' lang='lat' dir='ltr'>conficerent</span> <span class='ocrx_word' id='word_1_360' title='bbox 801 2446 940 2501; x_wconf 89' lang='lat' dir='ltr'>paullo</span> <span class='ocrx_word' id='word_1_361' title='bbox 969 2446 1220 2494; x_wconf 88' lang='lat' dir='ltr'>intentiore,</span> <span class='ocrx_word' id='word_1_362' title='bbox 1261 2459 1498 2500; x_wconf 90' lang='lat' dir='ltr'>nunquam,</span> <span class='ocrx_word' id='word_1_363' title='bbox 1538 2450 1584 2486; x_wconf 87' lang='lat' dir='ltr'>ut</span> <span class='ocrx_word' id='word_1_364' title='bbox 1615 2447 1704 2486; x_wconf 88' lang='lat' dir='ltr'>Ser.</span> <span class='ocrx_word' id='word_1_365' title='bbox 1740 2443 1882 2492; x_wconf 89' lang='lat' dir='ltr'>Galba,</span> 
     </span>
     <span class='ocr_line' id='line_1_36' title="bbox 130 2507 1936 2561; baseline -0.003 -10"><span class='ocrx_word' id='word_1_366' title='bbox 130 2509 333 2551; x_wconf 91' lang='lat' dir='ltr'>lateribus</span> <span class='ocrx_word' id='word_1_367' title='bbox 363 2512 434 2549; x_wconf 87' lang='lat' dir='ltr'>aut</span> <span class='ocrx_word' id='word_1_368' title='bbox 463 2508 642 2549; x_wconf 88' lang='lat' dir='ltr'>clamore</span> <span class='ocrx_word' id='word_1_369' title='bbox 672 2510 985 2550; x_wconf 85' lang='lat' dir='ltr'>contenderent.</span> <span class='ocrx_word' id='word_1_370' title='bbox 1048 2508 1208 2559; x_wconf 87' lang='lat' dir='ltr'>Quodsi</span> <span class='ocrx_word' id='word_1_371' title='bbox 1238 2507 1319 2549; x_wconf 84' lang='lat' dir='ltr'>iam</span> <span class='ocrx_word' id='word_1_372' title='bbox 1350 2511 1430 2550; x_wconf 91' lang='lat' dir='ltr'>hoc</span> <span class='ocrx_word' id='word_1_373' title='bbox 1459 2507 1595 2549; x_wconf 87' lang='lat' dir='ltr'>facere</span> <span class='ocrx_word' id='word_1_374' title='bbox 1626 2520 1709 2548; x_wconf 92' lang='lat' dir='ltr'>non</span> <span class='ocrx_word' id='word_1_375' title='bbox 1729 2507 1883 2561; x_wconf 89' lang='lat' dir='ltr'>poteris</span> <span class='ocrx_word' id='word_1_376' title='bbox 1898 2518 1936 2546; x_wconf 78' lang='lat'>³5</span> 
     </span>
     <span class='ocr_line' id='line_1_37' title="bbox 133 2569 1884 2623; baseline -0.003 -9"><span class='ocrx_word' id='word_1_377' title='bbox 133 2577 204 2614; x_wconf 86' lang='lat' dir='ltr'>aut</span> <span class='ocrx_word' id='word_1_378' title='bbox 230 2573 374 2620; x_wconf 89' lang='lat' dir='ltr'>noles,</span> <span class='ocrx_word' id='word_1_379' title='bbox 415 2570 598 2617; x_wconf 88' lang='lat' dir='ltr'>vereris,</span> <span class='ocrx_word' id='word_1_380' title='bbox 638 2584 689 2612; x_wconf 92' lang='lat' dir='ltr'>ne</span> <span class='ocrx_word' id='word_1_381' title='bbox 719 2575 789 2613; x_wconf 89' lang='lat' dir='ltr'>tua</span> <span class='ocrx_word' id='word_1_382' title='bbox 819 2573 992 2620; x_wconf 89' lang='lat' dir='ltr'>domus,</span> <span class='ocrx_word' id='word_1_383' title='bbox 1030 2572 1122 2612; x_wconf 90' lang='lat' dir='ltr'>talis</span> <span class='ocrx_word' id='word_1_384' title='bbox 1154 2575 1196 2611; x_wconf 90' lang='lat' dir='ltr'>et</span> <span class='ocrx_word' id='word_1_385' title='bbox 1223 2570 1301 2611; x_wconf 92' lang='lat' dir='ltr'>viri</span> <span class='ocrx_word' id='word_1_386' title='bbox 1331 2576 1371 2612; x_wconf 90' lang='lat' dir='ltr'>et</span> <span class='ocrx_word' id='word_1_387' title='bbox 1401 2571 1526 2619; x_wconf 90' lang='lat' dir='ltr'>civis,</span> <span class='ocrx_word' id='word_1_388' title='bbox 1569 2571 1602 2611; x_wconf 94' lang='lat' dir='ltr'>si</span> <span class='ocrx_word' id='word_1_389' title='bbox 1639 2584 1661 2611; x_wconf 89' lang='lat' dir='ltr'>a</span> <span class='ocrx_word' id='word_1_390' title='bbox 1696 2569 1884 2623; x_wconf 88' lang='lat' dir='ltr'>litigiosis</span> 
     </span>
     <span class='ocr_line' id='line_1_38' title="bbox 132 2632 1884 2688; baseline -0.002 -12"><span class='ocrx_word' id='word_1_391' title='bbox 132 2633 372 2676; x_wconf 90' lang='lat' dir='ltr'>hominibus</span> <span class='ocrx_word' id='word_1_392' title='bbox 401 2646 486 2675; x_wconf 91' lang='lat' dir='ltr'>non</span> <span class='ocrx_word' id='word_1_393' title='bbox 517 2634 697 2682; x_wconf 87' lang='lat' dir='ltr'>colatur,</span> <span class='ocrx_word' id='word_1_394' title='bbox 730 2647 754 2675; x_wconf 88' lang='lat' dir='ltr'>a</span> <span class='ocrx_word' id='word_1_395' title='bbox 783 2634 931 2675; x_wconf 89' lang='lat' dir='ltr'>ceteris</span> <span class='ocrx_word' id='word_1_396' title='bbox 962 2634 1203 2674; x_wconf 73' lang='lat' dir='ltr'>deseratur?</span> <span class='ocrx_word' id='word_1_397' title='bbox 1238 2632 1442 2688; x_wconf 89' lang='lat' dir='ltr'>Equidem</span> <span class='ocrx_word' id='word_1_398' title='bbox 1473 2638 1628 2674; x_wconf 90' lang='lat' dir='ltr'>tantum</span> <span class='ocrx_word' id='word_1_399' title='bbox 1660 2633 1802 2673; x_wconf 92' lang='lat' dir='ltr'>absum</span> <span class='ocrx_word' id='word_1_400' title='bbox 1834 2633 1884 2671; x_wconf 88' lang='lat' dir='ltr'>ab</span> 
     </span>
     <span class='ocr_line' id='line_1_39' title="bbox 133 2693 1882 2745; baseline -0.003 -7"><span class='ocrx_word' id='word_1_401' title='bbox 133 2695 211 2738; x_wconf 82' lang='lat' dir='ltr'>ista</span> <span class='ocrx_word' id='word_1_402' title='bbox 240 2698 464 2745; x_wconf 89' lang='lat' dir='ltr'>sententia,</span> <span class='ocrx_word' id='word_1_403' title='bbox 496 2701 542 2737; x_wconf 91' lang='lat' dir='ltr'>ut</span> <span class='ocrx_word' id='word_1_404' title='bbox 570 2710 654 2738; x_wconf 91' lang='lat' dir='ltr'>non</span> <span class='ocrx_word' id='word_1_405' title='bbox 686 2695 809 2738; x_wconf 92' lang='lat' dir='ltr'>modo</span> <span class='ocrx_word' id='word_1_406' title='bbox 840 2710 924 2738; x_wconf 92' lang='lat' dir='ltr'>non</span> <span class='ocrx_word' id='word_1_407' title='bbox 951 2693 1128 2737; x_wconf 88' lang='lat' dir='ltr'>arbitrer</span> <span class='ocrx_word' id='word_1_408' title='bbox 1157 2693 1388 2737; x_wconf 87' lang='lat' dir='ltr'>subsidium</span> <span class='ocrx_word' id='word_1_409' title='bbox 1418 2694 1639 2736; x_wconf 88' lang='lat' dir='ltr'>senectutis</span> <span class='ocrx_word' id='word_1_410' title='bbox 1661 2694 1701 2735; x_wconf 94' lang='lat' dir='ltr'>in</span> <span class='ocrx_word' id='word_1_411' title='bbox 1723 2706 1882 2740; x_wconf 90' lang='lat' dir='ltr'>eorum,</span> 
     </span>
    </p>
   </div>
   <div class='ocr_carea' id='block_1_3' title="bbox 133 2844 1887 3393">
    <p class='ocr_par' dir='ltr' id='par_1_3' title="bbox 133 2844 1887 3393">
     <span class='ocr_line' id='line_1_40' title="bbox 227 2844 1883 2888; baseline -0.002 -11"><span class='ocrx_word' id='word_1_412' title='bbox 227 2846 261 2878; x_wconf 86' lang='lat'>1.</span> <span class='ocrx_word' id='word_1_413' title='bbox 288 2846 442 2878; x_wconf 69' lang='lat' dir='ltr'>excitant</span> <span class='ocrx_word' id='word_1_414' title='bbox 467 2855 535 2879; x_wconf 89' lang='lat' dir='ltr'>om.</span> <span class='ocrx_word' id='word_1_415' title='bbox 563 2847 603 2880; x_wconf 91' lang='lat' dir='ltr'>B.</span> <span class='ocrx_word' id='word_1_416' title='bbox 632 2863 672 2870; x_wconf 91' lang='lat'>—</span> <span class='ocrx_word' id='word_1_417' title='bbox 701 2855 838 2888; x_wconf 85' lang='lat' dir='ltr'>eamque</span> <span class='ocrx_word' id='word_1_418' title='bbox 862 2846 903 2879; x_wconf 90' lang='lat' dir='ltr'>B.</span> <span class='ocrx_word' id='word_1_419' title='bbox 929 2864 974 2868; x_wconf 98' lang='lat'><strong>—</strong></span> <span class='ocrx_word' id='word_1_420' title='bbox 999 2845 1032 2878; x_wconf 90' lang='lat'>3.</span> <span class='ocrx_word' id='word_1_421' title='bbox 1058 2846 1217 2878; x_wconf 80' lang='lat' dir='ltr'>volumus</span> <span class='ocrx_word' id='word_1_422' title='bbox 1241 2846 1284 2878; x_wconf 85' lang='lat' dir='ltr'>R.</span> <span class='ocrx_word' id='word_1_423' title='bbox 1311 2861 1349 2870; x_wconf 91' lang='lat'>—</span> <span class='ocrx_word' id='word_1_424' title='bbox 1373 2845 1407 2877; x_wconf 64' lang='grc'><strong>4.</strong></span> <span class='ocrx_word' id='word_1_425' title='bbox 1435 2844 1756 2877; x_wconf 80' lang='lat' dir='ltr'>condemnabuntur</span> <span class='ocrx_word' id='word_1_426' title='bbox 1783 2844 1823 2876; x_wconf 85' lang='lat' dir='ltr'>R.</span> <span class='ocrx_word' id='word_1_427' title='bbox 1844 2859 1883 2866; x_wconf 98' lang='lat'><strong>—</strong></span> 
     </span>
     <span class='ocr_line' id='line_1_41' title="bbox 133 2891 1883 2934; baseline -0.002 -9"><span class='ocrx_word' id='word_1_428' title='bbox 133 2893 336 2934; x_wconf 79' lang='lat' dir='ltr'>recipiemus</span> <span class='ocrx_word' id='word_1_429' title='bbox 359 2893 400 2924; x_wconf 88' lang='lat' dir='ltr'>R.</span> <span class='ocrx_word' id='word_1_430' title='bbox 432 2909 468 2915; x_wconf 91' lang='lat'>—</span> <span class='ocrx_word' id='word_1_431' title='bbox 497 2895 531 2926; x_wconf 88' lang='lat'>5.</span> <span class='ocrx_word' id='word_1_432' title='bbox 555 2894 808 2933; x_wconf 78' lang='lat' dir='ltr'>praescribitur</span> <span class='ocrx_word' id='word_1_433' title='bbox 831 2893 892 2934; x_wconf 87' lang='lat' dir='ltr'>Lg.</span> <span class='ocrx_word' id='word_1_434' title='bbox 920 2893 954 2926; x_wconf 94' lang='grc'>6.</span> <span class='ocrx_word' id='word_1_435' title='bbox 983 2894 1038 2926; x_wconf 65' lang='grc'><strong>14.</strong></span> <span class='ocrx_word' id='word_1_436' title='bbox 1068 2897 1101 2925; x_wconf 88' lang='lat' dir='ltr'>et</span> <span class='ocrx_word' id='word_1_437' title='bbox 1127 2900 1215 2925; x_wconf 87' lang='lat' dir='ltr'>corr.</span> <span class='ocrx_word' id='word_1_438' title='bbox 1242 2893 1324 2925; x_wconf 86' lang='lat'>81.:</span> <span class='ocrx_word' id='word_1_439' title='bbox 1349 2891 1577 2933; x_wconf 78' lang='lat' dir='ltr'>perscribitur</span> <span class='ocrx_word' id='word_1_440' title='bbox 1601 2891 1702 2922; x_wconf 86' lang='lat' dir='ltr'>BRE.</span> <span class='ocrx_word' id='word_1_441' title='bbox 1732 2891 1788 2928; x_wconf 79' lang='lat' dir='ltr'>(Ut</span> <span class='ocrx_word' id='word_1_442' title='bbox 1807 2899 1883 2929; x_wconf 90' lang='lat' dir='ltr'>nos,</span> 
     </span>
     <span class='ocr_line' id='line_1_42' title="bbox 135 2937 1882 2980; baseline -0.002 -8"><span class='ocrx_word' id='word_1_443' title='bbox 135 2942 203 2972; x_wconf 81' lang='lat' dir='ltr'>iam</span> <span class='ocrx_word' id='word_1_444' title='bbox 229 2940 408 2972; x_wconf 81' lang='lat' dir='ltr'>Manutius</span> <span class='ocrx_word' id='word_1_445' title='bbox 436 2944 470 2972; x_wconf 86' lang='lat' dir='ltr'>et</span> <span class='ocrx_word' id='word_1_446' title='bbox 493 2939 711 2980; x_wconf 86' lang='lat' dir='ltr'>Lambinus.)</span> <span class='ocrx_word' id='word_1_447' title='bbox 755 2958 792 2963; x_wconf 91' lang='lat'><strong>—</strong></span> <span class='ocrx_word' id='word_1_448' title='bbox 833 2944 896 2972; x_wconf 86' lang='lat' dir='ltr'>aut</span> <span class='ocrx_word' id='word_1_449' title='bbox 918 2941 956 2971; x_wconf 83' lang='lat' dir='ltr'>in</span> <span class='ocrx_word' id='word_1_450' title='bbox 981 2941 1142 2972; x_wconf 79' lang='lat' dir='ltr'>unionem</span> <span class='ocrx_word' id='word_1_451' title='bbox 1167 2940 1220 2977; x_wconf 84' lang='lat' dir='ltr'>R,</span> <span class='ocrx_word' id='word_1_452' title='bbox 1259 2944 1321 2972; x_wconf 83' lang='lat' dir='ltr'>aut</span> <span class='ocrx_word' id='word_1_453' title='bbox 1349 2940 1503 2970; x_wconf 78' lang='lat' dir='ltr'>namium</span> <span class='ocrx_word' id='word_1_454' title='bbox 1535 2937 1659 2968; x_wconf 81' lang='lat' dir='ltr'>Nescio</span> <span class='ocrx_word' id='word_1_455' title='bbox 1696 2940 1754 2976; x_wconf 88' lang='lat' dir='ltr'>qui</span> <span class='ocrx_word' id='word_1_456' title='bbox 1790 2937 1882 2977; x_wconf 89' lang='lat' dir='ltr'>apud</span> 
     </span>
     <span class='ocr_line' id='line_1_43' title="bbox 134 2983 1885 3022; baseline -0.002 -3"><span class='ocrx_word' id='word_1_457' title='bbox 134 2987 256 3019; x_wconf 80' lang='lat' dir='ltr'>Lemb.</span> <span class='ocrx_word' id='word_1_458' title='bbox 307 2985 433 3018; x_wconf 89' lang='lat' dir='ltr'>Melius</span> <span class='ocrx_word' id='word_1_459' title='bbox 460 2986 590 3019; x_wconf 87' lang='lat' dir='ltr'>Censor</span> <span class='ocrx_word' id='word_1_460' title='bbox 617 2987 774 3020; x_wconf 74' lang='lat' dir='ltr'>lenensis</span> <span class='ocrx_word' id='word_1_461' title='bbox 799 2990 860 3018; x_wconf 84' lang='lat' dir='ltr'>aut</span> <span class='ocrx_word' id='word_1_462' title='bbox 884 2995 1037 3018; x_wconf 77' lang='lat' dir='ltr'>nemum.</span> <span class='ocrx_word' id='word_1_463' title='bbox 1073 2986 1142 3017; x_wconf 85' lang='lat' dir='ltr'>Crr.</span> <span class='ocrx_word' id='word_1_464' title='bbox 1170 2986 1312 3018; x_wconf 86' lang='lat' dir='ltr'>Photius</span> <span class='ocrx_word' id='word_1_465' title='bbox 1339 2986 1426 3017; x_wconf 81' lang='lat' dir='ltr'>Bibl.</span> <span class='ocrx_word' id='word_1_466' title='bbox 1466 2992 1499 3022; x_wconf 83' lang='lat' dir='ltr'>p.</span> <span class='ocrx_word' id='word_1_467' title='bbox 1538 2984 1617 3015; x_wconf 83' lang='grc'><strong>320,</strong></span> <span class='ocrx_word' id='word_1_468' title='bbox 1644 2983 1678 3014; x_wconf 91' lang='lat' dir='ltr'>b.</span> <span class='ocrx_word' id='word_1_469' title='bbox 1707 2984 1814 3016; x_wconf 83' lang='lat' dir='ltr'>Bekk.</span> <span class='ocrx_word' id='word_1_470' title='bbox 1841 3001 1885 3006; x_wconf 89' lang='lat'>—</span> 
     </span>
     <span class='ocr_line' id='line_1_44' title="bbox 134 3030 1887 3074; baseline -0.002 -8"><span class='ocrx_word' id='word_1_471' title='bbox 134 3034 168 3066; x_wconf 88' lang='lat'>7.</span> <span class='ocrx_word' id='word_1_472' title='bbox 196 3031 250 3073; x_wconf 89' lang='lat' dir='ltr'>ae]</span> <span class='ocrx_word' id='word_1_473' title='bbox 279 3037 315 3064; x_wconf 87' lang='lat' dir='ltr'>at</span> <span class='ocrx_word' id='word_1_474' title='bbox 342 3033 384 3063; x_wconf 90' lang='lat' dir='ltr'>R.</span> <span class='ocrx_word' id='word_1_475' title='bbox 412 3049 456 3054; x_wconf 90' lang='lat'><strong>—</strong></span> <span class='ocrx_word' id='word_1_476' title='bbox 480 3033 514 3066; x_wconf 84' lang='grc'><strong>9.</strong></span> <span class='ocrx_word' id='word_1_477' title='bbox 542 3035 694 3073; x_wconf 73' lang='lat' dir='ltr'>spatium</span> <span class='ocrx_word' id='word_1_478' title='bbox 720 3035 763 3066; x_wconf 85' lang='lat' dir='ltr'>R.</span> <span class='ocrx_word' id='word_1_479' title='bbox 793 3050 829 3056; x_wconf 90' lang='lat'>—</span> <span class='ocrx_word' id='word_1_480' title='bbox 859 3034 915 3064; x_wconf 83' lang='grc'><strong>12.</strong></span> <span class='ocrx_word' id='word_1_481' title='bbox 945 3034 1103 3065; x_wconf 80' lang='lat' dir='ltr'>alicunde</span> <span class='ocrx_word' id='word_1_482' title='bbox 1128 3033 1170 3064; x_wconf 88' lang='lat' dir='ltr'>R.</span> <span class='ocrx_word' id='word_1_483' title='bbox 1200 3049 1239 3056; x_wconf 95' lang='lat'>—</span> <span class='ocrx_word' id='word_1_484' title='bbox 1266 3038 1499 3074; x_wconf 81' lang='lat' dir='ltr'>quamcunque</span> <span class='ocrx_word' id='word_1_485' title='bbox 1525 3031 1562 3061; x_wconf 89' lang='lat' dir='ltr'>B.</span> <span class='ocrx_word' id='word_1_486' title='bbox 1591 3046 1632 3053; x_wconf 89' lang='lat'>—</span> <span class='ocrx_word' id='word_1_487' title='bbox 1667 3030 1723 3062; x_wconf 81' lang='lat'>15.</span> <span class='ocrx_word' id='word_1_488' title='bbox 1748 3031 1887 3070; x_wconf 79' lang='lat' dir='ltr'>peritis-</span> 
     </span>
     <span class='ocr_line' id='line_1_45' title="bbox 135 3076 1887 3120; baseline -0.002 -8"><span class='ocrx_word' id='word_1_489' title='bbox 135 3082 215 3112; x_wconf 78' lang='lat' dir='ltr'>simi</span> <span class='ocrx_word' id='word_1_490' title='bbox 239 3088 316 3111; x_wconf 91' lang='lat' dir='ltr'>cum</span> <span class='ocrx_word' id='word_1_491' title='bbox 343 3079 438 3111; x_wconf 84' lang='lat' dir='ltr'>libris</span> <span class='ocrx_word' id='word_1_492' title='bbox 465 3082 624 3112; x_wconf 85' lang='lat' dir='ltr'>omnibus</span> <span class='ocrx_word' id='word_1_493' title='bbox 652 3079 771 3120; x_wconf 86' lang='lat' dir='ltr'>(etiam</span> <span class='ocrx_word' id='word_1_494' title='bbox 798 3079 838 3119; x_wconf 92' lang='lat' dir='ltr'>B)</span> <span class='ocrx_word' id='word_1_495' title='bbox 865 3081 914 3112; x_wconf 88' lang='lat' dir='ltr'>R:</span> <span class='ocrx_word' id='word_1_496' title='bbox 951 3081 1203 3120; x_wconf 77' lang='lat' dir='ltr'>imperitissimi</span> <span class='ocrx_word' id='word_1_497' title='bbox 1228 3086 1368 3111; x_wconf 80' lang='lat' dir='ltr'>auctore</span> <span class='ocrx_word' id='word_1_498' title='bbox 1394 3077 1560 3108; x_wconf 85' lang='lat' dir='ltr'>Lambino</span> <span class='ocrx_word' id='word_1_499' title='bbox 1587 3076 1627 3108; x_wconf 89' lang='lat' dir='ltr'>E.</span> <span class='ocrx_word' id='word_1_500' title='bbox 1672 3093 1708 3100; x_wconf 89' lang='lat'>—</span> <span class='ocrx_word' id='word_1_501' title='bbox 1747 3086 1801 3108; x_wconf 78' lang='lat' dir='ltr'>eos</span> <span class='ocrx_word' id='word_1_502' title='bbox 1826 3078 1887 3118; x_wconf 84' lang='lat' dir='ltr'>qui</span> 
     </span>
     <span class='ocr_line' id='line_1_46' title="bbox 134 3122 1886 3166; baseline -0.003 -6"><span class='ocrx_word' id='word_1_503' title='bbox 134 3128 296 3161; x_wconf 77' lang='lat' dir='ltr'>Manutio</span> <span class='ocrx_word' id='word_1_504' title='bbox 322 3129 465 3158; x_wconf 83' lang='lat' dir='ltr'>auctore</span> <span class='ocrx_word' id='word_1_505' title='bbox 494 3127 536 3158; x_wconf 91' lang='lat' dir='ltr'>T.</span> <span class='ocrx_word' id='word_1_506' title='bbox 585 3127 629 3159; x_wconf 80' lang='lat' dir='ltr'>Ut</span> <span class='ocrx_word' id='word_1_507' title='bbox 654 3135 736 3166; x_wconf 88' lang='lat' dir='ltr'>nos,</span> <span class='ocrx_word' id='word_1_508' title='bbox 772 3127 848 3159; x_wconf 88' lang='lat' dir='ltr'>libri</span> <span class='ocrx_word' id='word_1_509' title='bbox 875 3129 945 3158; x_wconf 84' lang='lat' dir='ltr'>noti</span> <span class='ocrx_word' id='word_1_510' title='bbox 962 3151 970 3165; x_wconf 93' lang='lat'>,</span> <span class='ocrx_word' id='word_1_511' title='bbox 1006 3127 1078 3158; x_wconf 82' lang='lat' dir='ltr'>RE.</span> <span class='ocrx_word' id='word_1_512' title='bbox 1130 3125 1198 3157; x_wconf 90' lang='lat' dir='ltr'>Sed</span> <span class='ocrx_word' id='word_1_513' title='bbox 1224 3129 1255 3157; x_wconf 84' lang='lat' dir='ltr'>et</span> <span class='ocrx_word' id='word_1_514' title='bbox 1281 3134 1341 3157; x_wconf 91' lang='lat' dir='ltr'>nos</span> <span class='ocrx_word' id='word_1_515' title='bbox 1367 3124 1596 3159; x_wconf 77' lang='lat' dir='ltr'>seclusimus:</span> <span class='ocrx_word' id='word_1_516' title='bbox 1637 3122 1775 3154; x_wconf 88' lang='lat' dir='ltr'>Ellendt</span> <span class='ocrx_word' id='word_1_517' title='bbox 1801 3124 1886 3156; x_wconf 82' lang='lat' dir='ltr'>haec</span> 
     </span>
     <span class='ocr_line' id='line_1_47' title="bbox 137 3170 1887 3211; baseline -0.002 -6"><span class='ocrx_word' id='word_1_518' title='bbox 137 3175 252 3205; x_wconf 77' lang='lat' dir='ltr'>omniu</span> <span class='ocrx_word' id='word_1_519' title='bbox 277 3183 353 3205; x_wconf 85' lang='lat' dir='ltr'>cum</span> <span class='ocrx_word' id='word_1_520' title='bbox 377 3173 445 3211; x_wconf 78' lang='lat' dir='ltr'>ipsi</span> <span class='ocrx_word' id='word_1_521' title='bbox 469 3189 483 3195; x_wconf 97' lang='lat'>-</span> <span class='ocrx_word' id='word_1_522' title='bbox 506 3188 520 3194; x_wconf 90' lang='lat'>-</span> <span class='ocrx_word' id='word_1_523' title='bbox 545 3181 612 3204; x_wconf 82' lang='lat' dir='ltr'>eos.</span> <span class='ocrx_word' id='word_1_524' title='bbox 641 3190 681 3196; x_wconf 93' lang='lat'><em>-</em></span> <span class='ocrx_word' id='word_1_525' title='bbox 724 3174 779 3205; x_wconf 89' lang='lat'>17.</span> <span class='ocrx_word' id='word_1_526' title='bbox 807 3178 905 3205; x_wconf 80' lang='lat' dir='ltr'>recta</span> <span class='ocrx_word' id='word_1_527' title='bbox 929 3174 971 3205; x_wconf 92' lang='lat' dir='ltr'>R.</span> <span class='ocrx_word' id='word_1_528' title='bbox 1004 3189 1039 3195; x_wconf 94' lang='lat'>—</span> <span class='ocrx_word' id='word_1_529' title='bbox 1082 3171 1139 3204; x_wconf 82' lang='lat'>19.</span> <span class='ocrx_word' id='word_1_530' title='bbox 1164 3174 1202 3203; x_wconf 76' lang='lat' dir='ltr'>in</span> <span class='ocrx_word' id='word_1_531' title='bbox 1227 3182 1294 3203; x_wconf 91' lang='lat' dir='ltr'>om.</span> <span class='ocrx_word' id='word_1_532' title='bbox 1319 3172 1359 3202; x_wconf 88' lang='lat' dir='ltr'>R.</span> <span class='ocrx_word' id='word_1_533' title='bbox 1386 3186 1430 3193; x_wconf 97' lang='lat'>—</span> <span class='ocrx_word' id='word_1_534' title='bbox 1466 3170 1521 3201; x_wconf 88' lang='grc'><strong>28.</strong></span> <span class='ocrx_word' id='word_1_535' title='bbox 1547 3170 1671 3202; x_wconf 73' lang='lat' dir='ltr'>laxare</span> <span class='ocrx_word' id='word_1_536' title='bbox 1694 3171 1795 3201; x_wconf 83' lang='lat' dir='ltr'>modo</span> <span class='ocrx_word' id='word_1_537' title='bbox 1827 3170 1887 3202; x_wconf 84' lang='lat' dir='ltr'>sed</span> 
     </span>
     <span class='ocr_line' id='line_1_48' title="bbox 137 3215 1884 3261; baseline -0.002 -10"><span class='ocrx_word' id='word_1_538' title='bbox 137 3224 209 3252; x_wconf 80' lang='lat' dir='ltr'>toto</span> <span class='ocrx_word' id='word_1_539' title='bbox 235 3221 346 3252; x_wconf 78' lang='lat' dir='ltr'>multa</span> <span class='ocrx_word' id='word_1_540' title='bbox 371 3219 451 3259; x_wconf 90' lang='lat' dir='ltr'>(sic)</span> <span class='ocrx_word' id='word_1_541' title='bbox 477 3219 518 3250; x_wconf 87' lang='lat' dir='ltr'>B.</span> <span class='ocrx_word' id='word_1_542' title='bbox 548 3235 587 3242; x_wconf 90' lang='lat'>-</span> <span class='ocrx_word' id='word_1_543' title='bbox 614 3218 670 3251; x_wconf 89' lang='grc'><strong>30.</strong></span> <span class='ocrx_word' id='word_1_544' title='bbox 697 3223 729 3251; x_wconf 81' lang='lat' dir='ltr'>et</span> <span class='ocrx_word' id='word_1_545' title='bbox 753 3218 860 3261; x_wconf 84' lang='lat' dir='ltr'>quod]</span> <span class='ocrx_word' id='word_1_546' title='bbox 886 3220 924 3251; x_wconf 80' lang='lat' dir='ltr'>id</span> <span class='ocrx_word' id='word_1_547' title='bbox 949 3219 1040 3261; x_wconf 82' lang='lat' dir='ltr'>quod</span> <span class='ocrx_word' id='word_1_548' title='bbox 1058 3218 1273 3259; x_wconf 77' lang='lat' dir='ltr'>lieusingero</span> <span class='ocrx_word' id='word_1_549' title='bbox 1299 3221 1437 3249; x_wconf 84' lang='lat' dir='ltr'>auctore</span> <span class='ocrx_word' id='word_1_550' title='bbox 1465 3215 1644 3248; x_wconf 79' lang='lat' dir='ltr'>Schmzius</span> <span class='ocrx_word' id='word_1_551' title='bbox 1661 3239 1669 3253; x_wconf 88' lang='lat'><strong><em>‚</em></strong></span> <span class='ocrx_word' id='word_1_552' title='bbox 1697 3218 1787 3256; x_wconf 86' lang='lat' dir='ltr'>quod</span> <span class='ocrx_word' id='word_1_553' title='bbox 1805 3225 1884 3248; x_wconf 89' lang='lat' dir='ltr'>cum</span> 
     </span>
     <span class='ocr_line' id='line_1_49' title="bbox 136 3263 1886 3304; baseline -0.003 -5"><span class='ocrx_word' id='word_1_554' title='bbox 136 3266 304 3299; x_wconf 81' lang='lat' dir='ltr'>Lambino</span> <span class='ocrx_word' id='word_1_555' title='bbox 330 3266 372 3298; x_wconf 87' lang='grc' dir='ltr'><strong>Τ.</strong></span> <span class='ocrx_word' id='word_1_556' title='bbox 398 3266 467 3298; x_wconf 82' lang='lat' dir='ltr'>Nos</span> <span class='ocrx_word' id='word_1_557' title='bbox 492 3269 524 3297; x_wconf 82' lang='lat' dir='ltr'>et</span> <span class='ocrx_word' id='word_1_558' title='bbox 549 3265 765 3298; x_wconf 87' lang='lat' dir='ltr'>seclusimus.</span> <span class='ocrx_word' id='word_1_559' title='bbox 796 3283 832 3289; x_wconf 88' lang='lat'>—-</span> <span class='ocrx_word' id='word_1_560' title='bbox 860 3267 968 3298; x_wconf 78' lang='lat' dir='ltr'>multo</span> <span class='ocrx_word' id='word_1_561' title='bbox 996 3274 1063 3296; x_wconf 91' lang='lat' dir='ltr'>om.</span> <span class='ocrx_word' id='word_1_562' title='bbox 1091 3265 1132 3296; x_wconf 85' lang='lat' dir='ltr'>R.</span> <span class='ocrx_word' id='word_1_563' title='bbox 1162 3282 1200 3288; x_wconf 92' lang='lat'><strong>—</strong></span> <span class='ocrx_word' id='word_1_564' title='bbox 1228 3266 1283 3296; x_wconf 83' lang='lat'>31.</span> <span class='ocrx_word' id='word_1_565' title='bbox 1310 3264 1415 3294; x_wconf 77' lang='lat' dir='ltr'>levius</span> <span class='ocrx_word' id='word_1_566' title='bbox 1440 3263 1482 3294; x_wconf 89' lang='lat' dir='ltr'>R.</span> <span class='ocrx_word' id='word_1_567' title='bbox 1512 3279 1549 3286; x_wconf 92' lang='lat'><em>-</em></span> <span class='ocrx_word' id='word_1_568' title='bbox 1586 3264 1796 3304; x_wconf 71' lang='lat' dir='ltr'>⁸‹,n·‹1i›issz&#39;ma</span> <span class='ocrx_word' id='word_1_569' title='bbox 1822 3263 1886 3294; x_wconf 89' lang='lat' dir='ltr'>Ba-</span> 
     </span>
     <span class='ocr_line' id='line_1_50' title="bbox 136 3309 1886 3352; baseline -0.001 -7"><span class='ocrx_word' id='word_1_570' title='bbox 136 3314 226 3346; x_wconf 80' lang='lat' dir='ltr'>kius.</span> <span class='ocrx_word' id='word_1_571' title='bbox 253 3327 296 3337; x_wconf 90' lang='lat'><em>-</em></span> <span class='ocrx_word' id='word_1_572' title='bbox 321 3313 377 3345; x_wconf 85' lang='grc'><strong>32.</strong></span> <span class='ocrx_word' id='word_1_573' title='bbox 401 3312 618 3351; x_wconf 82' lang='lat' dir='ltr'>probabatur</span> <span class='ocrx_word' id='word_1_574' title='bbox 643 3313 684 3344; x_wconf 84' lang='lat' dir='ltr'>B.</span> <span class='ocrx_word' id='word_1_575' title='bbox 712 3329 750 3336; x_wconf 91' lang='lat'>-</span> <span class='ocrx_word' id='word_1_576' title='bbox 778 3312 835 3344; x_wconf 87' lang='lat'>33.</span> <span class='ocrx_word' id='word_1_577' title='bbox 863 3314 1060 3345; x_wconf 75' lang='lat' dir='ltr'>audivimus</span> <span class='ocrx_word' id='word_1_578' title='bbox 1084 3312 1126 3345; x_wconf 79' lang='lat' dir='ltr'>R.</span> <span class='ocrx_word' id='word_1_579' title='bbox 1154 3326 1196 3334; x_wconf 94' lang='lat'><strong>—</strong></span> <span class='ocrx_word' id='word_1_580' title='bbox 1229 3311 1286 3343; x_wconf 70' lang='lat'>34.</span> <span class='ocrx_word' id='word_1_581' title='bbox 1314 3310 1501 3342; x_wconf 77' lang='lat' dir='ltr'>intensiore</span> <span class='ocrx_word' id='word_1_582' title='bbox 1525 3309 1565 3341; x_wconf 92' lang='lat' dir='ltr'>B.</span> <span class='ocrx_word' id='word_1_583' title='bbox 1595 3326 1631 3332; x_wconf 98' lang='lat'><strong>—</strong></span> <span class='ocrx_word' id='word_1_584' title='bbox 1674 3309 1812 3352; x_wconf 67' lang='lat' dir='ltr'>Sergius</span> <span class='ocrx_word' id='word_1_585' title='bbox 1839 3311 1886 3343; x_wconf 85' lang='lat' dir='ltr'>R.</span> 
     </span>
     <span class='ocr_line' id='line_1_51' title="bbox 139 3359 547 3393; baseline -0.007 -1"><span class='ocrx_word' id='word_1_586' title='bbox 139 3375 182 3384; x_wconf 91' lang='lat'>-·</span> <span class='ocrx_word' id='word_1_587' title='bbox 207 3359 264 3392; x_wconf 90' lang='grc'><strong>38.</strong></span> <span class='ocrx_word' id='word_1_588' title='bbox 290 3360 484 3393; x_wconf 80' lang='lat' dir='ltr'>arbitrarer</span> <span class='ocrx_word' id='word_1_589' title='bbox 509 3359 547 3390; x_wconf 89' lang='lat' dir='ltr'>B.</span> 
     </span>
    </p>
   </div>
  </div>
 </body>
</html>
