2117 3762
240 271 320 311 306
937 265 1008 305 DE
1039 264 1285 306 ORATORE

238 390 352 425 mus,
390 380 437 417 ut
464 374 585 421 illud,
627 369 787 412 etiamsi
819 372 882 409 est
910 368 1199 418 verissimum,
1237 369 1407 411 tacitum
1440 372 1576 409 tamen
1606 371 1818 421 tamquam
1847 371 2000 421 myste-

237 440 347 481 rium
377 441 564 492 teneant‚
610 433 721 487 quod
760 434 914 483 negant
942 429 1100 470 versari
1130 429 1172 470 in
1201 444 1248 472 re
1278 431 1443 487 publica
1476 443 1566 471 esse
1598 428 1810 484 sapientis.
1870 432 1997 475 Nam,

238 501 272 542 si
302 504 380 542 hoc
409 497 530 540 nobis
561 501 682 549 atque
714 493 872 547 optimo
904 491 1053 546 cuique
1085 494 1391 546 persuaserint,
1433 507 1517 533 non
1547 496 1743 547 poterunt
1771 491 1851 546 ipsi
1881 493 1997 539 esse,

237 563 279 605 id
311 563 422 616 quod
453 560 630 601 maxime
660 555 851 610 cupiunt,
891 553 1030 595 otiosi.
1089 555 1240 595 XVIII.
1289 558 1356 597 65.
1393 557 1554 596 Stoicos
1585 560 1746 602 autem,
1789 567 1894 609 quos
1924 553 2002 594 mi-

207 627 348 667 snime
377 624 592 676 improbo,
642 618 803 660 dimitto
833 622 971 658 tamen
1001 629 1080 657 nec
1112 629 1184 656 eos
1215 617 1343 659 iratos
1373 632 1549 667 vereor,
1601 617 1800 673 quoniam
1831 615 1999 656 omnino

237 689 359 730 irasci
399 684 611 732 nesciunt;
664 688 787 735 atque
829 682 934 721 hanc
973 678 1023 719 iis
1055 679 1192 719 habeo
1224 681 1423 733 gratiam,
1472 682 1583 735 quod
1615 680 1693 720 soli
1725 693 1777 719 ex
1808 676 2001 718 omnibus

237 750 514 806 eloquentiam
544 747 740 787 virtutem
772 758 819 784 ac
851 741 1094 796 sapientiam
1127 754 1217 782 esse
1249 741 1458 784 dixerunt.
1522 742 1602 784 Sed
1633 743 1661 794 ’ὶ-
1684 747 1907 796 utrumque
1940 744 2002 781 est

236 818 276 856 in
308 814 392 861 his,
429 808 542 865 quod
572 811 622 849 ab
653 810 754 856 hoc,
802 819 926 861 quem
956 805 1224 852 instruimus,
1270 811 1437 846 oratore
1470 806 1588 847 valde
1620 805 1862 852 abhorreat;
1912 803 2002 848 vel,

237 874 349 931 quod
380 887 546 921 omnes,
588 872 660 926 qui
691 870 897 925 sapientes
928 881 1011 909 non
1044 868 1147 916 sint,
1181 880 1346 916 servos,
1389 869 1592 917 latrones,
1633 870 1794 915 hostes,
1836 865 2003 906 insanos

185 955 221 979 10
237 951 325 979 esse
356 935 517 984 dicunt,
564 947 701 989 neque
732 939 871 973 tamen
903 944 1154 986 quemquam
1186 945 1278 971 esse
1310 930 1552 984 sapientem.
1611 932 1740 974 Valde
1773 933 1911 970 autem
1943 932 2006 968 est

235 1001 461 1042 absurdum
501 997 539 1038 ei
578 997 817 1037 contionem
854 1000 924 1035 aut
966 1000 1153 1034 senatum
1185 998 1255 1034 aut
1283 993 1415 1034 ullum
1447 999 1611 1034 coetum
1644 993 1859 1034 hominum
1891 1004 2004 1031 com-

234 1065 420 1108 mittere,
461 1059 529 1102 cui
558 1072 682 1100 nemo
714 1057 906 1105 illorum,
948 1057 1018 1112 qui
1049 1057 1202 1103 adsint,
1243 1070 1387 1102 sanus,
1433 1070 1557 1097 nemo
1590 1055 1710 1103 civis,
1743 1069 1867 1096 nemo
1899 1053 2006 1095 liber

235 1140 325 1167 esse
355 1123 561 1165 videatur.
623 1125 692 1163 66.
740 1119 911 1162 Accedit
949 1121 1062 1175 quod
1094 1119 1297 1160 orationis
1330 1120 1452 1160 etiam
1484 1133 1612 1173 genus
1642 1117 1798 1159 habent
1827 1117 2005 1159 sortasse

234 1186 385 1229 subtile
418 1192 458 1227 et
487 1191 600 1227 certe
630 1189 822 1234 acutum;
864 1181 964 1231 sed,
997 1187 1043 1224 ut
1073 1183 1115 1223 in
1147 1187 1338 1230 oratore,
1380 1181 1514 1230 exile,
1548 1180 1812 1230 inusitatum,
1855 1179 2007 1221 abhor-

182 1266 219 1292 15
234 1264 328 1292 rens
359 1247 410 1290 ab
441 1248 614 1290 auribus
644 1247 778 1301 vulgi,
809 1248 1059 1293 obscurum,
1093 1247 1239 1293 inane,
1271 1246 1480 1293 ieiunum,
1514 1244 1543 1296 ·1·
1575 1249 1754 1285 attamen
1785 1242 2005 1290 eiusmodi,

234 1328 316 1370 quo
346 1314 407 1354 uti
438 1314 489 1353 ad
518 1313 668 1365 vulgus
699 1309 814 1351 nullo
846 1308 974 1350 modo
1004 1309 1148 1363 possit.
1208 1308 1298 1349 Alia
1330 1307 1439 1349 enim
1471 1312 1512 1348 et
1542 1309 1650 1348 bona
1673 1312 1712 1348 et
1734 1306 1841 1347 mala
1863 1305 2008 1347 viden-

234 1384 301 1419 tur
333 1375 480 1418 Stoicis
512 1379 553 1415 et
583 1374 732 1415 ceteris
764 1372 926 1413 civibus
956 1370 1023 1412 vel
1054 1370 1193 1425 potius
1223 1372 1439 1424 gentibus3
1472 1370 1551 1411 alia
1581 1371 1643 1411 vis
1665 1369 1856 1418 honoris,
1890 1368 2008 1421 igno-

234 1439 407 1487 miniae,
439 1438 633 1492 praemii,
667 1434 877 1491 supplicii;
925 1447 1024 1475 vere
1055 1447 1107 1474 an
1138 1447 1257 1474 secus
1288 1434 1392 1474 nihil
1423 1432 1475 1474 ad
1505 1434 1586 1474 hoc
1618 1437 1806 1487 tempus3
1856 1432 1927 1472 sed
1959 1444 2008 1471 ea

235 1503 268 1544 si
300 1516 543 1557 sequamur,
589 1499 742 1541 nullam
771 1510 954 1552 unquam
984 1510 1073 1537 rem
1105 1494 1281 1537 dicendo
1315 1495 1514 1550 expedire
1545 1494 1766 1550 possimus.
1825 1496 1893 1535 67.
1927 1495 2008 1533 Re-

184 1565 339 1621 2oliqui
368 1569 462 1606 sunt
490 1561 755 1615 Peripatetici
794 1566 834 1601 et
869 1558 1131 1608 Academici;
1183 1573 1434 1614 quamquam
1473 1559 1817 1601 Academicorum
1856 1569 2009 1598 nomen

236 1635 299 1670 est
327 1641 478 1674 unum,
511 1624 738 1667 sententiae
770 1622 890 1664 duae.
952 1624 1055 1662 Nam
1090 1623 1366 1678 Speusippus,
1399 1624 1580 1664 Platonis
1611 1622 1769 1663 sororis
1801 1619 1934 1669 filius,
1969 1623 2010 1659 et

233 1694 514 1737 Xenocrates,
547 1689 618 1743 qui
649 1686 865 1727 Platonem
897 1684 1087 1726 audierat
1108 1692 1147 1727 et
1179 1686 1250 1741 qui
1271 1688 1576 1734 Xenocratem,
1608 1684 1778 1727 Polemo
1814 1688 1854 1725 et
1884 1683 2010 1724 Cran-

234 1759 303 1794 tor
332 1752 433 1794 nihil
463 1753 515 1792 ab
547 1748 789 1798 Aristotele,
822 1747 894 1803 qui
923 1762 1004 1789 una
1035 1747 1222 1789 audierat
1252 1749 1485 1797 Platonem,
1518 1762 1670 1802 magno
1702 1761 1830 1802 opere
1852 1746 2009 1788 dissen-

236 1817 304 1866 sit;
357 1815 478 1871 copia
521 1812 698 1854 fortasse
737 1817 777 1853 et
814 1811 1014 1853 varietate
1060 1810 1223 1852 dicendi
1269 1825 1388 1866 pares
1434 1826 1517 1853 non
1561 1811 1744 1853 suerunt.
1803 1809 2009 1852 Arcesilas

185 1880 436 1935 25primum,
469 1877 541 1932 qui
570 1877 842 1917 Polemonem
873 1873 1081 1922 audierat,
1125 1889 1177 1915 ex
1209 1875 1335 1916 variis
1366 1876 1548 1916 Platonis
1579 1873 1696 1916 libris
1726 1874 2010 1915 sermonibus—

238 1955 319 1996 que
351 1940 571 1981 Socraticis
600 1940 682 1979 hoc
713 1939 894 1978 maxime
926 1938 1120 1992 arripuit,
1163 1936 1264 1978 nihil
1296 1951 1386 1979 esse
1419 1939 1543 1985 certi,
1576 1937 1689 1993 quod
1719 1942 1788 1979 aut
1818 1934 2007 1977 sensibus

238 2009 309 2044 aut
339 2002 478 2044 animo
507 2001 667 2057 percipi
697 2002 857 2056 possit3
903 2013 1027 2054 quem
1056 1998 1195 2040 serunt
1226 1999 1381 2041 eximio
1412 2002 1592 2054 quodam
1623 2014 1744 2041 usum
1774 1999 1918 2053 lepore
1949 1997 2009 2039 di-

239 2067 360 2107 cendi
392 2070 657 2119 aspernatum
687 2077 779 2105 esse
810 2076 933 2105 omne
965 2062 1091 2103 animi
1121 2075 1350 2117 sensusque
1380 2061 1580 2103 iudicium
1610 2061 1873 2117 primumque
1894 2061 2010 2101 insti-

238 2130 366 2170 tuisse
400 2152 451 2158 --
500 2141 751 2183 quamquam
799 2125 842 2167 id
892 2125 969 2166 suit
1007 2126 1265 2166 Socraticum
1304 2124 1485 2165 maxime
1518 2148 1589 2173 —‚
1636 2138 1739 2172 non,
1791 2122 1891 2179 quid
1920 2123 2011 2175 ipse

189 2211 226 2238 30
241 2192 431 2239 sentiret,
484 2192 704 2232 ostendere
750 2191 822 2230 sed
870 2192 1015 2229 contra
1052 2186 1114 2235 id,
1164 2188 1277 2242 quod
1315 2188 1490 2242 quisque
1530 2201 1574 2228 se
1613 2187 1768 2228 sentire
1810 2187 2008 2235 dixisset,

244 2254 470 2309 disputare.
550 2255 618 2295 68.
652 2252 760 2294 Hinc
791 2254 893 2292 haec
921 2251 1135 2291 recentior
1164 2249 1386 2291 Academia
1426 2249 1631 2299 manavit,
1671 2251 1715 2291 in
1744 2264 1827 2306 qua
1857 2248 2013 2291 exstitit

241 2316 380 2359 divina
410 2317 588 2371 quadam
620 2314 831 2356 celeritate
862 2313 1019 2367 ingenii
1050 2311 1298 2368 dicendique
1330 2314 1451 2368 copia
1483 2314 1738 2364 Carneades;
1785 2313 1902 2354 cuius
1932 2324 2011 2366 ego

244 2379 320 2421 etsi
349 2379 502 2420 multos
532 2377 747 2418 auditores
780 2374 956 2429 cognovi
986 2375 1181 2422 Athenis,
1231 2380 1372 2417 tamen
1411 2381 1604 2418 auctores
1641 2375 1893 2419 certissimos
1923 2376 2013 2416 lau-

243 2444 343 2483 dare
389 2454 559 2496 possum
601 2446 642 2481 et
680 2453 876 2481 socerum
915 2451 1055 2479 meum
1096 2437 1361 2487 Scaevolam,
1414 2440 1485 2494 qui
1526 2453 1621 2481 eum
1657 2441 1816 2481 Romae
1856 2437 2014 2479 audivit

192 2523 228 2551 ³⁵
244 2506 508 2553 adolescens,
542 2507 582 2544 et
613 2504 664 2552 Q.
688 2501 898 2544 Metellum
929 2503 976 2541 L.
1000 2502 1045 2544 F.
1068 2498 1317 2541 familiarem
1348 2515 1511 2552 meum,
1544 2501 1819 2544 clarissimum
1850 2501 2010 2550 virum,

244 2567 315 2625 qui
344 2567 460 2609 illum
491 2581 515 2607 a
544 2579 588 2607 se
619 2565 884 2606 adolescente
923 2562 1094 2604 Athenis
1132 2565 1211 2604 iam
1252 2563 1446 2607 affectum
1487 2569 1698 2606 senectute
1734 2563 1887 2605 multos
1923 2562 2013 2605 dies

244 2633 430 2673 auditum
461 2643 551 2671 esse
583 2627 760 2670 dicebat.
820 2627 936 2668 XIX.
971 2628 1039 2667 69.
1073 2627 1188 2667 Haec
1217 2631 1355 2668 autem
1384 2633 1430 2668 ut
1460 2641 1512 2669 ex
1541 2628 1760 2683 Apennino
1780 2625 2012 2674 fluminum,

246 2693 305 2734 sic
346 2707 398 2734 ex
437 2692 648 2733 communi
693 2690 920 2746 sapientiae
962 2690 1060 2743 iugo
1108 2693 1203 2730 sunt
1238 2687 1525 2732 doctrinarum
1566 2689 1674 2732 facta
1718 2688 1919 2739 divortia,
1965 2691 2015 2729 ut

244 2754 483 2810 philosophi
513 2759 726 2810 tamquam
756 2755 798 2795 in
829 2766 1026 2808 superum
1047 2766 1162 2793 mare
1183 2751 1346 2793 Ionium
1368 2751 1619 2801 defluerent,
1654 2755 1860 2795 Graecum
1882 2750 2014 2809 quod-

200 2836 233 2862 (ιο
249 2817 342 2859 dam
364 2822 405 2858 et
424 2821 696 2872 portuosum3
731 2821 920 2858 oratores
941 2820 1078 2856 autem
1100 2814 1142 2856 in
1173 2813 1352 2856 inferum
1381 2814 1461 2857 hoc
1490 2817 1668 2858 Tuscum
1699 2821 1740 2857 et
1768 2817 2011 2864 barbarum,

249 2879 517 2934 scopulosum
548 2885 671 2935 atque
701 2878 897 2920 infestum
928 2876 1189 2926 laberentur,
1243 2875 1286 2918 in
1317 2891 1399 2934 quo
1432 2878 1555 2920 etiam
1583 2877 1675 2933 ipse
1704 2877 1846 2920 Ulixes
1879 2890 2015 2919 erras-

340 3033 373 3063 1.
402 3037 519 3065 tamen
543 3041 611 3065 om.
640 3031 681 3063 B.
710 3046 752 3053 -
787 3029 822 3062 6.
851 3029 937 3061 hanc
965 3029 1008 3060 ab
1033 3029 1076 3060 iis
1101 3029 1174 3060 BR.
1206 3044 1243 3050 —
1287 3028 1321 3060 7.
1349 3028 1416 3060 Sed
1440 3033 1617 3071 utcunque
1642 3033 1712 3066 est,
1743 3033 1792 3061 est
1815 3029 1854 3061 in
1877 3029 1929 3060 his
1955 3028 2013 3060 El-

249 3077 414 3111 lendtius.
463 3080 604 3112 Malim:
631 3077 698 3110 Sed
722 3086 842 3109 verum
868 3081 1120 3117 utrumcunque
1145 3079 1213 3112 est,
1242 3079 1290 3106 est
1316 3076 1354 3106 in
1375 3075 1439 3107 his.
1470 3076 1538 3109 On.
1568 3093 1606 3098 —
1635 3077 1689 3108 15.
1715 3086 1755 3109 ac
1781 3080 1897 3109 tamen
1920 3075 2012 3108 Mut-

250 3125 354 3156 lerus-
407 3126 534 3158 Verum
567 3128 616 3157 sic
650 3132 794 3165 quoque
827 3124 910 3155 latet
945 3123 1168 3163 corruptelaz
1207 3125 1271 3153 aut
1303 3126 1419 3153 tamen
1446 3122 1664 3163 Olshausen,
1703 3133 1745 3155 ac
1770 3126 1879 3155 totum
1904 3122 2013 3155 Erne-

250 3173 361 3209 stius;
403 3181 455 3204 vv.
485 3182 524 3204 ac
549 3176 665 3204 tamen
689 3189 703 3195 -
726 3188 741 3194 -
763 3172 875 3211 possit
906 3171 1048 3202 seclusit
1073 3168 1279 3202 Ellendtius.
1329 3168 1449 3201 Malim
1475 3179 1556 3203 vero
1583 3179 1661 3202 cum
1686 3170 1856 3202 Lambino
1882 3169 1917 3200 in
1941 3178 2011 3210 mg.

250 3218 354 3249 1584.
380 3227 422 3248 ac
448 3220 597 3251 tandem.
626 3218 693 3250 On.
724 3236 761 3242 —-
790 3217 847 3249 16.
872 3218 1008 3256 possint
1032 3217 1082 3256 R,
1106 3216 1220 3257 possis
1244 3215 1436 3248 Manutius.
1467 3234 1504 3240 -
1547 3217 1605 3249 20.
1632 3222 1664 3250 et
1689 3226 1760 3250 om.
1794 3217 1834 3248 B.
1871 3233 1914 3239 —-
1952 3217 2010 3248 21.

252 3264 459 3304 Chrysippus
484 3266 527 3295 R.
568 3282 607 3288 —
652 3266 783 3297 sororis
807 3264 965 3296 Platonis
989 3263 1030 3294 R.
1066 3280 1103 3286 —
1147 3263 1203 3293 31.
1230 3264 1391 3294 manavit
1414 3263 1442 3293 B
1468 3264 1623 3303 aliique:
1663 3263 1840 3296 emanavit
1865 3263 1941 3295 RE.
1968 3277 2014 3285 -

249 3311 308 3342 34.
333 3312 462 3351 possim
480 3311 524 3342 R.
544 3328 588 3332 —
613 3311 670 3343 38.
698 3312 891 3351 sapientiae
907 3310 1043 3342 Nonius
1067 3319 1101 3349 p.
1122 3309 1202 3341 290.
1222 3309 1272 3341 M.
1302 3308 1350 3350 (p.
1368 3309 1449 3341 199.
1471 3307 1675 3350 Gerlach.):
1702 3310 1914 3349 sapientium
1933 3318 2012 3343 cum

249 3358 348 3390 libris
376 3355 496 3399 (ctiam
521 3357 564 3396 B)
599 3358 670 3390 RE.
709 3376 752 3381 -
793 3358 851 3390 40.
878 3358 1087 3390 triscuscum
1113 3353 1189 3398 (sic)
1222 3356 1263 3389 B.
1303 3372 1343 3380 —
1380 3356 1438 3389 41.
1469 3357 1583 3391 Ulixes
1606 3357 1686 3392 BR:
1721 3356 1853 3399 Ulysses
1877 3357 1917 3390 E.
