2117 3762
755 283 804 324 C.
839 283 908 322 92.
942 283 1010 323 93.
1045 284 1112 324 94.
1736 284 1815 324 399

56 403 201 433 verum
234 392 357 432 etiam
386 393 605 445 praecepta
635 388 838 442 quaedam
870 386 1100 436 desiderat,
1148 387 1246 443 quid
1278 392 1486 443 tamquam
1519 389 1743 428 notandum
1775 395 1818 430 et

56 452 471 495 animadvertendum
491 454 543 492 sit
564 452 606 491 in
625 449 850 491 Hortensio
866 482 875 495 ,
906 448 1088 491 breviter
1108 449 1203 491 lieet
1223 451 1378 491 dicere.
1430 451 1524 492 320.
1547 452 1648 491 Nam
1670 449 1704 490 is
1726 457 1818 503 post

57 517 318 558 consulatum
339 540 393 547 —-
425 516 574 562 crede,
612 514 725 566 quod
755 513 913 554 videret
944 527 996 554 ex
1028 512 1315 554 consularibus
1336 513 1542 554 neminem
1565 526 1655 555 esse
1677 526 1817 554 secum

56 579 404 635 comparandum,
446 576 675 630 negligeret
705 581 840 616 autem
864 590 958 623 eos,
990 575 1061 629 qui
1097 575 1287 617 consules
1324 590 1407 616 non
1434 574 1607 617 fuissent
1626 599 1681 607 -
1710 589 1820 616 sum-

56 655 170 683 mum
200 642 302 683 illud
332 655 452 682 suum
483 637 663 680 studium
696 637 878 685 remisit,
926 652 1008 693 quo
1040 652 1061 678 a
1092 651 1223 693 puero
1256 637 1391 678 suerat
1434 637 1648 687 incensus,
1695 644 1847 693 atques

57 706 99 745 in
131 706 316 746 omnium
345 715 487 745 rerum
517 701 768 741 abundantia
801 700 928 741 voluit
958 700 1143 750 beatius,
1183 705 1229 741 ut
1258 700 1345 755 ipse
1377 702 1568 755 putabat,
1606 700 1818 742 remissius

58 772 171 808 certe
214 767 369 808 vivere.
434 764 597 805 Primus
639 768 679 804 et
717 762 922 804 secundus
967 777 1098 804 annus
1142 767 1183 804 et
1228 762 1371 804 tertius
1411 768 1567 805 tantum
1610 762 1729 819 quasi
1769 762 1818 805 de

56 831 244 883 picturae
284 827 436 869 veteris
477 825 620 867 colore
661 827 924 873 detraxerat,
972 830 1171 879 quantum
1211 838 1294 865 non
1341 824 1476 880 quivis
1518 840 1624 868 unus
1665 841 1717 868 ex
1745 839 1820 882 po-

54 893 180 945 pulo,
227 892 299 932 sed
329 888 592 931 existimator
622 889 766 929 doctus
797 894 838 929 et
867 887 1102 941 intelligens
1134 893 1275 941 posset
1305 902 1574 942 cognoscere.
1635 890 1819 943 Longius

56 960 195 995 autem
240 950 474 1006 procedens
514 957 560 991 ut
598 950 639 991 in
683 952 832 991 ceteris
873 951 1138 1004 eloquentiae
1178 948 1384 1003 partibus,
1436 956 1521 992 tum
1559 953 1738 993 maxime
1777 953 1869 993 inio

56 1017 268 1057 celeritate
299 1020 341 1056 et
369 1012 682 1054 continuatione
713 1015 938 1054 verborum
970 1011 1293 1060 adhaerescens,
1342 1012 1405 1054 sui
1436 1013 1677 1055 dissimilior
1706 1013 1821 1056 vide-

54 1076 180 1119 batur
208 1075 301 1118 fieri
331 1075 532 1132 quotidie.
594 1078 690 1116 321.
725 1077 808 1116 Nos
832 1080 969 1116 autem
991 1088 1073 1115 non
1095 1074 1396 1116 desistebamus
1418 1089 1510 1116 cum
1532 1078 1645 1118 omni
1667 1090 1818 1131 genere

55 1138 391 1188 exercitationis,
444 1144 529 1179 tum
577 1139 758 1179 maxime
799 1136 893 1178 stilo
932 1142 1120 1178 nostrum
1156 1137 1283 1185 illud,
1331 1139 1444 1192 quod
1486 1145 1593 1188 erat,
1643 1153 1819 1194 augere,

55 1207 421 1257 quantumcunque
453 1206 556 1241 erat.
617 1202 775 1254 Atque,
807 1205 852 1240 ut
881 1198 1008 1240 multa
1045 1199 1231 1241 omittam
1267 1201 1309 1240 in
1341 1203 1421 1242 boc
1450 1201 1584 1255 spatio
1616 1208 1656 1243 et
1685 1204 1726 1244 in
1757 1203 1820 1245 his

53 1270 148 1320 post
178 1263 433 1305 aedilitatem
464 1263 604 1310 annis,
637 1268 679 1303 et
708 1267 877 1315 praetor
906 1263 1065 1316 primus
1096 1268 1136 1304 et
1167 1262 1403 1305 incredibili
1434 1263 1575 1319 populi
1606 1264 1818 1307 voluntate
1834 1278 1869 1303 1⁵

54 1340 146 1368 sum
186 1325 350 1376 sactus3
398 1338 492 1366 nam
540 1338 635 1365 cum
679 1329 853 1379 propter
891 1325 1175 1366 assiduitatem
1216 1325 1257 1365 in
1295 1326 1428 1366 causis
1468 1332 1510 1367 et
1545 1325 1817 1377 industriam,

56 1395 144 1431 tum
181 1396 357 1443 propter
395 1387 641 1442 exquisitius
680 1392 723 1427 et
759 1386 929 1427 minime
961 1386 1130 1442 vulgare
1162 1387 1365 1429 orationis
1396 1401 1526 1442 genus
1556 1390 1715 1431 animos
1745 1389 1819 1432 ho-

55 1452 213 1492 minum
243 1453 294 1492 ad
325 1465 391 1492 me
421 1451 584 1491 dicendi
616 1451 801 1491 novitate
832 1455 1137 1490 converteram.
1199 1451 1295 1490 322.
1339 1449 1448 1492 Nihil
1479 1453 1529 1492 dc
1561 1465 1627 1493 me
1657 1454 1817 1494 dicam:

56 1514 190 1554 dicam
229 1515 280 1555 de
320 1514 491 1561 ceteris,
537 1525 718 1567 quorum
757 1525 879 1553 nemo
917 1518 1027 1560 erat,
1076 1513 1147 1566 qui
1177 1513 1392 1554 videretur
1423 1513 1668 1568 exquisitius
1697 1529 1820 1571 quam

54 1576 208 1630 vulgus
253 1576 468 1618 hominum
510 1576 718 1616 studuisse
763 1575 932 1622 litteris,
980 1572 1130 1629 quibus
1174 1573 1268 1616 sons
1308 1575 1519 1630 perfectae
1557 1578 1819 1633 eloquentiae
1835 1589 1871 1614 20

55 1640 315 1689 continetur3
363 1651 510 1686 nemo,
551 1638 621 1693 qui
652 1636 958 1692 philosophiam
992 1638 1234 1692 complexus
1266 1643 1396 1685 esset,
1430 1643 1605 1680 matrem
1636 1642 1820 1682 omnium

54 1698 162 1742 bene
194 1700 397 1742 factorum
428 1702 620 1755 beneque
651 1701 883 1749 dictorum3
929 1712 1076 1747 nemo,
1118 1700 1189 1754 qui
1218 1698 1283 1741 ius
1314 1699 1433 1741 civile
1464 1700 1701 1753 didicisset,
1733 1717 1821 1746 rem

55 1763 108 1805 ad
135 1765 317 1820 privatas
347 1776 491 1804 causas
522 1769 564 1804 et
593 1764 644 1803 ad
666 1763 849 1804 oratoris
868 1760 1133 1817 prudentiam
1154 1763 1333 1803 maxime
1354 1765 1652 1815 necessariam;
1682 1779 1820 1815 nemo,

56 1829 126 1881 qui
165 1827 408 1868 memoriam
449 1838 588 1866 rerum
626 1826 904 1865 Romanarum
947 1829 1130 1872 teneret,
1181 1839 1233 1865 ex
1273 1839 1376 1880 qua,
1429 1826 1464 1868 si
1505 1827 1670 1883 quando
1716 1842 1820 1884 opus

57 1893 188 1937 esset,
237 1887 290 1929 ab
319 1888 462 1929 inseris
492 1887 842 1941 locupletissimos
874 1892 1001 1928 testes
1032 1886 1254 1935 excitaret;
1304 1901 1448 1938 nemo,
1497 1891 1589 1944 qui,
1636 1889 1869 1932 breviter2⁵

55 1955 282 2006 arguteque
313 1950 473 1992 incluso
504 1949 765 1996 adversario,
797 1951 958 1990 laxaret
986 1947 1168 1990 iudicum
1200 1948 1361 1992 animos
1393 1957 1517 2006 atque
1547 1965 1570 1993 a
1596 1952 1820 1995 severitate

55 2012 280 2068 paullisper
309 2015 361 2054 ad
392 2012 639 2054 hilaritatem
669 2013 882 2067 risumque
913 2010 1173 2062 traduceret;
1204 2026 1349 2062 nemo,
1383 2016 1453 2070 qui
1477 2014 1647 2056 dilatare
1678 2021 1820 2069 posset

56 2079 180 2130 atque
211 2088 234 2116 a
253 2075 423 2130 propria
454 2089 501 2116 ac
531 2073 697 2116 definita
727 2073 1008 2128 disputatione
1038 2073 1217 2115 hominis
1248 2089 1294 2116 ae
1326 2076 1527 2132 temporis
1557 2081 1607 2121 ad
1637 2092 1822 2121 commu-

56 2150 151 2178 nem
183 2140 470 2192 quaestionem
500 2135 688 2179 universi
718 2137 882 2190 generis
912 2137 1147 2178 orationem
1167 2139 1408 2189 traducere;
1441 2153 1589 2190 nemo,
1620 2143 1690 2198 qui
1712 2141 1824 2184 dele-

59 2197 198 2240 ctandi
228 2199 358 2254 gratia
389 2199 551 2255 digredi
580 2212 807 2254 parumper
835 2212 860 2239 a
890 2211 1036 2248 causa,
1069 2212 1219 2248 nemo,
1262 2201 1332 2255 qui
1363 2203 1417 2242 ad
1447 2201 1705 2246 iracundiam
1737 2218 1822 2247 ma·-
1837 2212 1871 2237 ³⁰

58 2273 140 2315 gno
171 2275 302 2315 opere
333 2261 539 2310 iudicem,
572 2275 723 2310 neme,
756 2261 829 2317 qui
857 2260 909 2303 ad
937 2260 1080 2303 fletum
1111 2267 1256 2316 posset
1285 2265 1517 2316 adducere;
1568 2280 1719 2317 nemo,
1752 2270 1822 2324 qui

59 2322 242 2364 animum
281 2323 395 2373 eius,
444 2325 556 2379 quod
595 2337 725 2364 unum
761 2327 825 2364 est
863 2323 1042 2365 oratoris
1073 2326 1252 2367 maxime
1283 2327 1525 2382 proprium,
1571 2343 1820 2386 quocunque

59 2399 128 2427 res
157 2385 409 2441 postularet,
441 2385 674 2440 impellere.
735 2384 878 2426 XCIV.
910 2387 1007 2428 323.
1040 2388 1204 2443 Itaque,
1236 2403 1329 2431 cum
1359 2390 1443 2432 iam
1473 2405 1604 2447 paene
1636 2394 1824 2435 evanuis-

60 2452 124 2488 set
160 2449 409 2490 Hortensius
448 2453 490 2489 et
526 2460 604 2502 ego
645 2460 755 2488 anno
794 2460 908 2496 meo,
959 2453 1077 2490 sexto
1117 2457 1256 2493 autem
1295 2460 1391 2508 post
1428 2454 1544 2497 illum
1582 2457 1819 2506 consulem,

60 2509 207 2552 consul
234 2509 366 2552 factus
397 2523 555 2558 essem,
597 2522 797 2551 revocare
827 2523 872 2551 se
902 2511 954 2551 ad
983 2511 1230 2555 industriam
1262 2518 1427 2570 coepit,
1460 2532 1538 2567 ne,
1579 2533 1672 2560 cum
1701 2532 1821 2575 pares
1836 2531 1871 2558 ³⁵

59 2574 222 2614 honore
262 2586 470 2621 essemus,
522 2570 658 2625 aliqua
697 2586 742 2612 re
782 2573 1020 2626 superiores
1057 2573 1311 2619 videremur.
1373 2581 1440 2620 Sic
1480 2580 1699 2622 duodecim
1729 2587 1823 2636 post

61 2647 201 2676 meum
231 2634 489 2676 consulatum
519 2647 649 2675 annos
679 2633 722 2674 in
752 2633 942 2676 maximis
980 2634 1136 2686 causis,
1181 2650 1274 2680 cum
1306 2654 1384 2694 ego
1418 2643 1520 2683 mihi
1550 2643 1692 2692 illum,
1739 2643 1821 2685 sibi

63 2710 130 2738 me
157 2696 228 2738 ille
257 2698 505 2745 anteferret,
550 2695 883 2738 coniunctissime
921 2697 1076 2739 versati
1116 2713 1284 2752 sumus;
1331 2704 1648 2760 consulatusque
1679 2719 1820 2753 meus,

64 2757 137 2813 qui
164 2758 281 2800 illum
310 2759 450 2813 primo
489 2758 637 2800 leviter
675 2760 1003 2812 perstrinxerat,
1049 2760 1161 2802 idem
1196 2775 1272 2805 nos
1301 2777 1444 2807 rerum
1474 2780 1657 2808 mearum
1689 2773 1824 2821 gesta-

65 2835 176 2870 rum,
209 2834 310 2876 quas
339 2821 409 2863 ille
437 2819 739 2870 admirabatur,
771 2820 893 2862 laude
924 2823 1212 2866 coniunxerat.
1271 2828 1367 2869 324.
1399 2829 1578 2871 Maxime
1605 2843 1708 2872 vero
1728 2845 1824 2885 per·
1836 2842 1873 2870 40

62 2921 1824 2941 ᾑ--ῇ--ῂ-ᾕψῄ.

158 2989 218 3022 10.
245 2992 284 3021 ut
307 2988 345 3021 in
369 2989 430 3030 Lg.
459 2998 602 3030 omnes,
644 2989 732 3022 Ven.
761 2990 795 3021 1.
835 2989 913 3021 Vat.
943 2989 1063 3023 Ottob.
1091 2991 1158 3025 Gu.
1188 2994 1221 3025 1.
1249 2994 1306 3026 R:
1345 2999 1377 3026 et
1402 2995 1439 3027 in
1463 2995 1529 3028 Gu.
1554 2998 1586 3030 1.
1610 2998 1644 3031 2.
1685 3003 1719 3033 et
1744 3009 1822 3034 cum

67 3034 156 3069 Aldo
185 3037 225 3068 E.
254 3035 324 3067 Cir.
353 3035 454 3069 Hand
481 3037 583 3070 Tui-s.
611 3036 658 3068 11.
686 3046 720 3077 p.
747 3035 828 3068 538.
872 3036 1029 3069 Goerenz
1054 3038 1096 3069 ad
1121 3040 1231 3072 Acad.
1259 3042 1292 3079 1,
1320 3041 1376 3072 27.
1405 3046 1439 3073 et
1464 3043 1498 3081 2,
1528 3045 1560 3075 1.
1599 3060 1642 3067 —
1683 3046 1739 3078 Μ.
1771 3049 1824 3081 his

67 3083 111 3116 D.
139 3083 198 3124 Lg.
227 3082 285 3114 56.
314 3081 380 3114 Gu.
408 3084 441 3115 1.
477 3083 521 3115 R:
563 3085 606 3115 iis
632 3092 711 3116 cum
739 3084 862 3116 ceteris
902 3084 939 3114 E.
980 3101 1021 3106 —
1060 3084 1124 3118 Vv.
1152 3087 1243 3118 etin
1267 3105 1279 3111 -
1305 3104 1318 3110 -
1343 3090 1444 3119 annis
1474 3090 1616 3123 seclusit
1641 3091 1821 3132 Ellendt-3

68 3131 212 3162 minime
231 3134 346 3162 tamen
363 3129 449 3162 haec
468 3129 598 3162 habent
615 3131 894 3170 interpolationis
914 3132 1079 3170 speciem.
1102 3148 1143 3154 —
1171 3134 1227 3164 15.
1246 3135 1368 3173 populi
1385 3134 1505 3167 Lamb.
1524 3145 1532 3168 :
1557 3139 1725 3178 populari
1742 3149 1821 3174 cum

70 3177 165 3210 libris
190 3176 265 3208 RE.
305 3176 400 3207 Fort.
425 3177 550 3216 populi
571 3176 744 3215 Romani,
772 3177 912 3217 «quod»
929 3201 938 3216 ‚
967 3178 1082 3218 inquit
1107 3178 1269 3218 Ellendt,
1299 3182 1458 3221 «gravius
1484 3191 1586 3223 quam
1613 3193 1675 3225 pro
1699 3191 1823 3220 natura

72 3224 236 3263 colloquii
262 3221 478 3254 familiaris.»
526 3222 572 3254 At
604 3224 665 3255 cfr.
693 3224 735 3255 ad
762 3223 867 3255 Attio.
897 3224 937 3260 1,
965 3223 1028 3262 16,
1066 3223 1113 3255 6:
1157 3226 1304 3266 triqinta
1335 3228 1487 3260 homines
1515 3232 1639 3269 populi
1671 3232 1824 3266 Romam·

72 3271 276 3304 levissimos,
315 3268 374 3301 ubi
401 3268 486 3300 Ern.
519 3269 588 3301 del.
615 3270 780 3302 censebat
804 3279 857 3303 vv.
889 3270 1011 3309 populi
1034 3269 1196 3302 Romani.
1225 3272 1293 3304 On.
1329 3288 1367 3294 —
1409 3274 1466 3307 29.
1494 3277 1680 3311 traducere
1704 3284 1736 3312 et
1759 3281 1820 3322 Lg-

72 3316 134 3357 8.‚
178 3316 375 3349 traduceret
401 3315 478 3347 librl
505 3315 660 3356 plerique
687 3321 722 3348 et
746 3317 788 3350 R.
814 3316 858 3348 Ut
883 3325 945 3348 nos
962 3339 970 3354 ‚
998 3315 1057 3357 Lg.
1084 3316 1144 3349 53.
1169 3317 1227 3350 58.
1252 3318 1310 3350 70.
1337 3319 1461 3353 Dresd.
1490 3326 1525 3356 et
1550 3324 1633 3360 Ern.
1661 3328 1751 3359 conl.
1780 3343 1818 3351 -—

72 3362 132 3397 33.
157 3363 344 3405 impelleret
370 3361 448 3394 libri
473 3361 626 3403 (praeter
651 3362 768 3398 Ottob.
797 3367 831 3396 et
855 3363 922 3396 Gu.
949 3360 1020 3405 2.),
1048 3364 1130 3397 item
1153 3363 1196 3398 R.
1224 3361 1442 3406 (Emendavlt
1465 3368 1548 3403 Ern.
1577 3371 1684 3414 coni.)
