2117 3762
731 297 828 337 LIB.
863 295 934 336 ΙΙΙ.
996 295 1040 337 C.
1075 298 1141 342 36.
1172 299 1240 340 37.
1781 300 1856 343 321

115 408 246 444 totum
276 404 523 458 compulisti.
585 403 630 442 In
662 415 740 457 qua
772 400 893 442 velim
925 404 974 443 sit
1006 403 1125 450 illud,
1167 405 1277 459 quod
1309 415 1431 456 saepe
1463 404 1660 457 posuisti,
1702 410 1748 446 ut
1778 421 1860 447 non

112 479 281 506 necesse
313 467 363 505 sit
393 476 636 505 consumere
667 469 843 503 aetatem
876 471 995 519 atque
1027 471 1069 504 ut
1101 466 1227 520 possit
1259 467 1291 507 is
1318 465 1385 507 itta
1405 467 1545 507 omnia
1567 479 1758 514 cernere,
1791 470 1861 523 qui

116 529 401 568 tantummodo
442 525 699 580 adspexerit:
749 528 819 565 sed
858 528 1017 566 etiamsi
1059 534 1121 567 est
1160 528 1372 583 aliquanto
1408 529 1579 582 spissius
1619 534 1689 569 aut
1720 531 1752 571 si
1785 544 1861 584 ego

116 605 206 630 sum
246 590 423 636 tardior,
476 586 664 642 profecto
706 601 912 643 nunquam
954 591 1242 644 conquiescam
1284 606 1416 647 neque
1455 589 1713 646 defatigabor
1741 600 1858 641 ante,

114 667 235 706 quam
268 653 432 694 iliorum
464 651 663 704 ancipites
694 652 780 691 vias
811 653 1076 706 rationesque
1108 658 1148 693 et
1178 667 1252 708 pro
1285 653 1477 696 omnibus
1500 661 1540 695 et
1560 661 1703 696 contra
1725 658 1889 697 omnias

114 714 348 769 disputandi
381 726 625 769 percepero.

229 780 318 818 146.
351 779 453 816 Tum
504 778 673 822 Caesar,
722 777 875 823 Vnum,
926 778 1082 831 inquit,
1130 791 1196 818 me
1232 791 1283 819 ex
1323 783 1393 819 tuo
1433 793 1625 822 sermone
1665 783 1862 832 maxime,

114 842 276 886 Crasse,
309 839 554 885 commovit,
589 840 699 894 quod
733 854 825 879 eum
859 841 1039 893 negasti,
1073 840 1145 893 qui
1176 854 1260 881 non
1292 842 1372 881 cito
1405 844 1501 895 quid
1526 843 1755 894 didicisset,
1790 861 1865 886 un-

116 917 238 958 quam
270 903 436 943 omnino
470 914 590 955 posse
622 903 880 955 perdis‹·ere;
931 909 974 943 ut
1015 901 1115 942 mihi
1158 917 1241 943 non
1281 903 1332 944 sit
1373 902 1538 945 disticile
1570 906 1791 960 periclitari
1825 914 1866 950 et

117 971 188 1005 aut
216 965 351 1005 statim
382 963 593 1018 percipere
624 966 721 1011 ista,
769 978 873 1020 quae
914 971 957 1004 tu
996 966 1134 1005 verbis
1165 964 1217 1006 ad
1248 965 1407 1006 caelum
1440 967 1640 1018 extulisti3
1691 976 1785 1019 aut,
1831 970 1865 1012 si
1882 983 1915 1008 ιο

114 1040 197 1068 non
227 1027 458 1082 potuerim,
494 1032 654 1081 tempus
686 1042 767 1067 non
800 1029 1001 1079 perdere,
1035 1040 1127 1068 cum
1148 1034 1283 1069 tamen
1315 1029 1376 1069 his
1406 1029 1556 1070 nostris
1589 1031 1743 1083 possim
1775 1046 1864 1074 esse

114 1096 341 1131 contentus.
403 1092 495 1131 147.
532 1091 605 1129 llic
629 1089 856 1143 Sulpicius,
889 1092 978 1142 Ego
999 1103 1118 1137 vero,
1150 1089 1304 1143 inquit,
1341 1092 1509 1139 Crasse,
1542 1106 1680 1148 neque
1710 1094 1868 1136 Aristo-

114 1151 237 1193 telem
277 1153 401 1193 istum
440 1165 573 1206 neque
607 1152 863 1192 Carneadem
894 1166 969 1192 nec
999 1151 1343 1206 philosophorum
1376 1166 1623 1208 quemquam
1656 1157 1865 1206 desidero,

111 1214 177 1256 vel
218 1229 283 1256 me
328 1215 421 1256 iicet
460 1216 668 1256 existimes
711 1213 932 1267 desperare
976 1215 1054 1255 ista
1098 1228 1218 1269 posse
1257 1214 1495 1269 perdiscere
1534 1218 1625 1264 vel,
1672 1217 1714 1259 id
1756 1219 1867 1274 quod

112 1275 245 1325 facio,
280 1284 560 1318 contemnere.
621 1276 719 1318 Mihi
750 1291 889 1318 rerum
920 1276 1150 1319 sorensium
1179 1282 1220 1318 et
1241 1279 1522 1319 communium
1553 1279 1736 1334 vulgaris
1766 1284 1915 1323 haecis

113 1339 292 1393 cognitio
324 1340 421 1380 satis
453 1353 602 1394 magna
634 1347 695 1381 est
725 1342 775 1380 ad
807 1354 922 1389 eam,
972 1354 1094 1395 quam
1133 1345 1300 1394 specto,
1349 1339 1653 1395 eloquentiam3
1705 1359 1756 1384 ex
1786 1359 1868 1400 qua

112 1402 202 1457 ipsa
232 1408 367 1444 tamen
397 1404 601 1457 permulta
634 1404 797 1452 nesci03
832 1416 936 1459 quae
959 1409 1046 1444 tum
1070 1401 1274 1456 denique,
1310 1416 1403 1444 cum
1425 1417 1546 1445 causa
1567 1403 1728 1458 aliqua,
1763 1419 1867 1461 quae

112 1478 134 1506 a
164 1479 230 1507 me
260 1465 434 1507 dicenda
465 1472 548 1512 est,
593 1465 820 1513 desiderat,
868 1480 1038 1519 quaero.
1101 1463 1407 1515 Quamobrem,
1457 1467 1535 1507 nisi
1575 1467 1684 1508 forte
1716 1481 1758 1509 es
1788 1469 1870 1510 iam

113 1527 299 1570 defessus
331 1535 371 1569 et
402 1530 434 1569 si
465 1527 536 1569 tibi
570 1542 650 1570 non
683 1542 826 1582 graves
857 1542 1022 1577 sumus,
1068 1529 1182 1569 refer
1219 1528 1269 1568 ad
1307 1527 1377 1568 illa
1407 1533 1468 1577 te,
1514 1542 1620 1584 quae
1659 1528 1710 1570 ad
1740 1531 1869 1583 ipsius

113 1591 313 1632 orationis
344 1591 507 1632 laudem
538 1593 884 1647 splendoremque
915 1592 1141 1645 pertinent;
1173 1604 1280 1646 quae
1311 1604 1387 1644 ego
1421 1604 1472 1632 ex
1502 1596 1541 1632 te
1572 1593 1718 1633 audire
1741 1594 1915 1642 volui,2o

112 1667 196 1694 non
224 1659 270 1694 ut
300 1653 567 1706 desperarem
600 1669 665 1695 me
696 1653 976 1708 eloquentiam
1007 1656 1204 1709 consequi
1242 1666 1390 1707 posse,
1434 1654 1506 1695 sed
1538 1659 1583 1695 ut
1612 1653 1767 1710 aliquid
1799 1658 1869 1697 ad-

114 1716 334 1756 discerem.

223 1779 433 1820 XXXVII.
469 1779 558 1821 148.
608 1781 710 1820 Tum
749 1779 940 1828 Crassus,
988 1779 1254 1832 Pervutgatas
1283 1791 1352 1819 res
1381 1779 1585 1833 requiris,
1633 1778 1787 1834 inquit,
1829 1786 1870 1822 et

115 1839 189 1880 tibi
220 1853 302 1881 non
333 1840 582 1895 incognitas,
615 1843 783 1896 Sulpici.
846 1842 947 1890 Quis
979 1842 1087 1882 enim
1120 1843 1170 1882 de
1200 1842 1279 1881 isto
1310 1854 1463 1895 genere
1485 1855 1567 1882 non
1589 1840 1752 1891 docuit,
1785 1857 1868 1884 non

112 1902 306 1949 instituit,
353 1916 436 1944 non
476 1903 597 1944 etiam
638 1905 835 1957 scriptum
877 1902 1072 1959 reliquit?
1122 1905 1201 1945 Sed
1240 1917 1381 1957 geram
1412 1918 1570 1946 morem
1602 1910 1643 1946 et
1672 1919 1721 1946 ea
1752 1907 1916 1947 dum-25

112 1969 250 2013 taxat,
284 1978 390 2020 quae
421 1965 521 2007 mihi
552 1972 647 2008 nota
679 1973 793 2013 sunt,
837 1965 1020 2007 breviter
1049 1979 1257 2021 exponam
1289 1966 1388 2016 tibi3
1438 1965 1616 2009 censebo
1648 1974 1783 2009 tamen
1812 1970 1866 2010 ad

113 2040 211 2075 eos,
261 2028 332 2081 qui
369 2033 560 2070 auctores
597 2034 639 2070 et
675 2030 911 2070 inventores
951 2033 1045 2069 sunt
1080 2029 1229 2069 harum
1271 2042 1367 2070 sane
1406 2029 1656 2072 minutarum
1702 2045 1865 2080 rerum,

112 2091 422 2132 revertendum.
487 2093 579 2132 149.
629 2091 772 2132 Omnis
811 2091 937 2145 igitur
978 2092 1112 2132 oratio
1146 2090 1362 2133 conficitur
1393 2106 1444 2134 ex
1476 2091 1637 2143 verbis3
1689 2107 1868 2149 quorum

111 2153 291 2207 primum
320 2151 439 2194 nobis
468 2155 576 2195 ratio
607 2153 850 2208 simpliciter
879 2153 1058 2195 videnda
1087 2159 1166 2201 est,
1206 2152 1355 2195 deinde
1387 2155 1617 2198 coniuncte.
1677 2157 1778 2196 Nam
1810 2161 1871 2197 est

115 2218 281 2271 quidam
311 2221 480 2258 ornatus
511 2217 730 2266 orationis,
763 2218 833 2271 qui
864 2232 917 2258 ex
948 2216 1118 2271 singulis
1149 2216 1287 2257 verbis
1319 2221 1402 2266 est3
1436 2217 1561 2266 alius,
1594 2218 1664 2273 qui
1696 2232 1746 2260 ex
1773 2232 1869 2260 con-
1883 2230 1918 2256 ³0

117 2278 283 2320 tinuatis
312 2279 628 2334 coniunctisque
659 2285 831 2323 constat.
889 2282 997 2333 Ergo
1027 2285 1192 2321 utemur
1230 2279 1370 2321 verbis
1407 2285 1481 2320 aut
1517 2279 1591 2329 iis,
1639 2294 1744 2334 quae
1774 2295 1870 2334 pro—

114 2340 203 2396 pria
248 2345 341 2382 sunt
381 2346 420 2382 et
459 2347 572 2382 certa
611 2341 729 2397 quasi
768 2342 968 2384 vocabula
1005 2356 1173 2391 rerum,
1223 2355 1356 2397 paene
1386 2356 1467 2383 una
1497 2349 1591 2385 nata
1622 2356 1714 2383 cum
1744 2345 1868 2384 rebus

112 2403 234 2458 ipsis;
283 2409 353 2444 aut
396 2405 464 2452 iis,
513 2417 619 2460 quae
656 2403 961 2446 transferuntur
998 2411 1038 2447 et
1076 2406 1194 2460 quasi
1233 2404 1366 2446 alieno
1398 2406 1439 2446 in
1470 2404 1562 2447 loco
1593 2405 1867 2455 collocantur;

113 2471 185 2507 aut
212 2466 285 2515 iis,
319 2480 426 2520 quae
457 2480 656 2509 novamus
688 2473 727 2508 et
756 2466 926 2509 facimus
956 2467 1050 2521 ipsi.
1116 2469 1209 2509 150.
1243 2468 1289 2508 In
1320 2467 1498 2522 propriis
1529 2466 1656 2521 igitur
1686 2473 1747 2510 est
1776 2482 1868 2509 ver-

111 2525 176 2568 bis
205 2527 272 2569 itta
301 2528 391 2569 laus
422 2531 615 2577 oratoris,
647 2534 692 2570 ut
721 2528 881 2571 abiecta
911 2535 1032 2585 atque
1062 2528 1249 2570 obsoleta
1278 2528 1434 2583 fugiat,
1477 2529 1591 2571 lectis
1622 2536 1745 2586 atque
1776 2530 1866 2572 ittu-
1880 2540 1914 2566 ³⁵

113 2591 266 2632 stribus
305 2596 462 2638 utatur,
508 2590 549 2632 in
587 2592 736 2647 quibus
776 2593 945 2645 plenum
984 2591 1179 2648 quiddam
1210 2597 1250 2633 et
1287 2603 1436 2633 sonans
1476 2591 1613 2633 inesse
1654 2594 1857 2634 videatur.

115 2651 197 2693 Sed
225 2653 267 2694 iu
296 2651 375 2694 hoc
403 2655 631 2694 verborum
662 2667 814 2708 genere
844 2654 1110 2710 propriorum
1142 2654 1326 2695 delectus
1356 2660 1418 2695 est
1447 2653 1661 2696 habendus
1692 2654 1859 2710 quidam

114 2718 237 2768 atque
266 2714 301 2755 is
332 2717 494 2757 aurium
524 2718 704 2771 quodam
735 2718 888 2758 iudicio
919 2714 1237 2771 ponderandus;
1270 2716 1311 2757 in
1342 2731 1425 2771 quo
1452 2719 1708 2759 consuetudo
1740 2717 1863 2758 etiam

114 2772 221 2817 bene
250 2777 446 2832 loquendi
475 2781 586 2821 valet
617 2779 854 2835 plurimum.
919 2781 1007 2822 151.
1039 2780 1182 2833 Itaque
1213 2778 1309 2828 hoc,
1348 2779 1459 2834 quod
1490 2780 1613 2834 vulgo
1644 2781 1694 2820 de
1725 2785 1864 2820 orato-

209 2922 242 2954 2.
267 2924 379 2963 possit
404 2922 446 2965 is]
472 2927 617 2965 possetis
643 2925 694 2964 Α,
718 2930 832 2966 posset
856 2927 885 2957 is
911 2926 952 2957 B.
984 2942 1018 2948 ——
1051 2924 1083 2956 3.
1111 2926 1303 2966 aliquando
1322 2924 1363 2957 Α.
1387 2941 1423 2948 -
1453 2925 1508 2955 11.
1536 2933 1607 2956 non
1624 2929 1702 2957 ante
1717 2925 1862 2965 perdere

118 2975 186 3002 om.
206 2968 277 3001 ΑΒ.
298 2984 340 2993 -
366 2970 421 3002 12.
442 2975 653 3012 contemptus
671 2973 711 3004 B.
734 2989 771 2994 —
802 2973 959 3004 Crassum
979 2970 1019 3003 B.
1043 2988 1075 2995 —
1101 2971 1157 3004 14.
1178 2969 1373 3012 desperare]
1392 2972 1585 3003 desiderare
1604 2971 1645 3002 R.
1666 2987 1705 2993 —
1731 2969 1796 3012 vel]
1823 2975 1863 3002 uc

116 3017 187 3048 ΑΒ.
210 3031 249 3038 -
277 3016 332 3048 18.
353 3017 592 3058 Quamobrem]
613 3019 725 3059 Quam
743 3028 875 3051 omnem
892 3020 962 3050 AB.
982 3035 1018 3041 —
1048 3018 1104 3050 19.
1121 3027 1192 3049 non
1208 3016 1344 3060 yraves]
1379 3026 1568 3056 conyraves
1588 3018 1632 3055 B,
1651 3026 1774 3058 graves
1791 3027 1863 3050 non

116 3062 319 3096 Lambinus.
360 3080 397 3086 —
440 3065 496 3095 21.
531 3075 705 3105 sperarem
730 3067 772 3098 R.
813 3083 851 3088 -
894 3065 950 3097 23.
987 3066 1123 3106 inquit,
1161 3066 1312 3104 requiris
1338 3073 1355 3096 e
1382 3064 1491 3095 Codd.
1520 3064 1604 3103 atiq.
1632 3064 1799 3097 Mutterus
1826 3069 1861 3097 et

117 3110 345 3143 Henrichsen.
386 3127 426 3132 —
469 3110 525 3143 25.
552 3116 717 3153 scriptum
743 3114 848 3145 etiam
874 3113 900 3144 Α
927 3112 1076 3151 aliique,
1113 3111 1165 3142 R:
1204 3113 1307 3142 etiam
1339 3111 1502 3148 scriptum
1529 3108 1611 3150 (ΒΤ)
1638 3110 1676 3143 Ε.
1715 3127 1751 3134 -
1797 3111 1862 3144 tibi

114 3166 244 3189 morem
272 3158 311 3188 R.
351 3174 385 3179 —
428 3157 484 3188 30.
520 3167 562 3190 ex
593 3158 818 3199 continuatis]
847 3160 1037 3191 extenuatis
1065 3158 1106 3189 Α.
1148 3174 1184 3180 ——
1223 3157 1279 3188 3¹.
1315 3154 1585 3196 coniunctisque]
1613 3161 1644 3188 ec
1669 3158 1861 3190 coniunctis

117 3213 157 3236 ex
189 3204 298 3236 Codd.
338 3203 418 3244 aliq.
457 3205 538 3236 dare
577 3206 731 3237 voluerat
755 3206 806 3244 T,
849 3206 908 3238 sed
949 3214 1074 3244 operae
1112 3212 1179 3235 non
1217 3207 1417 3242 paruerunt.
1458 3202 1513 3241 (Ut
1539 3211 1622 3240 nos,
1652 3205 1789 3244 nostri.)
1817 3222 1858 3227 —-

116 3249 173 3281 34.
198 3250 367 3291 faciamus
387 3251 425 3281 B.
447 3267 486 3273 —
512 3252 623 3291 iqitur
647 3255 695 3284 est
719 3253 748 3283 A
775 3254 924 3291 alitque:
955 3257 1002 3283 esc
1031 3252 1138 3292 iyitur
1163 3250 1245 3289 (Βῖ)
1265 3250 1335 3280 RE.
1372 3265 1405 3271 -
1433 3249 1491 3281 36.
1519 3257 1587 3281 esse
1612 3250 1722 3282 Codd.
1743 3251 1786 3282 ai.
1814 3251 1855 3283 R.

117 3296 177 3334 (Ut.
202 3307 287 3334 nos,
316 3301 363 3328 uti
392 3297 548 3335 videtur,
577 3298 666 3333 AB.)
695 3315 730 3320 —
763 3298 819 3330 37.
844 3301 1133 3340 propriorumque
1160 3297 1198 3327 B.
1230 3313 1265 3319 —
1294 3294 1467 3326 habendus
1493 3295 1636 3337 quidam
1660 3297 1688 3329 Α
1713 3298 1855 3338 aliique,

117 3343 170 3374 R:
199 3345 341 3384 quidam
367 3343 540 3376 habendus
567 3343 591 3375 E
610 3367 618 3381 ,
651 3344 826 3376 habendus
852 3356 919 3376 om.
948 3346 986 3377 B.
1015 3361 1056 3365 -
1092 3343 1148 3374 38.
1174 3341 1422 3381 ponderandus
1447 3347 1495 3375 est
1521 3352 1539 3376 e
1567 3342 1675 3376 Codd.
1704 3345 1786 3384 utiq.
1813 3342 1853 3376 T.

118 3389 179 3430 (Ut
202 3399 283 3429 nos,
312 3390 447 3433 nostri.)
476 3407 515 3414 -
543 3391 599 3423 39.
626 3390 748 3433 Itaque
774 3392 803 3424 Α
828 3392 977 3432 otiique:
1007 3392 1114 3431 Atque
1140 3388 1186 3429 B,
1213 3388 1333 3421 Euam
1360 3388 1433 3421 RE.

193 3462 285 3489 Cicero
304 3462 333 3489 Τ.
352 3462 375 3492 Ι.
1365 3460 1416 3501 21
