2117 3762
281 282 360 326 142
938 285 1008 325 DE
1039 284 1093 325 IN
1100 285 1361 328 VENTIONE

387 393 503 433 XIX.
536 392 602 432 57.
636 390 737 432 Cum
768 393 904 430 autem
935 388 1042 430 actio
1074 390 1352 433 translationis
1382 395 1450 432 aut
1480 389 1815 433 commutationis
1845 391 2035 447 indigere

275 453 460 501 videtur,
491 455 604 508 quod
634 466 717 493 non
748 456 818 491 aut
845 449 880 491 is
911 451 1014 504 agit,
1046 465 1170 505 quem
1198 459 1385 506 oportet,
1416 458 1485 494 aut
1503 467 1594 494 cum
1618 466 1691 502 eo,
1722 454 1889 509 quicum
1909 469 2037 511 opor-

275 521 355 564 tet,
399 521 470 557 aut
498 516 607 570 apud
639 527 761 567 quOS,
803 525 884 566 qua
913 511 1031 565 lege,
1075 527 1157 566 qua
1185 526 1340 568 poena,
1380 530 1462 570 quo
1495 515 1687 564 crimine,
1736 530 1817 571 quo
1848 523 2036 572 tempore

275 583 458 633 oportet,
495 574 730 618 constitutio
758 573 995 615 translativa
1026 574 1272 629 appellatur.
1331 579 1432 619 Eius
1462 577 1583 619 nohis
1613 578 1802 633 exempla
1830 581 2036 633 permulta

247 653 379 697 ⁵0pus
410 643 510 687 sint,
557 640 590 680 si
628 635 788 690 singula
825 636 1140 678 translationum
1181 651 1331 691 genera
1368 654 1637 694 quaeramus3
1686 643 1760 682 sed
1798 643 1894 696 quia
1932 641 2035 684 ratio

274 707 592 759 praeceptorum
624 698 770 740 similis
808 704 894 748 est,
943 700 1233 752 exemplorum
1269 701 1530 744 multitudine
1571 702 1927 756 supersedendum
1957 708 2033 744 est.

273 768 409 819 Atque
440 765 482 804 in
511 766 652 803 nostra
682 760 850 815 quidem
881 760 1182 804 consuetudine
1212 762 1351 804 multis
1382 766 1432 804 de
1463 765 1597 805 causis
1627 764 1695 813 fit,
1737 770 1782 806 ut
1812 764 1945 806 rarius
1975 763 2038 805 in-

273 827 410 868 cidant
438 823 737 866 translationes.
797 826 899 865 Nam
933 829 973 865 et
1002 823 1207 877 praetoris
1239 825 1556 878 exceptionibus
1585 827 1737 868 multae
1759 828 2038 869 excluduntur

272 890 455 930 actiones
494 891 534 927 et
571 885 627 927 ita
666 885 731 927 ius
766 885 887 927 civile
916 885 1116 927 habemus
1147 885 1437 935 constitutum,
1481 894 1527 929 ut
1557 903 1682 931 causa
1712 889 1830 931 cadat
1858 888 1919 937 is,
1966 887 2038 942 qui

223 963 258 987 ιο
272 965 377 997 11011,
408 948 756 1005 quemadmodum
787 954 973 1004 oportet,
1009 950 1156 1002 egerit.
1218 951 1286 990 58.
1318 950 1456 998 Quare
1486 950 1529 991 in
1559 952 1648 992 iure
1678 952 1926 1006 plerumque
1945 964 2040 991 ver-

271 1018 427 1053 santur.
489 1013 552 1052 Ibi
592 1012 703 1053 enim
742 1016 783 1052 et
822 1011 1091 1065 exceptiones
1134 1013 1396 1066 postulantur
1434 1016 1475 1052 et
1514 1026 1694 1066 quonam
1728 1016 1854 1055 modo
1887 1011 2037 1066 agendi

270 1080 453 1128 potestas
492 1076 615 1115 datur
654 1079 696 1115 et
741 1073 875 1115 omnis
915 1073 1133 1129 conceptio
1170 1073 1428 1129 privatorum
1468 1073 1718 1117 iudiciorum
1754 1076 2034 1118 constituitur.

270 1139 317 1178 In
355 1137 454 1192 ipsis
500 1142 638 1178 autem
678 1135 841 1177 iudiciis
880 1136 1014 1177 rarius
1051 1135 1238 1177 incidunt
1284 1142 1325 1177 ct
1363 1143 1527 1184 tamen,
1568 1138 1603 1178 si
1634 1141 1797 1193 quando
1828 1139 2037 1188 incidunt,

271 1198 475 1241 eiusmodi
504 1203 624 1247 sunt,
657 1203 704 1239 ut
732 1211 809 1253 per
838 1212 881 1239 se
908 1200 1043 1240 minus
1064 1200 1246 1239 habeant
1265 1197 1554 1248 firmitudinis,
1587 1200 1880 1244 confirmentur
1899 1208 2038 1245 autem

219 1278 254 1304 15
270 1268 481 1316 assumpta
510 1262 587 1304 alia
618 1260 755 1316 aliqua
787 1260 1102 1303 constitutione:
1150 1267 1195 1303 ut
1230 1260 1273 1302 in
1307 1261 1488 1318 quodam
1520 1261 1695 1312 iudicio,
1740 1277 1832 1306 cum
1863 1264 2039 1307 venefici

270 1325 484 1367 cuiusdam
514 1338 669 1367 nomen
700 1328 809 1365 esset
838 1323 1019 1365 delatum
1052 1329 1117 1372 et,
1151 1324 1248 1380 quia
1277 1323 1491 1378 parricidii
1523 1338 1644 1366 causa
1664 1323 1895 1381 subscripta
1916 1331 2037 1375 esset,

269 1394 388 1430 extra
418 1387 609 1430 ordinem
639 1394 748 1429 esset
777 1393 1017 1440 acceptum,
1051 1401 1145 1428 cum
1175 1389 1218 1428 in
1247 1387 1510 1428 accusatione
1539 1386 1617 1427 alia
1639 1389 1842 1442 quaedam
1864 1389 2037 1430 crimina

268 1450 444 1493 testibus
484 1457 524 1493 et
563 1450 821 1505 argumentis
859 1448 1225 1498 confirmarentur,
1271 1448 1485 1505 parricidii
1528 1454 1666 1491 autem
1708 1450 1863 1492 mentio
1905 1450 2038 1493 solum

268 1512 375 1555 facta
406 1518 540 1564 esset3
575 1513 772 1555 defensor
800 1512 842 1554 in
872 1512 950 1553 hoc
980 1513 1072 1567 ipso
1104 1513 1278 1554 multum
1309 1517 1480 1566 oportet
1509 1517 1550 1552 et
1579 1511 1651 1553 diu
1680 1514 1896 1555 consistat:
1944 1527 2038 1555 cum

219 1578 322 1618 2ode
352 1590 454 1618 nece
482 1576 668 1631 parentis
697 1575 802 1617 nihil
834 1575 1161 1617 demonstratum
1193 1574 1269 1624 sit,
1301 1574 1520 1629 indignum
1540 1573 1700 1616 facinus
1722 1589 1812 1617 esse
1834 1590 1882 1618 ea
1901 1589 2040 1632 poena

269 1638 434 1681 afficere
465 1653 578 1687 eum,
611 1653 693 1695 qua
723 1638 957 1692 parricidae
989 1637 1248 1687 afficiuntur3
1292 1636 1336 1679 id
1366 1642 1524 1686 autem,
1556 1638 1589 1678 si
1621 1636 1914 1688 damnaretur,
1945 1638 2039 1680 lieri

268 1715 438 1744 necesse
469 1715 584 1751 esse,
632 1702 829 1755 quoniam
861 1706 901 1741 et
930 1702 972 1742 id
1003 1714 1152 1741 causae
1192 1698 1471 1755 subscriptum
1511 1704 1552 1741 et
1582 1713 1630 1741 ea
1661 1715 1707 1742 re
1738 1715 1890 1743 nomen
1920 1707 2039 1743 extra

269 1767 458 1807 ordinem
490 1766 543 1806 sit
571 1769 801 1819 acceptum.
865 1765 935 1804 59.
967 1765 1026 1804 Ea
1056 1763 1182 1817 igitur
1210 1776 1346 1818 poena
1376 1761 1411 1803 si
1441 1760 1548 1802 affici
1578 1776 1697 1804 reum
1728 1777 1811 1805 non
1832 1769 2037 1820 oporteat,

269 1828 460 1870 damnari
489 1841 657 1883 quoque
688 1840 772 1869 non
802 1831 1024 1881 oportere,
1073 1826 1265 1882 quoniam
1307 1840 1356 1867 ea
1395 1838 1530 1880 poena
1561 1825 1867 1868 damnationem
1897 1839 2040 1867 neces-

219 1904 253 1931 25
269 1890 376 1932 sario
410 1896 701 1947 consequatur.
762 1891 841 1930 Hic
882 1888 1078 1930 defensor
1117 1902 1277 1945 poenae
1317 1888 1684 1930 commutationem
1716 1903 1769 1931 ex
1797 1888 2038 1931 translativo

268 1970 422 2012 genere
451 1952 684 1995 inducendo
715 1957 844 1994 totam
883 1951 1109 1993 infirmabit
1144 1952 1466 1993 accusationem.
1543 1954 1842 1993 Verumtamen
1887 1953 2037 1993 ceteris

268 2033 435 2077 quoque
479 2016 722 2059 criminibus
767 2014 1040 2057 defendendis
1080 2013 1347 2057 coniecturali
1390 2012 1683 2055 constitutione
1721 2013 2036 2056 translationem

267 2080 542 2125 confirmabit.
601 2081 698 2120 XX.
732 2079 979 2133 Exemplum
1009 2084 1145 2119 autem
1176 2076 1455 2119 translationis
1485 2078 1528 2117 in
1558 2090 1681 2118 causa
1712 2078 1894 2131 positum
1915 2075 2036 2118 nobis

268 2146 321 2187 sit
348 2141 606 2186 huiusmodi:
658 2141 759 2181 Cum
798 2139 849 2182 ad
881 2140 965 2181 vim
994 2139 1223 2181 faciendam
1255 2140 1423 2193 quidam
1453 2139 1601 2181 armati
1631 2139 1858 2186 venissent,
1890 2140 2037 2180 armati

218 2222 254 2248 so
269 2213 413 2251 contra
441 2210 606 2262 praesto
636 2202 828 2252 fuerunt,
882 2208 922 2243 et
959 2204 1122 2244 cuidam
1160 2201 1289 2257 equiti
1329 2204 1516 2243 Romano
1557 2201 1724 2256 quidam
1767 2216 1820 2244 ex
1865 2200 2037 2243 armatis

267 2268 475 2314 resistenti
515 2266 651 2323 gladio
697 2280 864 2307 manum
908 2264 1126 2320 praecidit.
1186 2263 1283 2317 Agit
1322 2265 1381 2312 is,
1428 2264 1495 2305 cui
1534 2278 1678 2306 manus
1722 2263 1911 2318 praecisa
1949 2269 2033 2311 est,

266 2333 530 2376 iniuriarum.
589 2328 775 2370 Postulat
802 2327 862 2377 is,
897 2327 1061 2383 quicum
1082 2326 1241 2383 agitur,
1274 2339 1297 2367 a
1326 2332 1521 2382 praetore
1542 2325 1852 2381 exceptionem,
1885 2327 2037 2367 Exm

268 2408 391 2445 QVAM
422 2407 468 2437 IN
497 2405 618 2435 REVM
650 2402 820 2434 cArrris
851 2402 1173 2432 PRAmvnlclvn
1203 2401 1321 2431 FIAT.
1380 2392 1445 2431 60.
1477 2389 1556 2430 Hic
1585 2389 1644 2438 is,
1691 2387 1763 2444 qui
1792 2388 1896 2443 agit,
1928 2387 2037 2430 iudi-

267 2461 377 2501 cium
405 2470 556 2514 purum
586 2453 789 2509 postulat3
837 2452 925 2501 ille,
972 2452 1139 2508 quicum
1169 2451 1323 2507 agitur,
1371 2451 1663 2507 exceptionem
1693 2450 1790 2492 addi
1820 2450 1878 2491 ait
1911 2463 2037 2505 opor-

217 2535 252 2562 ³⁵
267 2527 370 2563 tere.
433 2517 630 2570 Quaestio
662 2521 745 2557 est:
775 2514 1080 2570 Excipiendum
1112 2514 1185 2563 sit,
1218 2528 1270 2555 an
1291 2527 1389 2556 non.
1450 2514 1593 2556 Ratio:
1626 2516 1719 2554 Non
1739 2512 1849 2554 enim
1870 2518 2037 2566 oportet

266 2580 580 2639 recuperatorio
619 2578 774 2621 iudicio
816 2579 905 2619 eius
947 2576 1162 2626 maleficii,
1211 2578 1263 2618 de
1306 2590 1390 2631 quo
1434 2576 1542 2618 inter
1581 2575 1752 2617 sicarios
1793 2575 2032 2629 quaeritur,

265 2644 569 2700 praeiudicium
598 2641 705 2684 fieri.
767 2639 993 2682 Infirmatio
1031 2640 1231 2682 rationis:
1278 2638 1494 2681 Eiusmodi
1533 2644 1627 2680 sunt
1665 2638 1863 2686 iniuriae,
1907 2642 1953 2679 ut
1983 2636 2035 2679 de

265 2709 317 2751 iis
345 2707 563 2762 indignum
595 2704 647 2746 sit
675 2717 759 2746 non
788 2702 925 2758 primo
962 2716 1129 2759 quoque
1166 2708 1354 2756 tempore
1389 2700 1577 2744 iudicari.
1634 2699 1859 2742 Iudicatio:
1911 2701 2036 2741 Atro-

267 2771 369 2813 citas
421 2768 669 2812 iniuriarum
706 2766 858 2808 satisne
896 2779 1043 2808 causae
1083 2767 1157 2814 sit,
1206 2779 1356 2821 quare,
1401 2764 1498 2806 dum
1538 2765 1590 2805 de
1623 2777 1672 2804 ea
1701 2761 1927 2811 iudicatur,
1978 2763 2031 2803 de

218 2847 255 2873 40
269 2835 406 2889 aliquo
437 2832 595 2875 maiore
625 2828 853 2878 maleficio,
886 2830 937 2870 de
959 2842 1040 2884 quo
1060 2827 1260 2870 iudicium
1282 2832 1563 2883 comparatum
1583 2826 1656 2874 sit,
1690 2824 2032 2879 praeiudicetur‘t

270 2899 404 2952 Atque
446 2894 685 2951 exemplum
731 2893 900 2947 quidem
947 2890 1027 2933 hoc
1067 2897 1142 2933 est.
1203 2893 1250 2932 In
1291 2891 1405 2931 omni
1443 2894 1581 2931 autem
1617 2902 1738 2930 causa
1773 2886 1824 2930 ab
1853 2892 2033 2943 utroque

361 3042 396 3074 lt.
423 3041 510 3073 Eius
536 3040 587 3079 P,
615 3037 732 3071 Schol.
762 3036 853 3070 Oud.
872 3059 880 3073 ,
915 3036 1017 3069 Voss.
1045 3036 1075 3068 I.
1102 3036 1150 3068 ΙΙ.
1192 3034 1293 3068 Leid.
1319 3034 1408 3065 111.:
1436 3031 1553 3064 Huius
1577 3031 1713 3065 ARTE.
1742 3048 1781 3057 --
1823 3033 1859 3065 5.
1884 3033 1956 3065 sint
1976 3031 2029 3064 P:

270 3091 350 3122 sunt
375 3089 511 3120 ARTE.
540 3104 580 3110 -
618 3087 652 3119 8.
677 3086 856 3126 praetoris
879 3083 1000 3115 PART
1028 3088 1064 3116 et
1089 3091 1208 3115 omnes
1235 3081 1328 3113 Oud.
1356 3079 1414 3119 (In
1440 3080 1601 3112 Lindem.
1631 3079 1694 3112 Ed.
1723 3088 1851 3121 operae
1876 3079 1929 3112 vel
1955 3087 2031 3110 cor-

270 3140 385 3168 rector
408 3134 606 3175 erratuum:
632 3131 827 3174 praetoriis
854 3130 894 3161 E.
926 3148 963 3153 —
992 3130 1049 3163 11.
1076 3138 1228 3170 quonam
1250 3127 1355 3159 modo
1372 3126 1481 3163 PAT,
1511 3126 1626 3158 Schol.
1649 3126 1743 3158 Oud.
1769 3127 1818 3167 (id
1847 3129 1920 3161 est,
1947 3134 2032 3166 qua-

270 3192 350 3215 nam
377 3191 417 3215 ex
441 3182 615 3219 actione):
644 3178 898 3220 quodammodo
922 3177 997 3208 RE.
1024 3194 1068 3199 —
1096 3176 1152 3208 18.
1179 3176 1306 3206 mentio
1329 3174 1437 3205 solam
1461 3173 1604 3205 PART:
1632 3173 1742 3204 solum
1765 3174 1893 3204 mentio
1919 3172 1959 3204 Ε.
1987 3186 2029 3196 -·

270 3231 328 3262 21.
356 3230 584 3260 damnaretur
609 3227 729 3259 PART
757 3227 935 3264 ceterique
963 3227 1060 3255 noti:
1088 3223 1273 3253 damnetur
1299 3221 1324 3252 E
1351 3222 1442 3252 coni.
1472 3236 1509 3242 —
1554 3220 1611 3250 22.
1639 3223 1671 3251 et
1696 3229 1738 3252 ea
1761 3218 1906 3251 PART:
1932 3221 1964 3250 et
1988 3228 2031 3251 ex

272 3285 313 3308 ea
341 3276 381 3307 E.
415 3291 448 3296 —
476 3275 533 3306 28.
558 3275 707 3314 positum
731 3273 829 3304 nobis
854 3271 1001 3303 VPAT:
1038 3271 1136 3302 nobis
1157 3269 1309 3309 positum
1334 3267 1404 3298 RE.
1436 3284 1470 3290 —
1509 3266 1567 3298 36.
1593 3267 1856 3307 recuperatorio
1881 3265 1970 3296 ΡΑΤ
1995 3269 2030 3310 et

273 3332 393 3356 omnes
419 3322 532 3354 Oud.:
570 3323 608 3352 in
632 3320 891 3360 recuperatorio
916 3316 989 3349 RE.
1018 3335 1056 3340 —
1097 3316 1153 3349 38.
1179 3316 1243 3347 iis.-
1279 3315 1346 3345 hiis
1370 3314 1450 3352 AT,
1487 3314 1538 3345 his
1561 3313 1663 3346 PRE.
1690 3327 1731 3337 —-
1766 3312 1823 3346 39.
1848 3312 2030 3345 iudicatur

272 3370 372 3404 Leid.
400 3369 429 3401 I.
459 3372 492 3402 et
517 3376 568 3408 pr.
597 3367 645 3408 P,
671 3369 753 3401 item
778 3366 926 3400 Lamb.:
952 3364 1124 3398 iudicetur
1148 3363 1175 3395 E
1202 3370 1279 3395 cum
1306 3361 1398 3393 ART
1425 3365 1459 3395 et
1483 3369 1573 3394 corr.
1599 3360 1639 3392 P.
