2117 3762
231 257 312 298 218
940 258 1009 298 DE
1042 258 1180 299 ORAT
1185 259 1288 302 ORE

229 377 353 406 nosse
394 363 569 414 debere,
623 378 706 406 non
747 364 862 404 vides
901 368 1063 404 veteres
1100 363 1213 419 leges
1252 370 1321 408 aut
1357 368 1465 422 ipsas
1504 379 1575 407 sua
1605 371 1809 408 vetustate
1841 383 1988 411 conse-

229 428 367 468 nuisse
398 433 467 468 aut
495 429 614 469 novis
642 425 802 479 legibus
834 438 925 467 esse
955 426 1163 468 sublatas?
1195 429 1316 477 Quod
1346 443 1446 470 vero
1470 430 1581 470 viros
1602 430 1736 470 bonos
1758 430 1849 472 iure
1875 434 1985 475 civili

227 487 321 529 fieri
350 495 491 542 putas,
525 491 619 545 quia
649 488 813 541 legibus
845 492 886 528 et
914 489 1097 542 praemia
1126 490 1342 544 proposita
1372 493 1454 532 sint
1483 489 1703 531 virtutibus
1727 498 1766 534 et
1786 495 1986 549 supplicia

227 551 360 602 vitiis;
393 553 585 606 equidem
614 548 807 606 putabam
838 549 1032 591 virtutem
1061 551 1299 595 bominibus
1330 554 1377 608 (si
1407 557 1533 597 modo
1564 557 1669 597 tradi
1700 556 1860 599 ratione
1891 574 1987 612 pos-

198 613 292 668 ssit)
337 615 590 656 instituendo
622 618 662 653 et
690 611 1002 667 persuadendo,
1053 627 1137 653 non
1179 616 1301 657 minis
1341 623 1380 659 et
1409 619 1450 660 vi
1481 633 1527 659 ac
1558 625 1670 659 metu
1701 622 1821 661 tradi.
1884 623 1987 663 Nam

226 677 360 731 ipsum
392 675 560 732 quidem
590 675 691 716 illud
722 674 844 716 etiam
874 675 962 716 sine
992 674 1231 728 cognitione
1260 677 1377 727 iuris,
1410 694 1532 734 quam
1565 682 1617 722 sit
1646 679 1804 723 bellum
1839 696 1987 725 cavere

225 740 406 787 malum,
439 739 545 779 scire
573 751 808 793 possumus.
869 739 964 779 2'48.
998 740 1058 779 De
1089 751 1153 778 me
1185 744 1323 780 autem
1352 741 1464 795 ipso,
1497 743 1563 784 cui
1594 745 1664 784 uni
1696 750 1739 784 tu
1770 748 1981 794 concedis,

226 806 271 842 ut
300 802 386 842 sine
422 802 505 841 ulla
529 801 646 842 ‚iuris
684 800 856 842 scientia
900 806 1040 841 tamen
1078 801 1212 841 causis
1251 801 1485 845 satisfacere
1531 808 1708 860 possim,
1763 807 1836 848 tibi
1883 807 1982 858 hoc,

230 864 394 911 Crasse,
428 862 687 918 respondeO,
729 877 865 918 neque
896 876 962 903 me
993 876 1176 917 unquam
1206 862 1271 905 ius
1304 864 1425 906 civile
1457 866 1649 910 didicisse
1681 883 1816 924 noque
1848 874 1988 913 tamen

176 936 213 962 10
228 926 268 965 in
299 924 347 965 iis
377 925 534 975 causis,
585 940 686 982 quas
716 928 757 967 in
787 926 879 967 iure
910 939 1078 981 possem
1111 925 1359 976 defendere,
1411 942 1592 982 unquam
1622 930 1741 972 istam
1774 933 1987 975 scientiam

227 989 499 1029 desiderasse.
561 989 682 1030 Aliud
704 995 766 1030 est
798 990 907 1030 enim
951 1002 1040 1029 esse
1069 988 1266 1029 artificem
1300 988 1513 1030 cuiusdam
1545 993 1709 1045 generis
1730 1000 1852 1050 atque
1873 997 1987 1044 artis,

225 1050 337 1091 aliud
378 1051 420 1090 in
457 1051 667 1093 communi
707 1052 790 1093 vita
831 1057 872 1092 et
910 1053 1071 1105 vulgari
1109 1051 1322 1092 hominum
1354 1053 1656 1096 consuetudine
1688 1071 1763 1097 nec
1795 1060 1987 1099 hebetem

226 1126 301 1153 nec
329 1114 491 1153 rudem.
551 1116 647 1155 249.
697 1113 771 1156 Cui
808 1117 999 1156 nostrum
1030 1128 1139 1156 nunc
1169 1114 1266 1155 licet
1295 1112 1445 1155 fundos
1477 1121 1642 1158 nostros
1674 1118 1791 1159 obire
1822 1125 1891 1160 aut
1921 1134 1988 1161 res

225 1174 398 1216 rusticas
430 1175 496 1217 vel
525 1175 684 1218 fructus
716 1190 837 1217 causa
868 1176 935 1217 vel
966 1176 1251 1217 delectationis
1282 1176 1492 1217 invisere?
1544 1180 1700 1218 Tamen
1739 1193 1863 1223 nemo
1903 1188 1987 1223 tam

175 1248 210 1274 15
225 1236 313 1278 sine
345 1236 499 1287 oculis,
533 1245 616 1280 tam
647 1238 735 1280 sine
766 1244 903 1280 mente
933 1239 1053 1287 vivit,
1087 1246 1150 1287 ut,
1183 1241 1283 1293 quid
1314 1240 1366 1280 sit
1397 1240 1593 1281 sementis
1622 1254 1668 1281 ac
1693 1242 1857 1290 messis,
1889 1244 1988 1300 quid

224 1299 422 1342 arborum
460 1301 620 1355 putatio
662 1315 709 1343 ac
738 1300 905 1349 vitium,
954 1315 1037 1356 quo
1068 1308 1255 1357 tempore
1287 1301 1382 1343 anni
1413 1307 1482 1342 aut
1513 1316 1595 1357 quo
1626 1306 1752 1344 modo
1785 1319 1833 1346 ea
1863 1305 1985 1356 fiant,

225 1366 392 1405 omnino
424 1365 591 1409 nesciat.
648 1367 753 1405 Num
785 1363 937 1418 igitur,
976 1365 1010 1405 si
1041 1366 1105 1405 cui
1136 1364 1286 1406 fundus
1317 1364 1596 1419 inspiciendus
1628 1371 1698 1406 aut
1729 1367 1763 1406 si
1793 1371 1989 1409 mandan-

225 1428 323 1468 dum
353 1427 508 1482 aliquid
537 1428 795 1482 procuratori
826 1426 877 1467 de
908 1426 1158 1480 agricultura
1188 1434 1256 1469 aut
1284 1427 1576 1480 imperandum
1606 1428 1744 1469 villico
1776 1430 1851 1477 sit,
1901 1433 1987 1472 Ma-

224 1491 343 1544 gonis
373 1489 729 1544 Karthaginiensis
756 1494 851 1530 sunt
879 1488 974 1529 libri
996 1490 1282 1544 perdiscendi,
1316 1504 1367 1531 an
1390 1492 1466 1531 hac
1488 1491 1695 1532 communi
1718 1491 1988 1547 intelligentia

174 1558 212 1586 20
226 1554 406 1594 contenti
436 1567 526 1594 esse
555 1555 802 1608 possumus?
850 1552 932 1592 Cur
962 1565 1062 1605 ergo
1095 1567 1178 1594 non
1209 1553 1339 1594 iidem
1369 1553 1413 1594 in
1443 1553 1534 1594 iure
1565 1553 1699 1602 civili,
1742 1557 1988 1609 praesertim

225 1629 317 1655 cum
348 1615 391 1656 in
421 1618 553 1657 causis
584 1621 624 1657 et
652 1615 694 1657 in
723 1614 903 1669 negotiis
934 1620 974 1656 et
1003 1614 1046 1655 in
1075 1616 1169 1657 foro
1200 1622 1490 1664 conteramur,
1540 1617 1637 1657 satis
1678 1616 1868 1658 instructi
1899 1632 1990 1660 esse

222 1691 441 1733 possumus
471 1680 523 1720 ad
552 1680 631 1720 hoc
662 1680 890 1724 dumtaxat,
922 1690 974 1718 ne
1003 1676 1046 1717 in
1076 1682 1216 1719 nostra
1247 1680 1377 1732 patria
1407 1678 1618 1734 peregrini
1649 1685 1775 1733 atque
1803 1681 1988 1723 advenae

225 1755 316 1781 esse
338 1740 576 1783 videamur?
607 1743 700 1783 250.
732 1743 788 1782 Ac
819 1741 853 1780 si
882 1739 965 1781 iam
996 1741 1048 1781 sit
1078 1754 1200 1782 causa
1229 1743 1366 1796 aliqua
1396 1741 1447 1782 ad
1477 1755 1553 1783 nos
1585 1741 1720 1782 delata
1750 1743 1985 1792 obscurior,

225 1802 415 1852 difficile,
461 1807 608 1853 credo,
655 1803 727 1852 sit,
775 1818 868 1844 cum
905 1804 986 1844 hoc
1018 1805 1219 1846 Scaevola
1249 1804 1578 1854 communicare;
1630 1819 1879 1860 quamquam
1910 1807 1990 1862 ipsi

174 1873 210 1898 2⁵
226 1867 386 1916 omnia,
436 1882 615 1922 quorum
655 1868 870 1922 negotium
909 1872 994 1915 est,
1048 1867 1233 1908 consulta
1268 1867 1318 1909 ad
1357 1881 1433 1908 nos
1473 1872 1513 1908 et
1543 1867 1752 1921 exquisita
1783 1867 1989 1910 deferunt.

223 1931 287 1970 An
329 1943 457 1979 vero,
505 1931 539 1972 si
579 1929 629 1972 de
667 1944 715 1971 re
756 1931 867 1983 ipsa,
913 1928 948 1970 si
987 1931 1037 1970 de
1066 1930 1240 1978 finibus,
1289 1931 1456 1972 cumin
1487 1944 1576 1970 rem
1607 1936 1872 1983 praesentem
1904 1945 1989 1973 non

224 1992 439 2041 venimus,
487 1993 522 2033 si
562 1994 614 2034 de
651 1991 801 2034 tabulis
842 1997 884 2032 et
919 1991 1291 2047 perscriptionibus
1329 1993 1616 2034 controversia
1647 1997 1732 2040 est,
1779 1998 1989 2035 contortas

224 2067 290 2095 res
321 2059 362 2095 et
390 2068 513 2110 saepe
545 2053 733 2096 difficiles
763 2055 998 2096 necessario
1041 2054 1342 2109 perdiscimus:
1391 2055 1425 2096 si
1455 2056 1568 2109 leges
1599 2054 1720 2096 nobis
1751 2060 1820 2096 aut
1850 2055 1886 2097 si
1915 2055 1991 2098 ho-

223 2117 380 2157 minum
409 2119 639 2173 peritorum
667 2130 869 2172 responsa
899 2119 1188 2170 cognoscenda
1228 2123 1344 2166 sunt,
1398 2130 1613 2165 veremur,
1664 2130 1717 2157 ne
1754 2131 1822 2165 ea,
1873 2118 1908 2159 si
1938 2117 1989 2160 ab

175 2192 213 2219 30
226 2178 502 2221 adolescentia
532 2180 613 2222 iuri
644 2180 753 2222 civili
785 2181 920 2220 minus
951 2178 1255 2229 studuerimus,
1289 2193 1374 2221 non
1405 2193 1605 2235 queamus
1636 2184 1920 2233 cognoscere?

338 2245 444 2288 LIX.
486 2243 650 2285 Nihilne
680 2243 807 2297 igitur
835 2244 1008 2297 prodest
1038 2243 1196 2283 oratori
1226 2242 1327 2284 iuris
1358 2243 1489 2284 civilis
1521 2241 1723 2284 scientia?
1771 2245 1864 2284 Nou
1893 2257 1990 2299 pos-

225 2320 314 2346 sum
346 2319 497 2361 negare
526 2305 727 2362 prodesse
758 2305 883 2347 ullam
914 2304 1153 2354 scientiam,
1203 2306 1240 2346 ei
1271 2307 1515 2360 praesertim
1535 2337 1547 2354 ,
1597 2306 1714 2347 cuius
1751 2305 1990 2362 eloquentia

225 2369 344 2422 copia
384 2383 524 2410 rerum
560 2368 712 2410 debeat
750 2382 841 2409 esse
882 2373 1050 2418 ornata3
1102 2369 1175 2409 sed
1205 2368 1332 2410 multa
1363 2374 1402 2410 et
1433 2381 1582 2423 magna
1612 2373 1652 2409 et
1681 2367 1863 2410 difficilia
1893 2374 1989 2410 sunt

226 2445 298 2480 ea,
341 2444 446 2487 quae
483 2438 578 2474 sunt
617 2433 775 2473 oratori
818 2431 1072 2478 necessaria,
1119 2435 1164 2472 ut
1206 2432 1294 2472 eius
1333 2431 1578 2473 iudustriam
1617 2430 1659 2472 in
1697 2430 1816 2486 plura
1854 2432 1989 2472 studia

173 2505 210 2533 35
226 2495 460 2536 distrahere
491 2494 636 2536 nolim.
698 2497 792 2536 251.
836 2495 938 2544 Quis
976 2499 1100 2548 neget
1138 2507 1242 2548 opus
1282 2508 1372 2536 esse
1416 2495 1573 2536 oratori
1611 2495 1654 2534 in
1689 2496 1770 2534 hoc
1801 2495 1988 2535 oratorio

224 2562 341 2599 motu
384 2563 574 2612 statuque
616 2557 754 2599 Roscii
800 2563 962 2611 gestum
1010 2562 1050 2598 et
1087 2560 1378 2598 venustatem?
1441 2559 1596 2597 Tamen
1641 2569 1764 2596 nemo
1810 2556 1989 2597 suaserit

224 2619 419 2662 studiosis
458 2620 621 2662 dicendi
651 2622 981 2662 adolescentibus
1011 2621 1054 2660 in
1085 2626 1204 2674 gestu
1234 2618 1429 2661 discendo
1462 2619 1711 2660 histrionum
1743 2631 1860 2659 more
1900 2620 1985 2660 ela-

224 2681 393 2724 horare.
473 2684 583 2733 Quid
628 2688 690 2724 est
729 2686 886 2725 oratori
926 2689 1010 2724 tam
1048 2683 1326 2724 necessarium
1371 2696 1495 2737 quam
1525 2685 1641 2723 vox?
1691 2684 1873 2730 Tamen,
1919 2694 1987 2722 me

227 2750 423 2794 auctore,
470 2759 592 2787 nemo
625 2745 787 2786 dicendi
819 2745 1028 2787 studiosus
1060 2748 1313 2787 Graecorum
1345 2758 1462 2785 more
1494 2750 1535 2785 et
1564 2746 1859 2798 tragoedorum
1889 2744 1984 2785 voci

177 2815 213 2842 40
228 2807 404 2857 serviet,
452 2809 523 2864 qui
554 2813 594 2850 et
622 2822 753 2850 annos
784 2808 1020 2864 complures
1050 2810 1241 2850 sedentes
1271 2807 1535 2849 declamitant
1565 2812 1604 2848 et
1634 2805 1841 2862 quotidie,
1872 2811 1986 2848 ante-

321 2972 352 3002 1.
382 2973 476 3012 ipsas
501 2972 528 3003 B
553 2971 710 3011 aliiquet
737 2972 814 3011 ipsa
832 2971 908 3002 RE.
930 2986 969 2994 —
995 2971 1028 3002 8.
1056 2971 1118 3003 Vv.
1141 2970 1233 3002 tibi·
1252 2977 1412 3009 -possem
1440 2967 1643 3000 exciderunt
1669 2977 1707 3000 ex
1732 2969 1774 3000 B.
1794 2985 1835 2991 --
1862 2969 1917 2999 10.
1937 2967 1988 2998 his

228 3019 271 3050 Β.
302 3034 337 3040 --
368 3019 425 3049 11.
453 3020 541 3050 enim
567 3022 615 3051 est
639 3019 679 3050 B.
709 3036 744 3041 —
776 3019 871 3049 cuias
899 3018 939 3049 Β.
972 3035 1007 3041 -
1053 3019 1110 3049 13.
1137 3026 1229 3048 nunc
1255 3016 1414 3047 Schi'itzio
1443 3018 1584 3047 auctore
1611 3014 1663 3045 T:
1691 3024 1762 3046 mm
1787 3023 1864 3046 cum
1891 3014 1985 3046 libris

230 3063 347 3105 (etiam
371 3065 413 3098 B)
441 3066 517 3099 RE,
545 3070 704 3096 nostrum
728 3065 807 3096 licet
832 3065 957 3096 mavolt
982 3065 1122 3096 Bakius.
1158 3081 1193 3086 -
1223 3063 1278 3094 16.
1305 3063 1393 3104 fiant
1421 3071 1460 3093 ea
1488 3062 1529 3093 Β.
1557 3076 1601 3083 ——
1626 3062 1681 3093 17.
1709 3063 1739 3094 si
1763 3062 1824 3101 qui
1838 3061 1982 3096 Bakius.

231 3128 269 3135 -
299 3111 355 3141 20.
383 3112 472 3142 idem
497 3112 606 3143 Codd.
635 3112 852 3150 complures,
880 3112 959 3142 item
986 3112 1125 3143 Bakius.
1156 3127 1195 3133 —
1233 3110 1290 3140 21.
1318 3118 1387 3139 esse
1410 3110 1585 3147 possimus
1610 3108 1652 3139 R.
1682 3125 1722 3130 —
1765 3108 1821 3139 25.
1849 3111 1880 3139 et
1905 3111 1984 3139 ante

230 3157 404 3196 exquisita
428 3167 495 3188 om.
523 3159 562 3189 B.
606 3176 644 3182 —
686 3158 743 3189 27.
764 3159 1099 3198 praescriptionibus
1126 3157 1238 3189 Havn.
1271 3156 1304 3187 1.
1331 3156 1365 3187 2.
1395 3160 1428 3187 et
1454 3155 1510 3186 alii
1540 3155 1721 3192 nonnulli,
1750 3156 1831 3186 item
1857 3154 1981 3185 Aldus.

231 3204 288 3245 (Ut
313 3211 398 3238 nos,
426 3203 469 3234 R.
498 3204 544 3236 Ex
569 3205 595 3235 B
623 3205 707 3236 nihil
735 3202 901 3243 notatur.)
930 3222 965 3228 —
995 3204 1052 3236 34.
1079 3202 1130 3244 ut]
1158 3208 1194 3234 at
1221 3203 1263 3235 R.
1292 3220 1333 3225 —
1362 3201 1417 3233 36.
1447 3208 1554 3243 yustu
1578 3201 1655 3241 (sic)
1680 3205 1712 3232 et
1733 3204 1912 3232 venustate
1938 3200 1983 3231 Β.

230 3266 274 3273 -
298 3249 354 3281 37.
383 3250 543 3281 discendo
570 3257 768 3290 suspectum
794 3252 916 3283 Bauio,
947 3269 983 3274 -
1012 3260 1148 3282 morum
1173 3250 1212 3281 B.
1241 3266 1283 3271 —
1309 3249 1364 3281 39.
1392 3249 1456 3280 Vv.
1484 3248 1638 3281 discendi
1663 3247 1838 3278 studiosus
1863 3256 1984 3286 suspe-

233 3302 285 3329 cta
312 3297 432 3327 Bakio.
454 3311 491 3319 -
526 3296 589 3328 Vv.
619 3302 648 3329 et
674 3299 922 3336 traqoedorum
946 3298 1088 3330 seclusit
1121 3296 1270 3329 Ellendt.
1299 3300 1330 3327 et
1354 3305 1422 3328 om.
1450 3296 1533 3337 Lag.
1563 3301 1653 3333 tres,
1681 3299 1718 3326 ut
1743 3293 1812 3326 volt
1839 3293 1981 3326 Bakius.

230 3360 273 3367 -
299 3343 355 3375 40.
383 3342 600 3385 quampluris
624 3344 768 3377 sedendo
793 3346 836 3377 Β.
