2117 3762
327 273 380 314 66
993 269 1060 308 AD
1092 268 1402 311 HERENNIUM

325 376 549 419 studiosius
579 374 778 417 occidisti.
841 370 982 422 Quid-2
1014 384 1105 414 cum
1136 372 1210 414 tibi
1239 374 1359 429 pueri
1389 373 1437 415 ad
1468 372 1594 428 pedes
1615 372 1925 422 volutarentur,
1958 373 2082 416 mise-

323 440 503 482 ricordia
532 444 668 480 motus
698 439 769 478 es?
799 437 850 476 At
880 448 1025 476 eorum
1055 440 1214 489 patrem
1244 436 1527 478 crudelissime
1559 436 1768 491 sepultura
1796 449 1961 491 quoque
1981 450 2080 492 pro-

323 502 507 544 hibuisti.
569 503 634 542 34.
664 499 837 541 Multum
874 497 980 538 inest
1017 497 1267 538 acrimoniae
1299 506 1339 539 et
1368 499 1578 553 gravitatis
1608 499 1650 540 in
1680 500 1756 539 hac
1786 503 2078 548 exornatione,

323 572 545 621 propterea
576 561 704 618 quod,
752 574 844 601 cum
883 562 1113 615 quaesitum
1153 565 1236 607 est,
1289 560 1387 615 quid
1417 567 1630 616 oporteat,
1678 559 1896 602 subiicitur
1925 561 1968 603 id
1996 575 2079 604 non

293 638 412 670 sesse
442 627 610 669 sactum.
674 625 812 673 Quare
842 620 1034 663 facillime
1064 622 1128 670 fit,
1172 626 1218 662 ut
1257 630 1511 677 exaugeatur
1545 624 1763 678 indignitas
1793 623 1960 678 negotii.
2017 626 2080 665 Ex

324 691 467 733 eodem
500 700 672 742 genere,
705 692 749 727 ut
779 684 830 726 ad
860 691 1043 726 nostram
1076 697 1243 739 quoque
1273 697 1494 739 personam
1515 687 1740 728 referamus
1763 686 2077 734 subiectionem,

321 754 400 795 sic:
451 754 551 792 Nam
592 747 690 804 quid
729 761 794 788 me
830 746 968 788 facere
999 750 1210 794 convenit,
1263 761 1353 788 cum
1386 762 1408 788 a
1438 754 1546 791 tanta
1578 750 1788 791 Gallorum
1819 748 2079 790 multitudine

321 815 676 857 circumsederer?
727 814 787 852 An
819 810 1088 852 dimicarem‘?
1138 812 1187 850 At
1227 822 1319 849 cum
1359 823 1486 865 parva
1517 826 1640 854 manu
1672 819 1755 854 tum
1787 811 2077 866 prodiremus,

319 879 455 920 locum
487 889 653 931 quoque
683 872 1013 914 inimicissimum
1044 871 1310 913 habebamus.
1374 872 1569 914 Sederem
1600 874 1642 916 in
1673 874 1844 916 castris?
1877 877 1926 916 At
1947 887 2080 929 neque

269 953 305 979 10
321 939 566 986 subsidium,
599 936 711 992 quod
743 943 1050 990 exspectarem,
1083 934 1334 976 habebamus
1365 949 1498 989 neque
1529 943 1638 985 erat,
1672 937 1743 992 qui
1770 938 1893 978 vitam
1925 936 2081 992 produ-

320 1016 522 1044 ceremus.
586 1002 725 1042 Castra
763 999 1069 1053 relinquerem?
1119 1002 1170 1040 At
1207 998 1517 1039 obsidebamur.
1579 999 1714 1040 Vitam
1746 1000 1920 1041 militum
1952 999 2082 1054 negli—

319 1068 488 1122 gerem?
521 1067 570 1104 At
601 1076 673 1103 eos
705 1060 875 1103 videbar
906 1076 951 1102 ea
984 1060 1189 1116 accepisse
1213 1060 1480 1109 condicione,
1515 1067 1558 1102 ut
1585 1060 1710 1115 [eos],
1744 1061 1878 1117 quoad
1901 1076 2079 1117 possem,

317 1129 544 1171 incolumes
574 1125 731 1181 patriae
762 1129 801 1164 et
831 1124 1070 1178 parentibus
1102 1138 1408 1168 conservarem.
1469 1123 1660 1165 Hostium
1696 1124 1980 1166 condicionem
2013 1138 2080 1166 re-

316 1192 559 1249 pudiarem?
591 1191 643 1228 At
673 1187 780 1228 salus
812 1186 1022 1241 antiquior
1043 1192 1104 1227 est
1127 1187 1299 1228 militum
1323 1201 1445 1243 quam
1468 1186 1871 1241 impedimentorum.
1931 1187 2081 1228 Huius-

266 1268 301 1294 15
317 1255 428 1297 modi
451 1256 760 1307 consequuntur
781 1248 1004 1290 identidem
1027 1248 1329 1297 subiectiones,
1361 1257 1406 1291 ut
1423 1264 1474 1290 ex
1492 1248 1684 1291 omnibus
1706 1249 1867 1291 ostendi
1888 1248 2081 1291 videatur

318 1318 420 1362 nihil
451 1317 587 1372 potius
619 1327 766 1369 quam,
801 1311 913 1368 quod
943 1311 1093 1353 factum
1127 1312 1199 1361 sit,
1234 1312 1467 1354 faciendum
1496 1312 1636 1354 fuisse.

426 1381 558 1421 XXV.
609 1376 802 1418 Gradatio
844 1380 930 1424 est,
982 1376 1025 1416 in
1063 1390 1142 1431 qua
1182 1390 1266 1416 non
1307 1382 1401 1417 ante
1433 1377 1484 1416 ad
1515 1390 1773 1430 consequens
1803 1377 1979 1416 verbum
2010 1376 2082 1417 de·-

316 1443 551 1489 scenditur,
603 1454 724 1496 quam
768 1440 820 1479 ad
851 1440 1042 1493 superius
1073 1453 1345 1479 conscensum
1379 1445 1468 1487 est,
1518 1438 1595 1479 hoc
1628 1440 1774 1480 modo:
1826 1440 1928 1480 Nam
1974 1453 2080 1494 quae

315 1507 472 1563 reliqua
505 1517 598 1559 spes
630 1507 768 1543 manet
798 1501 1027 1550 libertatis,
1061 1502 1094 1541 si
1125 1502 1204 1543 illis
1237 1507 1277 1542 et
1308 1504 1418 1557 quod
1450 1501 1574 1550 libet,
1610 1502 1727 1551 licet,
1754 1500 1803 1543 'et
1823 1503 1935 1558 quod
1965 1503 2077 1550 licet,

265 1580 300 1607 20
316 1574 509 1626 possunt,
554 1572 594 1607 et
624 1567 735 1622 quod
766 1570 963 1620 possunt,
997 1566 1178 1613 audent,
1227 1570 1268 1605 et
1297 1567 1408 1619 quod
1440 1567 1617 1613 audent,
1663 1565 1841 1611 faciunt,
1889 1570 1929 1605 et
1968 1565 2080 1620 quod

314 1633 497 1679 faciunt,
531 1631 650 1671 vobis
683 1630 903 1669 molestum
935 1642 1018 1668 non
1049 1631 1138 1667 est?
1190 1628 1318 1668 Item:
1354 1630 1444 1669 Non
1477 1629 1585 1668 sensi
1617 1630 1724 1675 hoe,
1759 1633 1800 1668 et
1829 1641 1911 1668 non
1942 1628 2079 1677 suasi;

315 1710 449 1751 neque
482 1694 619 1741 suasi,
667 1698 706 1732 et
746 1705 830 1732 non
872 1690 961 1745 ipse
992 1691 1128 1730 statim
1160 1689 1296 1731 facere
1329 1692 1474 1745 coepi;
1521 1705 1653 1746 neque
1685 1690 1820 1731 facere
1853 1691 1996 1745 coepi,
2041 1694 2081 1730 et

314 1773 396 1799 non
428 1756 613 1813 perfeci3
647 1768 781 1810 neque
813 1754 993 1808 perfeci,
1028 1758 1069 1794 et
1100 1767 1183 1793 non
1216 1755 1403 1807 probavi.
1466 1755 1597 1795 Item:
1649 1755 1844 1794 Africano
1877 1754 2080 1794 industria

313 1823 508 1863 virtutem
529 1851 539 1868 ,
574 1820 703 1861 virtus
737 1818 933 1871 gloriam,
981 1817 1115 1870 gloria
1145 1816 1331 1857 aemulos
1362 1818 1629 1871 comparavit.
1692 1819 1819 1857 Item:
1855 1816 2081 1870 Imperium

265 1901 300 1927 25
317 1885 511 1926 Graeciae
554 1881 629 1923 fuit
667 1895 792 1936 penes
834 1880 1137 1927 Athenienses,
1189 1880 1504 1920 Atheniensium
1543 1880 1660 1934 potiti
1701 1884 1794 1920 sunt
1834 1880 2077 1933 Spartiatae,

317 1949 541 2003 Spartiatas
573 1958 823 1999 superavere
855 1942 1065 1988 Thebani,
1112 1943 1332 1982 Thebanos
1373 1944 1620 1983 Macedones
1661 1942 1864 1988 vicerunt,
1918 1943 1988 1997 qui
2029 1943 2081 1982 ad

315 2013 538 2067 imperium
586 2008 780 2049 Graeciae
824 2006 943 2046 brevi
985 2010 1173 2059 tempore
1211 2005 1492 2046 adiunxerant
1538 2006 1674 2046 Asiam
1705 2004 1817 2045 bello
1849 2007 2077 2046 subactam.

319 2077 386 2116 35.
435 2075 569 2115 Habet
600 2073 639 2111 in
673 2086 716 2111 se
748 2071 952 2124 quendam
984 2070 1168 2122 leporem
1202 2069 1428 2122 superioris
1460 2069 1659 2123 cuiusque
1701 2069 1850 2108 crebra
1888 2068 2080 2123 repetitio

315 2136 462 2185 verbi,
498 2149 601 2191 quae
634 2134 803 2189 propria
834 2137 894 2172 est
924 2132 1046 2171 huius
1079 2132 1376 2172 exornationis.

268 2216 302 2242 30
428 2200 622 2240 Delinitio
655 2203 744 2244 est,
779 2210 884 2250 quae
916 2195 976 2235 rei
1008 2194 1180 2234 alicuius
1212 2195 1400 2249 proprias
1432 2195 1695 2249 amplectitur
1726 2198 1952 2248 potestates
1983 2194 2079 2235 bre-

316 2264 423 2304 viter
453 2268 493 2303 et
524 2261 732 2305 absolute,
766 2260 845 2299 hoc
877 2259 1020 2298 modo:
1057 2258 1247 2297 Maiestas
1279 2259 1337 2297 rei
1371 2258 1560 2312 publicae
1593 2265 1675 2304 est,
1708 2258 1748 2297 in
1781 2271 1860 2311 qua
1893 2258 2079 2298 contine-

317 2332 385 2367 tur
415 2325 590 2378 dignitas
622 2328 661 2363 et
692 2321 919 2376 amplitudo
953 2321 1141 2360 civitatis.
1206 2321 1331 2359 Item:
1381 2322 1559 2361 iniuriae
1593 2326 1711 2366 sunt,
1757 2334 1861 2375 quae
1892 2325 1962 2361 aut
1993 2321 2081 2375 pul-

319 2389 478 2430 satione
510 2400 659 2440 corpus
690 2391 759 2425 aut
790 2384 978 2424 convicio
1011 2398 1129 2423 aures
1160 2388 1229 2423 aut
1259 2384 1395 2438 aliqua
1427 2385 1682 2438 turpitudine
1706 2385 1828 2424 vitam
1852 2384 2079 2439 cuiuspiam

317 2451 489 2493 violant.
552 2453 676 2490 item:
710 2451 800 2489 Non
833 2454 894 2488 est
923 2448 997 2487 ista
1021 2447 1256 2499 diligentia,
1291 2449 1361 2487 sed
1384 2448 1553 2488 avaritia
1573 2479 1583 2496 ,
1619 2449 1713 2488 ideo
1737 2446 1846 2502 quod
1869 2447 2081 2501 diligentia

271 2530 304 2557 ³5
321 2521 381 2556 est
413 2519 603 2555 accurata
634 2512 892 2553 conservatio
926 2525 1120 2557 suorum,
1155 2510 1348 2556 avaritia,
1380 2511 1579 2551 iniuriosa
1610 2510 1808 2565 appetitio
1832 2510 2076 2550 alienorum.

320 2580 452 2619 Item:
502 2579 595 2617 Non
626 2581 687 2615 est
716 2576 794 2614 ista
825 2573 1046 2620 fortitudo,
1093 2575 1163 2613 sed
1197 2573 1404 2614 temeritas
1425 2606 1434 2622 ,
1483 2579 1700 2628 propterea
1740 2574 1850 2628 quod
1880 2572 2078 2613 fortitudo

322 2646 382 2682 est
412 2640 665 2693 contemptio
699 2637 852 2678 laboris
884 2642 924 2676 et
955 2636 1125 2690 periculi
1158 2651 1249 2677 cum
1282 2638 1442 2677 ratione
1472 2637 1658 2677 utilitatis
1681 2641 1720 2677 et
1741 2635 2080 2690 compensatione

323 2705 664 2748 commodorum,
727 2700 938 2740 temeritas
984 2706 1044 2739 est
1089 2714 1180 2739 cum
1228 2701 1530 2741 inconsiderata
1577 2700 1765 2740 laborum
1813 2698 2079 2753 perpessione

324 2767 566 2821 gladiatoria
597 2763 874 2820 periculorum
906 2763 1126 2816 susceptio.
1153 2764 1156 2766 ’
1189 2764 1300 2803 Haec
1332 2763 1424 2803 ideo
1458 2764 1675 2804 commoda
1708 2767 1872 2816 putatur
1904 2773 2079 2801 exorna-

275 2843 312 2870 40
325 2832 407 2877 tio,
447 2831 558 2885 quod
589 2841 754 2869 omnem
785 2827 844 2867 rei
877 2826 1102 2879 cuiuspiam
1133 2825 1213 2865 vim
1247 2831 1286 2865 et
1316 2831 1560 2880 potestatem
1591 2826 1646 2865 ita
1677 2824 1854 2866 dilucide
1884 2825 2080 2880 proponit

326 2900 363 2933 et
396 2894 601 2941 breviter,
647 2896 692 2931 ut
730 2904 865 2944 neque
908 2888 1092 2943 pluribus
1136 2889 1274 2930 verbis
1315 2889 1549 2942 oportuisse
1590 2888 1672 2928 dici
1711 2888 1900 2929 videatur
1944 2900 2077 2943 neque

326 2955 501 2996 lucidius
533 2955 717 3010 potuisse
749 2954 828 2993 dici
859 2957 1039 3007 putetur.

437 3019 586 3059 XXVI.
621 3017 826 3057 Transitio
857 3019 1055 3060 vocatur,
1088 3026 1193 3068 quae
1225 3027 1316 3054 cum
1349 3014 1528 3057 ostendit
1557 3014 1761 3062 breviter,
1794 3014 1892 3070 quid
1923 3013 2077 3054 dictum

425 3182 480 3212 12.
508 3181 550 3212 At
577 3189 630 3212 eos
655 3179 798 3211 videbar
825 3189 864 3211 ea
889 3179 1058 3218 accepisse
1085 3178 1307 3217 condicione,
1336 3182 1375 3210 ut
1401 3188 1472 3217 eos,
1501 3178 1617 3218 quoad
1635 3176 1833 3209 PABFRT:
1858 3176 1903 3208 Ac
1921 3184 1962 3207 ea
1987 3176 2095 3208 vides

330 3228 395 3261 bar
422 3237 475 3260 eos
502 3230 670 3267 accepisse
695 3228 913 3262 condicione,
955 3230 1010 3264 ut,
1050 3227 1163 3267 quoad
1193 3226 1228 3255 E.
1281 3227 1436 3259 Alterum
1464 3234 1519 3256 eos
1547 3226 1761 3257 seclusimus.
1793 3240 1828 3248 --
1865 3223 1918 3255 16.
1944 3223 2078 3263 faciun-

333 3276 413 3306 dum
437 3275 541 3310 PAF,
570 3274 607 3305 L.
649 3290 689 3295 —-
734 3275 787 3305 18.
817 3282 992 3306 ascensum
1019 3273 1068 3310 B,
1095 3273 1133 3304 L.
1171 3272 1251 3303 Sch.
1291 3290 1328 3296 —-
1369 3273 1425 3304 38.
1457 3272 1626 3313 laborum]
1664 3272 1819 3303 dolorum
1853 3271 1911 3302 BR
1947 3271 2076 3311 alitque

332 3322 430 3363 prob.
460 3321 552 3353 Oud.
597 3338 634 3344 -
674 3320 731 3352 41.
760 3322 904 3353 breviter
931 3320 1042 3352 PFRT
1071 3325 1104 3351 et
1132 3329 1182 3358 pr.
1203 3321 1249 3350 A:
1286 3320 1436 3359 explicat
1461 3321 1606 3352 breviter
1631 3320 1657 3352 B
1683 3325 1717 3351 et
1741 3327 1828 3351 corr.
1852 3318 1902 3357 A,
1929 3317 2078 3351 breviter

334 3369 486 3410 explicat
518 3368 559 3401 E.
591 3385 628 3392 —
656 3367 714 3398 42.
743 3368 903 3407 lucidius]
929 3368 1062 3400 brevcus
1086 3366 1233 3399 PBFRT
1260 3368 1402 3408 altique.
