2117 3762
248 246 327 288 186
954 245 1024 285 DE
1056 243 1301 288 ORATORE

244 355 414 409 proprie
445 357 606 394 ceterae
635 366 720 394 non
749 349 1024 392 adhibeantur
1054 353 1182 397 artes,
1232 355 1367 393 tamen
1402 350 1522 393 facile
1553 349 1801 400 declaratur,
1851 358 1989 396 utrum

245 416 302 464 is,
353 414 424 471 qui
455 415 584 464 dicat,
637 413 917 455 tantummodo
948 414 990 452 in
1019 412 1100 452 hoc
1131 412 1422 456 declamatorio
1453 415 1505 455 sit
1543 427 1671 469 opere
1708 414 1899 464 iactatus,
1944 430 1996 458 an

245 477 297 520 ad
326 476 545 520 dicendum
575 474 765 518 omnibus
795 473 987 529 ingenuis
1019 475 1176 515 artibus
1204 474 1427 518 instructus
1459 475 1693 518 accesserit.

357 541 487 583 XVII.
535 541 602 582 742.
648 540 752 578 Tum
794 536 931 577 ridens
978 535 1200 577 scaevola:
1252 539 1344 579 Non
1390 538 1578 580 luctabor
1624 544 1780 586 tecum,
1840 540 1994 595 inquit,

215 605 412 652 sCrasse,
445 601 630 657 amplius,
688 598 734 640 Id
765 599 873 640 enim
902 599 1054 654 ipsum,
1103 597 1216 654 quod
1247 605 1389 641 contra
1418 614 1484 642 me
1514 603 1676 642 locutus
1707 614 1772 649 es,
1822 602 1996 644 artiticio

245 669 424 721 quodam
455 678 499 705 es
530 667 791 710 consecutus,
823 667 869 703 ut
898 668 937 703 et
966 663 1090 708 mihi,
1126 675 1233 716 quae
1264 675 1341 716 ego
1371 663 1538 711 vellem,
1579 677 1661 705 non
1693 676 1783 704 esse
1815 664 1996 705 oratoris

244 727 492 769 concederes
523 731 562 766 et
592 738 640 787 ea
669 723 756 780 ipsa
785 726 926 766 nescio
957 723 1168 779 quomodo
1206 737 1348 765 rursus
1380 724 1651 781 detorqueres
1682 732 1807 780 atque
1839 725 1998 768 oratori

242 791 411 845 propria
440 787 638 830 traderes.
699 789 768 828 75.
801 788 937 837 Quae,
970 802 1062 828 cum
1094 799 1172 841 ego
1203 792 1371 841 praetor
1399 787 1588 830 Rhodum
1622 790 1822 830 venissem
1844 794 1998 830 etcum

242 852 314 892 illo
344 863 504 892 summo
535 849 704 891 doctore
734 849 852 891 istius
884 850 1121 904 disciplinae
1152 848 1369 904 Apollonio
1402 863 1473 898 ca,
1514 865 1618 906 quae
1649 866 1672 892 a
1702 850 1896 892 Panaetio
1931 864 1999 892 ac-

192 927 229 953 1ο
243 927 454 969 ceperam,
485 912 769 961 contulissem,
800 912 929 953 irrisit
958 912 1026 953 ille
1047 911 1239 968 quidem,
1273 916 1317 952 ut
1337 912 1513 960 solebat,
1545 913 1848 969 philosophiam
1872 919 1998 968 atque

243 974 488 1030 contempsit
517 977 729 1031 multaque
759 989 842 1016 non
872 981 953 1016 tam
985 975 1165 1030 graviter
1195 975 1300 1016 dixit
1329 987 1451 1029 quam
1480 973 1635 1025 facete;
1670 983 1737 1017 tua
1761 981 1896 1017 autem
1919 975 1997 1018 fuit

242 1037 374 1079 oratio
405 1037 635 1086 eiusmodi,
679 1051 761 1079 non
792 1044 836 1079 ut
866 1038 992 1079 ullam
1022 1043 1152 1079 artem
1184 1037 1464 1079 doctrinamve
1495 1041 1803 1086 contemneres,
1850 1037 1922 1080 sed
1953 1043 1998 1079 ut

243 1114 386 1142 omnes
429 1100 600 1142 comites
640 1113 686 1141 ac
723 1100 1034 1142 ministratrices
1076 1100 1252 1142 oratoris
1289 1112 1378 1140 esse
1417 1098 1589 1140 diceres.
1650 1102 1718 1142 76.
1753 1102 1863 1151 Quas
1896 1113 1997 1154 egO,

242 1165 275 1205 si
311 1163 402 1219 quis
442 1163 493 1205 sit
530 1177 635 1204 unus
676 1164 918 1218 complexus
960 1176 1103 1204 omnes
1142 1162 1335 1217 idemque
1366 1161 1401 1202 si
1430 1161 1481 1202 ad
1512 1175 1581 1203 eas
1611 1161 1846 1204 facultatem
1877 1163 1999 1204 istam

191 1240 226 1265 15
242 1225 528 1269 ornatissimae
575 1225 774 1268 orationis
819 1225 1074 1273 adiunxerit,
1126 1239 1213 1266 non
1253 1237 1422 1278 possum
1463 1226 1600 1265 dicere
1638 1237 1733 1266 eum
1763 1239 1847 1266 non
1877 1239 1999 1279 egre-

241 1290 352 1344 gium
386 1291 590 1344 quendam
622 1288 833 1330 bominem
864 1295 987 1345 atque
1019 1287 1304 1329 admirandum
1346 1286 1462 1335 fore;
1511 1286 1584 1328 sed
1613 1286 1674 1335 is,
1724 1288 1757 1328 si
1790 1287 1859 1342 qui
1891 1291 1999 1329 esset

241 1359 311 1395 aut
339 1352 373 1394 si
404 1352 525 1394 etiam
557 1366 738 1407 unquam
768 1350 913 1392 suisset
942 1356 1010 1392 aut
1039 1364 1137 1391 vero
1169 1351 1202 1390 si
1233 1363 1322 1391 esse
1353 1354 1516 1403 posset,
1550 1354 1594 1391 tu
1625 1363 1736 1391 esses
1765 1364 1870 1391 unus
1899 1364 1998 1404 pro-

239 1414 368 1463 fecto,
407 1416 476 1470 qui
507 1420 548 1457 et
577 1428 672 1456 meo
702 1414 858 1456 iudicio
890 1419 928 1455 et
959 1412 1143 1455 omnium
1174 1412 1243 1454 vix
1276 1412 1401 1453 ullam
1433 1412 1582 1453 ceteris
1614 1411 1849 1454 oratoribus
1881 1411 1997 1467 (pace

241 1480 391 1520 horum
432 1477 622 1531 dixerim)
673 1478 838 1518 laudem
877 1477 1095 1530 reliquisti.
1153 1478 1221 1516 77.
1255 1476 1409 1516 Verum
1440 1474 1475 1516 si
1507 1475 1583 1515 tibi
1614 1474 1693 1530 ipsi
1721 1474 1824 1516 1111111
1854 1473 1995 1524 deest,

192 1553 228 1578 20
243 1540 354 1597 quod
384 1540 426 1582 in
455 1541 691 1582 forensibus
721 1541 848 1581 rebus
879 1538 1154 1593 civilibusque
1185 1544 1395 1586 versetur,
1439 1538 1539 1591 quin
1569 1536 1699 1586 scias,
1738 1551 1874 1592 neque
1905 1551 1996 1579 eam

240 1609 379 1644 tamen
409 1602 643 1649 scientiam,
676 1616 798 1657 quam
829 1601 1017 1655 adiungis
1049 1600 1231 1648 oratori,
1275 1599 1516 1655 complexus
1548 1614 1612 1649 es,
1661 1600 1904 1649 videamus,
1946 1614 1999 1641 ne

241 1666 332 1721 plus
363 1666 399 1707 ei
430 1665 609 1713 tribuas,
642 1679 764 1719 quam
796 1678 860 1705 res
893 1671 933 1706 et
962 1665 1113 1705 veritas
1145 1665 1233 1718 ipsa
1264 1666 1477 1704 concedat.

352 1731 420 1770 78.
455 1731 531 1770 Hic
564 1730 759 1776 Crassus,
794 1730 1028 1775 Memento,
1062 1726 1218 1780 inquit,
1251 1739 1317 1766 me
1347 1739 1428 1766 non
1460 1725 1510 1766 de
1541 1738 1631 1766 mea
1653 1724 1724 1766 sed
1746 1724 1797 1767 de
1821 1725 2000 1768 oratoris

241 1789 433 1833 facultate
464 1791 634 1832 dixisse.
697 1789 806 1840 Quid
837 1789 947 1830 enim
976 1802 1052 1830 nos
1083 1795 1152 1829 aut
1183 1788 1399 1829 didicimus
1431 1794 1501 1829 aut
1531 1787 1637 1829 scire
1658 1788 1898 1843 potuimus?
1931 1787 2002 1845 qui

192 1860 334 1898 2581110
366 1857 417 1896 ad
447 1855 651 1909 agendum
683 1867 806 1909 quam
836 1854 887 1893 ad
917 1854 1251 1906 cognoscendum
1280 1851 1493 1899 venimus3
1543 1865 1646 1906 quos
1676 1851 1716 1892 in
1750 1851 1862 1899 foro,
1894 1865 1998 1906 quos

242 1918 284 1960 in
315 1917 564 1966 ambitione,
617 1929 720 1970 quos
751 1917 792 1956 in
821 1929 868 1956 re
899 1914 1084 1968 publica,
1132 1927 1234 1967 quos
1276 1915 1317 1954 in
1348 1913 1576 1954 amicorum
1608 1913 1784 1968 negotiis
1815 1926 1880 1954 res
1910 1912 2001 1966 ipsa

242 1987 335 2022 ante
377 1980 575 2028 confecit,
627 1993 752 2033 quam
797 1990 1011 2033 possemus
1051 1975 1206 2029 aliquid
1248 1975 1298 2016 de
1336 1975 1458 2017 rebus
1499 1976 1619 2016 tantis
1651 1975 1866 2030 suspicari.
1928 1977 1996 2016 79.

244 2043 402 2093 Quodsi
433 2042 507 2084 tibi
538 2047 693 2083 tantum
724 2041 766 2082 in
797 2039 916 2081 nobis
946 2039 1111 2080 videtur
1143 2051 1257 2086 esse,
1307 2038 1457 2092 quibus
1489 2038 1649 2079 etiamsi
1680 2037 1910 2091 ingenium,
1956 2043 2002 2078 ut

241 2113 285 2146 tu
317 2111 453 2160 putas,
500 2119 583 2146 non
614 2105 792 2145 maxime
824 2102 973 2148 defuit,
1015 2101 1199 2143 doctrina
1230 2107 1340 2142 certe
1373 2106 1413 2141 01
1444 2101 1571 2142 01111111
1606 2107 1645 2142 01
1675 2100 1844 2141 hercule
1877 2101 2001 2142 etiam

193 2169 423 2210 sostudium
464 2167 565 2208 illud
605 2166 789 2207 discendi
831 2165 1077 2206 acerrimum
1117 2163 1271 2204 defuit:
1326 2163 1423 2218 quid
1467 2177 1631 2210 censes,
1678 2163 1712 2205 si
1743 2165 1792 2203 ad
1824 2162 1997 2203 alicuius

241 2230 454 2286 ingenium
484 2231 550 2271 vel
580 2232 709 2271 maius
740 2229 830 2277 illa,
866 2241 970 2282 quae
1001 2240 1078 2281 ego
1109 2240 1192 2267 non
1223 2227 1360 2280 attigi,
1392 2225 1658 2273 accesserint,
1693 2227 1860 2282 qualem
1881 2224 1997 2267 illum

244 2299 284 2334 et
314 2299 510 2348 quantum
543 2299 748 2334 oratorem
781 2292 993 2332 futurum?

356 2357 506 2398 XVlII.
540 2357 608 2396 80.
643 2357 745 2395 Tum
768 2353 992 2401 Antonius,
1026 2353 1180 2393 Probas
1202 2349 1326 2399 mihi,
1361 2349 1517 2405 inquit,
1551 2351 1651 2398 ista,
1688 2351 1858 2399 Crasse,
1893 2363 2001 2405 quae

244 2417 369 2468 dicis;
402 2432 479 2459 nec
508 2417 676 2466 dubito,
708 2418 806 2473 quin
838 2418 966 2457 multo
999 2413 1246 2469 locupletior
1275 2415 1316 2454 in
1348 2412 1522 2455 dicendo
1552 2414 1716 2455 futurus
1746 2415 1816 2460 sit,
1850 2412 1883 2453 si
1908 2412 2000 2468 quis

195 2501 229 2528 35
245 2481 428 2523 omnium
459 2494 599 2522 rerum
629 2486 749 2535 atque
782 2479 931 2520 artium
962 2478 1163 2519 rationem
1194 2483 1466 2531 naturamque
1490 2474 1870 2529 comprehenderit.
1932 2475 2000 2516 81.

245 2546 327 2586 Sed
356 2544 533 2599 primum
566 2543 607 2584 id
638 2542 804 2583 difficile
836 2548 896 2583 est
925 2541 1054 2587 factu,
1094 2539 1336 2594 praesertim
1368 2540 1408 2579 in
1440 2541 1516 2580 hac
1545 2546 1684 2580 nostra
1716 2538 1795 2579 vita
1827 2539 2001 2578 nostris-

246 2620 326 2662 que
358 2604 714 2660 occupationibus;
769 2604 916 2646 deinde
955 2602 1055 2644 illud
1087 2602 1208 2644 etiam
1241 2601 1467 2643 verendum
1498 2609 1580 2648 est,
1628 2616 1677 2642 ne
1709 2599 1998 2641 abstrahamur

245 2672 296 2711 ab
327 2671 402 2710 hac
434 2670 728 2710 exercitatione
760 2674 799 2709 et
829 2665 1127 2708 consuetudine
1158 2664 1320 2706 dicendi
1360 2664 1552 2720 populari
1582 2669 1622 2704 et
1651 2662 1819 2705 forensi.
1878 2661 2002 2704 Aliud

246 2735 354 2773 enim
384 2732 485 2773 mihi
517 2734 725 2786 quoddam
756 2744 884 2785 genus
915 2730 1115 2771 orationis
1146 2742 1234 2769 esse
1271 2727 1436 2769 videtur
1473 2740 1617 2768 eorum
1661 2725 1896 2773 hominum,
1949 2727 2000 2766 de

337 2873 370 2903 1.
398 2873 565 2912 propriae
603 2870 727 2903 Aldus.
769 2887 809 2892 —
853 2869 1084 2900 adhibeantur
1122 2877 1198 2900 cum
1238 2867 1346 2899 codd.
1383 2867 1557 2906 plerisque
1582 2866 1631 2897 R:
1677 2865 1885 2896 adhibentur
1922 2873 1999 2895 cum

247 2918 328 2959 Lag.
357 2918 411 2949 69.
442 2925 474 2950 et
502 2919 589 2950 Aldo
618 2918 658 2949 E.
691 2935 726 2940 -
753 2916 785 2949 lt.
817 2921 944 2951 tecum,
972 2917 1085 2955 inquit
1110 2916 1136 2946 B
1164 2916 1311 2953 aliique:
1344 2914 1476 2952 inquit,
1505 2918 1613 2943 cecum
1642 2913 1712 2943 RE.
1736 2929 1776 2935 —-
1803 2911 1836 2947 6,
1865 2915 1894 2943 et
1920 2917 1998 2943 ante

246 2966 330 2995 mihi
356 2975 423 2997 om.
452 2966 490 2996 B.
522 2983 559 2988 —
587 2965 687 2996 velim
713 2964 750 2995 Β.
784 2980 818 2986 -
849 2963 881 2994 8.
912 2963 1006 3002 Quae
1032 2963 1129 2992 Voss.
1159 2962 1203 2992 B:
1232 2961 1327 2992 Haec
1354 2960 1423 2990 RE.
1451 2977 1485 2981 -—
1512 2965 1654 2999 praetor
1678 2959 1719 2989 R.
1748 2960 1822 2996 (sic)
1848 2958 2000 2989 Rhodum

248 3012 287 3042 B.
308 3028 346 3032 —
375 3012 407 3043 9.
435 3013 495 3042 illo
513 3021 643 3043 summo
665 3012 688 3042 B
707 3011 855 3050 aliique:
885 3019 1015 3040 summo
1035 3010 1095 3039 illo
1116 3009 1185 3039 RE.
1207 3025 1247 3030 —
1276 3009 1330 3038 11.
1351 3007 1481 3041 multa,
1511 3016 1597 3046 quae
1618 3007 1654 3037 B.
1681 3023 1715 3029 —
1746 3005 1802 3037 13.
1822 3006 1999 3036 ministra-

248 3059 350 3089 trices
377 3067 454 3090 cum
481 3059 593 3090 Nonio
623 3067 655 3097 p.
684 3058 762 3089 112.
790 3057 899 3088 Merc.
929 3057 981 3087 T:
1010 3057 1191 3086 ministras
1220 3064 1298 3085 curn
1328 3053 1437 3085 Codd.
1469 3053 1623 3093 plerique
1650 3053 1730 3090 RE,
1756 3053 1931 3083 ministros
1958 3052 1996 3080 B.

251 3120 288 3126 -—-
319 3104 372 3134 14.
401 3106 580 3146 facultates
607 3106 660 3143 R,
690 3106 812 3136 Aldus.
840 3121 883 3125 -
923 3103 975 3134 16.
1006 3102 1203 3134 mirandum
1232 3103 1272 3133 R.
1305 3118 1338 3123 —
1381 3101 1410 3130 is
1437 3110 1503 3130 orn.
1534 3102 1574 3130 R.
1613 3117 1648 3123 —
1691 3100 1766 3138 quis
1792 3097 1818 3128 B
1845 3098 1996 3136 aliique,

248 3151 300 3187 R·
328 3151 369 3182 Τ.
397 3166 439 3173 --
465 3152 521 3182 20.
548 3159 710 3183 versatur
736 3151 774 3183 B.
800 3167 841 3172 —
884 3150 940 3182 21.
969 3151 1047 3180 vide
1074 3149 1274 3184 Sebuinus,
1312 3147 1409 3186 prob.
1442 3147 1624 3178 Ellendzio.
1669 3146 1868 3183 (Librorum
1897 3145 1997 3175 lectio

249 3197 359 3228 11111110
386 3202 436 3229 est
464 3199 655 3235 urbanior.)
688 3214 716 3221 -—
768 3198 825 3229 22.
854 3198 1046 3229 tribuamus
1074 3197 1111 3227 B.
1153 3212 1190 3218 —
1235 3196 1290 3227 30.
1327 3193 1464 3226 dicendi·
1489 3195 1529 3225 R.
1564 3193 1732 3231 (discendi
1757 3196 1809 3223 est
1834 3192 1866 3221 in
1894 3191 1996 3230 Lagg.

249 3243 379 3276 XVlll.
410 3244 520 3275 Havn.
550 3247 580 3275 1.
609 3245 640 3277 2.
669 3246 838 3284 aliisque:
867 3246 1003 3275 videtur
1029 3252 1104 3275 esse
1132 3244 1234 3273 etiam
1263 3244 1294 3272 in
1323 3242 1380 3279 B.)
1411 3258 1445 3263 —
1475 3241 1522 3271 ad
1549 3251 1616 3271 om.
1646 3240 1682 3270 Β.
1713 3255 1752 3261 -
1798 3236 1854 3268 32.
1882 3241 2000 3268 orato-

249 3300 322 3323 rem
346 3295 373 3321 οι
402 3296 569 3330 quantum
594 3292 635 3322 R.
669 3308 700 3312 —
732 3292 786 3323 36.
814 3292 912 3332 factu
938 3295 985 3322 est
1012 3290 1060 3327 R,
1088 3290 1290 3320 Lan-binus.
1321 3305 1358 3310 —
1387 3288 1443 3319 37.
1471 3288 1699 3320 eaetrahamur
1724 3294 1765 3317 ex
1789 3284 1832 3316 R.
1862 3299 1899 3305 —
1939 3282 1997 3315 39.

251 3338 422 3369 oracionis
447 3346 552 3379 yenus
579 3338 602 3370 Β
631 3337 684 3369 alii
699 3347 782 3379 lue:
811 3347 918 3379 yenus
945 3337 1116 3370 orationis
1142 3335 1213 3367 RE.
