2117 3762
274 251 327 294 58
941 248 1010 288 AD
1042 248 1355 289 HERENNIUM

274 372 345 406 ea,
397 371 502 413 quae
542 361 758 398 versantur
798 355 841 395 in
881 367 1074 396 sermone
1117 360 1157 396 et
1187 356 1484 396 consuetudine
1517 352 1783 410 quotidiana;
1835 353 2018 409 propria,

274 433 380 475 quae
414 419 500 460 eius
531 420 590 459 rei
622 421 748 459 verba
778 423 872 457 sunt
902 422 972 456 aut
1002 431 1091 458 esse
1124 425 1324 471 possunt,
1358 433 1440 472 qua
1471 420 1521 458 de
1553 419 1786 472 loquemur.

388 483 451 522 18.
503 480 755 535 Compositio
790 483 850 518 est
880 481 1102 519 verborum
1136 481 1415 528 constructio,
1451 494 1554 534 quae
1586 481 1682 520 sat-it
1714 492 1857 519 omnes
1886 484 2023 532 partes

274 543 473 586 orationis
506 543 776 598 aequabiliter
806 541 1045 595 perpolitas.
1106 542 1165 581 Ea
1198 544 1534 590 conservabitur,
1569 544 1601 582 si
1634 540 1836 594 fugiemus
1857 539 2024 582 crebras

243 609 478 649 svocalium
510 605 827 649 concursiones,
876 617 980 658 quae
1011 608 1168 644 vastam
1200 608 1321 658 atque
1353 604 1535 645 hiantem
1567 606 1797 646 orationem
1828 605 2022 652 reddunt,

272 676 318 710 nt
349 669 426 710 hoc
458 674 545 709 est:
580 670 734 707 Baccae
767 680 921 708 aeneae
952 665 1269 707 amoenissimae
1300 666 1608 720 impendebant.
1670 668 1720 707 Et
1749 665 1781 706 si
1804 666 2024 706 vitabimus

274 733 457 773 eiusdem
490 732 649 770 litterae
680 730 848 770 nimiam
880 729 1185 777 assiduitatem3
1221 729 1286 768 cui
1317 728 1418 769 vitio
1448 743 1591 770 versus
1619 730 1686 770 hie
1708 729 1786 770 erit
1808 730 2021 784 exemplo:

275 793 478 848 (namhic
509 792 611 833 nihil
641 792 838 847 prohibet
866 794 909 833 in
940 793 1049 833 vitiis
1080 791 1225 832 alienis
1258 793 1457 845 exemplis
1488 793 1547 832 uti
1567 791 1592 846 z)

388 876 422 916 0
453 875 561 921 Tite,
593 879 698 921 tute,
732 876 849 922 Tati,
879 875 948 915 tibi
977 879 1088 914 tanta
1116 879 1282 926 tyranne
1312 873 1466 920 tulisti,

223 981 258 1006 πο
274 969 314 1005 et
343 964 410 1004 hic
443 962 629 1002 eiusdem
659 966 828 1017 poetae:

387 1045 610 1097 Quidquam
638 1044 845 1097 quisquam
874 1044 1058 1096 cuiquam
1087 1043 1188 1096 quocl
1216 1043 1444 1088 conveniat,
1475 1047 1595 1094 neqet.

271 1128 344 1174 Et,
379 1126 413 1166 si
444 1124 630 1166 eiusdem
659 1126 778 1166 verbi
810 1125 1091 1166 assiduitatem
1122 1124 1290 1165 nimiam
1322 1122 1549 1177 fugiemus3
1593 1136 1640 1164 ea
1671 1128 1731 1164 est
1758 1124 2024 1164 huiusmodi:

272 1191 373 1228 Nam
417 1188 533 1229 cuius
580 1189 751 1228 rationis
797 1187 902 1228 ratio
945 1202 1030 1227 non
1075 1192 1230 1235 exstet,
1279 1185 1316 1227 ei
1362 1185 1510 1226 rationi
1549 1185 1651 1226 ratio
1690 1198 1773 1226 non
1813 1191 1875 1226 est
1903 1184 2028 1226 fidem

270 1252 438 1291 habere.
497 1253 572 1299 Et,
606 1252 639 1292 si
670 1263 753 1291 non
783 1255 948 1292 utemur
979 1252 1240 1291 continenter
1270 1250 1458 1290 similiter
1490 1249 1734 1289 cadentibus
1754 1248 1916 1294 verbis,
1947 1248 2029 1288 hoc

222 1316 423 1362 15m0d01

382 1397 534 1437 Flentes
549 1428 558 1442 ,
583 1396 787 1448 plorantes
803 1426 812 1442 ‚
846 1395 1098 1435 lacrimantes
1115 1427 1124 1442 ‚
1157 1395 1398 1434 obtestantes.

272 1484 336 1531 Et,
372 1484 405 1523 si
436 1484 660 1524 verborum
692 1483 1026 1523 transiectionem
1057 1482 1302 1529 vitabimus,
1336 1481 1414 1522 nisi
1446 1493 1552 1536 quae
1586 1480 1663 1520 erit
1688 1480 1913 1527 concinna,
1948 1493 2030 1534 qua

274 1547 325 1586 de
356 1560 400 1586 re
431 1546 638 1600 posterius
667 1546 912 1599 loquemur3
961 1557 1042 1598 quo
1084 1545 1126 1584 in
1165 1543 1264 1585 vitio
1298 1549 1360 1584 est
1389 1542 1572 1584 Lucilius
1603 1543 1790 1583 assiduus
1810 1573 1822 1590 ,
1873 1546 1919 1582 ut
1948 1543 2029 1583 hoc

275 1613 336 1649 est
366 1609 408 1648 in
438 1608 577 1663 priore
608 1606 744 1648 libro:

224 1711 259 1736 20
384 1691 471 1729 Has
501 1702 562 1729 res
592 1689 642 1728 acl
671 1694 705 1728 te
735 1689 928 1740 scriptas,
961 1688 1087 1733 Luci,
1120 1687 1320 1733 misimus,
1352 1685 1453 1726 Aeli.

274 1772 376 1811 Item
406 1770 551 1823 fugere
584 1774 748 1823 oportet
777 1770 942 1822 longam
972 1769 1197 1808 verborum
1229 1766 1579 1808 continuationem
1597 1798 1608 1815 ,
1642 1780 1747 1822 quae
1769 1772 1810 1808 et
1829 1769 2030 1811 auditoris

274 1847 397 1874 aures
443 1838 483 1873 et
527 1831 702 1873 oratoris
745 1832 931 1886 spiritum
977 1830 1117 1871 laedit.
1178 1829 1253 1870 His
1297 1832 1407 1871 vitiis
1453 1831 1495 1870 in
1538 1831 1838 1885 compositione
1879 1833 2028 1879 vitatis,

274 1896 479 1950 reliquum
511 1896 650 1948 operis
683 1895 1009 1935 consumendum
1040 1898 1101 1934 est
1130 1892 1173 1933 in
1206 1894 1415 1947 dignitate.

386 1965 499 2004 ΧΙΙΙ.
534 1964 719 2017 Dignitas
752 1968 835 2009 est,
870 1975 973 2017 quae
1006 1964 1141 2003 reddit
1171 1968 1357 2003 ornatam
1379 1962 1633 2011 orationem,
1668 1963 1865 2004 varietate
1886 1963 2032 2004 distin-

225 2040 420 2081 25guens.
491 2027 604 2067 Haec
644 2027 685 2066 in
724 2027 948 2066 verborum
988 2031 1029 2066 et
1068 2025 1109 2066 in
1141 2026 1435 2066 sententiarum
1467 2026 1778 2066 exornationem
1818 2024 2027 2067 dividitur.

278 2089 509 2132 Verborum
541 2089 755 2130 exornatio
787 2093 868 2136 est,
917 2101 1021 2142 quae
1052 2087 1182 2141 ipsius
1213 2089 1416 2129 sermonis
1447 2088 1639 2142 insignita
1671 2090 1907 2129 continetur
1936 2101 2031 2143 per-

275 2154 491 2207 politione.
554 2152 857 2192 Sententiarum
890 2152 1106 2192 exornatio
1139 2157 1220 2199 est,
1253 2164 1357 2206 quae
1388 2163 1472 2191 non
1503 2152 1545 2190 in
1576 2150 1738 2200 verbis,
1773 2153 1846 2192 sed
1866 2152 1910 2191 in
1930 2151 2030 2204 ipsis

276 2218 400 2257 rebus
431 2217 634 2272 quandam
667 2216 791 2254 habet
823 2214 1079 2267 dignitatem.

390 2280 455 2319 19.
508 2276 712 2332 Repetitio
752 2282 832 2323 est,
878 2290 969 2317 cum
1003 2278 1262 2318 continenter
1290 2279 1341 2317 ab
1372 2291 1456 2318 uno
1487 2282 1610 2332 atque
1643 2278 1791 2318 eodem
1822 2274 1950 2318 verbo
1990 2276 2032 2317 in

228 2364 262 2390 ³0
276 2343 403 2382 rebus
434 2339 636 2381 similibus
668 2345 708 2380 et
739 2339 911 2380 diversis
941 2340 1143 2394 principia
1175 2344 1416 2388 sumuntur,
1450 2338 1528 2380 hoc
1561 2339 1711 2381 modo:
1763 2340 1892 2380 Vobis
1922 2338 2032 2380 istud

276 2405 584 2444 attribuendum
617 2407 703 2449 est,
745 2401 863 2443 vobis
895 2403 1024 2455 gratia
1056 2408 1117 2443 est
1147 2404 1362 2450 habenda,
1406 2405 1525 2444 vobis
1556 2405 1633 2445 ista
1663 2418 1729 2445 res
1760 2404 1839 2444 erit
1868 2403 2031 2444 honori.

276 2468 406 2507 Item:
457 2467 594 2519 Scipio
626 2465 885 2506 Numantiam
917 2466 1103 2513 sustulit,
1156 2466 1292 2520 Scipio
1325 2466 1621 2521 Karthaginem
1663 2465 1839 2514 delevit,
1890 2465 2029 2517 Scipio

275 2542 421 2584 pacem
452 2530 638 2584 peperit,
683 2529 820 2581 Scipio
851 2529 1058 2568 civitatem
1089 2530 1284 2569 servavit.
1347 2530 1471 2570 Item:
1515 2532 1577 2570 Tu
1607 2530 1650 2569 in
1680 2530 1815 2570 forum
1847 2529 2028 2581 prodire,

276 2597 321 2632 tu
351 2593 486 2632 lucem
519 2591 759 2645 conspicere
780 2621 789 2637 ‚
836 2596 880 2630 tu
910 2591 951 2630 in
982 2592 1130 2631 horum
1176 2598 1444 2647 conspectum
1483 2593 1625 2633 venire
1657 2591 1848 2632 conaris?
1893 2591 2031 2630 Audes

230 2675 263 2700 ³5
278 2653 450 2695 verbum
482 2652 647 2694 facere?
697 2655 822 2693 audes
854 2654 1075 2707 quidquam
1106 2652 1157 2693 ab
1188 2655 1275 2694 istis
1306 2658 1477 2710 petere?
1525 2657 1652 2695 audes
1683 2653 1929 2708 supplicium
1963 2655 2033 2694 de-

278 2717 469 2770 precari?
522 2714 629 2764 Quid
671 2720 754 2762 est,
804 2714 914 2768 quod
954 2716 1087 2770 possis
1134 2717 1390 2757 defendere?
1447 2716 1547 2772 quid
1585 2721 1672 2765 est,
1726 2717 1838 2771 quod
1881 2715 2031 2757 audeas

278 2780 519 2833 postulare?
553 2779 650 2832 quid
682 2783 771 2824 est,
805 2779 915 2831 quod
947 2778 1021 2818 tibi
1052 2779 1223 2819 concedi
1254 2785 1373 2832 putes
1406 2782 1634 2834 oportere?
1679 2780 1770 2819 Non
1800 2778 1863 2819 ius
1894 2779 2032 2819 iuran-

280 2840 375 2881 dum
407 2842 642 2894 reliquisti?
693 2853 775 2880 non
815 2841 968 2881 amicos
1010 2841 1262 2893 prodidisti?
1308 2855 1392 2883 non
1430 2843 1591 2897 parenti
1637 2854 1780 2882 manus
1824 2840 2031 2881 intulisti?

279 2917 363 2944 non
393 2905 570 2958 denique
602 2903 644 2944 in
675 2904 787 2943 omni
819 2902 1023 2943 dedecore
1054 2905 1260 2944 volutatus
1291 2908 1367 2945 es?
1415 2906 1527 2945 Haec
1558 2905 1772 2945 exornatio
1804 2917 1897 2945 cum
1927 2904 2032 2944 mul-

373 3010 405 3040 3.
434 3012 641 3042 constructio
669 3010 898 3049 aequabiliter
923 3008 1127 3050 (aequaliter
1151 3011 1191 3049 Τ)
1214 3012 1389 3052 perpolita
1414 3011 1468 3042 FT
1497 3015 1530 3043 et
1555 3019 1604 3049 pr.
1627 3011 1675 3048 Α,
1719 3013 1800 3042 item
1829 3010 1919 3042 Crat.
1948 3010 2027 3042 Scb.

286 3056 352 3088 Alii
380 3058 496 3091 aliter:
537 3062 574 3088 ut
599 3067 680 3095 nos,
716 3059 804 3088 inter
832 3060 964 3087 nostros
992 3065 1082 3087 uuus
1112 3058 1158 3093 R,
1195 3061 1258 3090 nisi
1288 3059 1380 3098 quod
1409 3059 1510 3090 habet
1534 3058 1727 3097 perpolitas
1752 3058 1959 3097 aequaliter.
1999 3073 2030 3079 -

281 3104 315 3134 6.
344 3112 464 3135 aereae
490 3104 560 3138 PF,
614 3112 711 3134 ereae
736 3103 777 3134 Α.
829 3104 894 3142 (An
936 3112 1059 3134 aeneae
1097 3104 1242 3135 hederae
1269 3105 1534 3136 amoenissime?
1562 3103 1645 3145 ΟΒ.)
1671 3120 1715 3126 -
1755 3104 1812 3135 25.
1842 3107 1873 3134 et
1896 3105 1934 3134 in
1957 3112 2031 3134 sen-

282 3152 471 3182 tentiarum
495 3150 629 3181 PBFR:
658 3151 908 3182 sententiarum
937 3149 1020 3189 (om.
1042 3150 1091 3188 in)
1118 3150 1219 3181 ATE.
1250 3168 1288 3173 —
1316 3152 1369 3183 ⁵28.
1403 3152 1617 3193 dignitatem.
1667 3150 1717 3181 Μ.
1742 3150 1834 3182 Tulli.
1859 3150 2030 3182 Ciceronis

283 3198 328 3228 ad
353 3198 550 3228 herennium
577 3196 635 3227 lib.
660 3197 744 3227 1111.
773 3197 924 3236 explicit.
968 3196 1094 3235 Incipit
1126 3197 1209 3228 liber
1238 3198 1273 3228 V.
1301 3199 1457 3239 felic-iter.
1510 3199 1558 3230 De
1582 3197 1762 3229 verborum
1786 3197 2027 3228 exornatione.

283 3245 448 3283 Repetitio
475 3247 521 3273 est
548 3242 572 3273 P
601 3251 638 3273 ac
668 3245 822 3274 similiter
848 3243 883 3274 F.
913 3259 953 3264 —
981 3243 1036 3274 31.
1064 3245 1182 3283 qratia
1214 3250 1259 3274 est
1279 3244 1475 3276 PABFRT:
1502 3246 1620 3286 qratia
1645 3246 1725 3283 (om.
1746 3243 1809 3283 est)
1829 3243 1867 3274 E.
1897 3260 1931 3265 —
1963 3244 2030 3274 ista

282 3299 337 3320 res
352 3289 551 3321 PABFRT:
580 3298 634 3319 res
659 3291 726 3319 ista
754 3290 792 3320 E.
814 3306 853 3311 —
882 3288 937 3321 37.
965 3290 1100 3320 concedi
1122 3294 1222 3328 putes
1239 3290 1438 3323 PABFRT:
1464 3297 1564 3332 putes
1591 3291 1730 3324 concedi
1747 3291 1788 3322 E.
1811 3306 1850 3312 —
1877 3288 1933 3321 38.
1954 3289 2030 3322 reli-

284 3334 404 3378 quisti]
433 3336 662 3376 contempsisti
690 3336 715 3366 B
743 3341 775 3367 et
802 3345 887 3368 corr.
915 3338 945 3367 Α
971 3346 1009 3368 ex
1036 3337 1137 3377 gloss.
