2117 3762
254 273 336 314 318
959 270 1029 309 DE
1071 269 1317 311 ORATORE

255 381 346 421 Non
376 378 419 419 in
449 379 550 426 1136,
592 374 748 430 inquit,
787 385 892 421 una,
936 373 1100 422 Catule,
1142 389 1214 423 re,
1259 376 1331 416 sed
1372 373 1415 414 in
1456 371 1546 414 aliis
1577 373 1702 414 etiam
1733 370 2016 428 compluribus

256 439 547 483 distributione
576 438 755 490 partium
786 448 833 475 ac
864 436 1127 489 separatione
1157 435 1458 490 magnitudines
1480 440 1574 477 sunt
1594 436 1748 476 artium
1770 434 2013 477 diminutae.

255 507 317 545 An
359 510 405 544 tu
448 502 681 547 existimas,
734 510 827 538 cum
866 502 973 538 esset
1012 498 1284 552 Hippocrates
1324 500 1394 539 ille
1435 498 1568 546 Cous,
1619 496 1746 538 fuisse
1786 503 1873 539 tum
1911 498 2016 540 alios

257 567 465 614 medicos,
499 565 568 620 qui
598 561 780 608 morbis,
813 561 942 608 alios,
976 560 1047 615 qui
1077 559 1342 609 vulneribus,
1374 561 1503 609 alios,
1538 560 1610 614 qui
1641 560 1772 601 oculis
1801 558 2018 601 mederen-

226 633 356 672 stur?
401 631 506 669 Num
538 626 808 679 geometriam
839 621 1010 664 Euclide
1042 628 1111 663 aut
1140 623 1414 672 Archimede,
1457 636 1555 664 num
1593 623 1792 662 musicam
1829 625 2017 663 Damone

256 698 326 734 aut
354 690 629 735 Aristoxeno,
660 699 760 727 num
790 686 901 739 ipsas
931 684 1089 725 litteras
1110 683 1387 739 Aristophane
1417 692 1488 728 aut
1515 685 1762 728 Callimacho
1795 690 2015 733 tractante,

256 762 336 796 tam
369 752 596 805 discerptas
627 748 778 796 fuisse,
824 753 869 788 ut
898 761 1020 788 nemo
1054 760 1184 800 genus
1214 746 1457 790 universum
1504 748 1852 801 complecteretur
1895 752 2017 802 atque

254 824 299 859 ut
329 816 431 857 alius
463 815 587 854 aliam
620 811 700 853 sibi
730 816 916 866 partem,
967 811 1009 851 in
1041 824 1121 864 qua
1151 810 1409 857 elaboraret,
1453 813 1702 866 seponcret‘?
1756 812 1849 850 133.
1895 810 2021 864 Equi-

254 880 346 921 dem
390 890 513 932 saepe
557 877 638 916 hoc
682 875 820 915 audivi
862 875 912 914 de
952 878 1067 928 patre
1111 877 1151 913 et
1194 873 1244 912 de
1284 885 1432 913 socero
1471 886 1590 923 meo,
1643 878 1808 914 nostros
1849 884 2019 926 quoque

206 957 240 980 10
255 939 466 986 homines,
512 939 583 992 qui
615 936 819 978 excellere
850 936 1076 990 sapientiae
1108 933 1241 988 gloria
1270 934 1449 982 vellent,
1497 937 1658 984 omnia,
1704 949 1810 990 quae
1851 934 2020 990 quidem

255 1010 340 1045 tum
380 1003 484 1043 11366
521 1000 665 1042 civitas
702 1004 870 1046 nosset,
918 997 1064 1039 solitos
1102 1010 1192 1038 esse
1223 996 1459 1051 complecti.
1520 999 1795 1039 Meminerant
1825 998 1886 1038 illi
1920 999 2016 1038 Sex.

253 1066 441 1115 Aelium;
486 1065 554 1105 Μ’.
587 1075 688 1103 vero
719 1062 932 1103 Manilium
978 1073 1054 1101 nos
1095 1062 1220 1100 etiam
1260 1058 1440 1099 vidimus
1471 1064 1707 1101 transverso
1739 1061 2020 1101 ambulantem

253 1129 370 1177 foro3
419 1126 531 1181 quod
571 1130 659 1166 erat
700 1123 863 1177 insigne
904 1136 1022 1171 eum,
1070 1121 1214 1176 quiid
1244 1120 1421 1167 faceret,
1466 1119 1604 1162 facere
1636 1121 1794 1164 civibus
1826 1122 2020 1164 omnihus

253 1188 414 1232 consilii
444 1187 506 1229 sui
538 1188 728 1240 copiam3
761 1188 813 1227 ad
845 1199 949 1241 quos
981 1186 1081 1226 olim
1113 1189 1155 1225 et
1185 1185 1241 1225 ita
1271 1182 1530 1225 ambulantes
1562 1189 1602 1225 et
1631 1185 1674 1225 in
1702 1184 1807 1226 solio
1830 1187 2021 1226 sedentes

203 1266 237 1292 1⁵
254 1254 368 1295 domi
408 1252 466 1293 sic
505 1249 718 1298 adibatur,
767 1263 849 1290 non
886 1249 1021 1289 solum
1061 1252 1105 1289 ut
1141 1248 1192 1287 de
1222 1247 1314 1287 iure
1344 1245 1456 1287 civili
1486 1248 1538 1287 ad
1570 1260 1667 1295 eos,
1714 1260 1861 1288 verum
1893 1248 2018 1288 etiam

254 1320 305 1359 de
335 1315 416 1358 filia
445 1313 707 1361 collocanda,
743 1313 794 1352 de
813 1310 942 1352 fundo
966 1311 1166 1357 emendo,
1198 1311 1248 1350 de
1271 1323 1372 1362 agro
1395 1308 1595 1359 colendo,
1629 1308 1680 1350 de
1703 1309 1815 1351 omni
1836 1310 2017 1364 denique

254 1386 324 1422 aut
354 1378 491 1420 officio
521 1381 592 1418 aut
620 1374 789 1428 negotio
821 1373 1064 1415 referretur.
1127 1372 1220 1413 134.
1255 1373 1368 1412 Haec
1397 1369 1475 1412 fuit
1495 1373 1539 1412 P.
1567 1371 1702 1413 Crassi
1724 1371 1833 1413 illius
1853 1372 2022 1417 veteris,

252 1447 354 1485 haec
385 1442 448 1483 Ti.
484 1436 762 1486 Coruncanii,
805 1438 906 1477 haec
937 1437 1086 1489 proavi
1118 1434 1261 1490 generi
1292 1435 1399 1482 mei,
1434 1433 1665 1487 Scipionis,
1709 1434 2024 1488 prudentissimi

254 1506 456 1553 hominis,
489 1502 710 1557 sapientia,
743 1501 815 1554 qui
847 1513 993 1540 omnes
1024 1497 1240 1554 pontifices
1270 1496 1440 1538 maximi
1470 1496 1667 1546 fuerunt,
1708 1503 1756 1538 ut
1786 1500 1840 1539 ad
1871 1511 1943 1539 eos
1974 1495 2024 1538 de

203 1580 240 1607 20
255 1566 449 1609 omnibus
480 1564 629 1607 divinis
660 1568 783 1618 atque
813 1561 1002 1603 humanis
1032 1563 1161 1602 rebus
1191 1559 1443 1609 referretur;
1477 1560 1697 1615 eidemque
1729 1566 1771 1601 et
1801 1560 1844 1602 111
1877 1564 2024 1601 56113111

255 1637 296 1672 61
333 1631 441 1686 apud
480 1626 681 1684 populum
722 1630 763 1666 et
803 1626 845 1665 in
884 1623 1017 1666 causis
1048 1625 1278 1664 amicorum
1309 1628 1351 1663 et
1381 1623 1495 1663 domi
1527 1627 1568 1663 et
1597 1622 1772 1664 militiae
1805 1621 2026 1664 consilium

255 1707 376 1734 suum
415 1688 622 1746 fidemque
663 1685 945 1742 praestabant.
1011 1688 1105 1727 135.
1148 1687 1260 1735 Quid
1302 1686 1411 1726 enim
1450 1687 1503 1728 M.
1536 1685 1683 1726 Catoni
1722 1691 1891 1738 praeter
1919 1687 2028 1726 hanc

253 1755 543 1812 politissimam
585 1751 819 1793 doctrinam
862 1750 1180 1790 transmarinam
1210 1753 1336 1801 atque
1377 1747 1646 1789 adventitiam
1685 1746 1848 1789 defuit?
1898 1749 2023 1796 Num,

255 1817 354 1875 quia
383 1819 446 1859 ius
478 1814 600 1857 civile
632 1813 851 1861 didicerat,
892 1826 1035 1853 causas
1067 1825 1151 1852 11011
1183 1810 1375 1852 dicebat?
1424 1815 1515 1857 aut,
1549 1811 1647 1866 quia
1678 1816 1840 1866 poterat
1870 1811 2026 1858 dicere,

204 1894 239 1919 2⁵
255 1884 358 1925 iuris
388 1878 601 1922 scientiam
632 1876 900 1931 negligebat?
932 1876 1115 1930 Utroque
1145 1875 1187 1914 in
1217 1886 1374 1927 genere
1406 1878 1446 1914 et
1476 1872 1706 1915 elaboravit
1736 1878 1778 1914 et
1806 1871 2023 1928 praestitit.

254 1948 362 1987 Num
402 1947 579 1997 propter
616 1943 722 1981 hanc
762 1953 816 1979 ex
845 1937 1102 1992 privatorum
1132 1935 1314 1990 negotiis
1346 1934 1562 1976 collectam
1593 1936 1767 1988 gratiam
1797 1934 1956 1976 tardior
1984 1935 2028 1975 in

253 2022 301 2050 re
331 2005 497 2063 publica
527 2003 781 2058 capessenda
811 2000 916 2042 fuit?
965 2002 1099 2041 Nemo
1129 2000 1239 2053 apud
1270 1998 1473 2052 populum
1501 1996 1676 2044 sortior,
1714 2011 1837 2038 nemo
1871 1996 2024 2038 melior

256 2077 455 2119 senator;
506 2069 617 2109 idem
650 2063 772 2106 facile
804 2064 986 2118 optimus
1016 2062 1275 2114 imperator;
1326 2059 1505 2113 denique
1542 2059 1645 2100 nihil
1676 2059 1719 2100 111
1747 2062 1826 2101 1136
1857 2059 2024 2101 civitate

255 2132 516 2186 temporibus
555 2127 635 2170 illis
674 2127 771 2168 sciri
811 2126 965 2166 discive
1003 2122 1164 2178 potuit,
1212 2123 1325 2177 quod
1355 2121 1424 2162 ille
1455 2135 1541 2162 non
1571 2135 1665 2163 cum
1694 2121 1954 2176 investigarit
1987 2126 2027 2163 et

205 2207 241 2232 ³0
257 2196 422 2243 scierit,
454 2199 542 2234 tum
573 2190 698 2232 etiam
730 2187 1037 2243 conscripserit.
1102 2186 1195 2226 136.
1229 2187 1344 2225 Nunc
1376 2190 1520 2224 contra
1549 2184 1741 2239 plerique
1770 2184 1823 2226 ad
1842 2184 2026 2226 honores

256 2254 545 2313 adipiscendos
579 2259 619 2294 et
649 2253 701 2294 ad
731 2265 821 2292 rem
850 2249 1060 2304 publicam
1095 2249 1319 2302 gerendam
1349 2247 1450 2287 nudi
1470 2246 1643 2288 veniunt
1665 2252 1788 2302 atque
1819 2246 2027 2298 inermes;

255 2320 369 2364 nulla
398 2316 637 2372 cognitione
668 2328 834 2360 rerum,
872 2311 987 2354 nulla
1023 2311 1197 2352 scientia
1235 2310 1384 2350 ornati.
1445 2308 1516 2349 Sin
1547 2309 1694 2365 aliquis
1725 2308 1893 2350 excellit
1922 2322 2029 2351 unus

258 2398 282 2425 e
312 2381 477 2430 multis,
525 2377 647 2420 essert
676 2390 742 2424 se,
783 2374 819 2416 si
848 2388 977 2416 unum
1007 2372 1164 2428 aliquid
1193 2371 1343 2421 affert,
1385 2377 1457 2413 aut
1492 2372 1684 2414 bellicam
1722 2371 1920 2413 virtutem
1960 2375 2032 2413 aut

257 2460 380 2488 usum
419 2444 602 2499 aliquem
642 2440 890 2488 militarem3
939 2450 1047 2492 quae
1085 2450 1184 2477 sane
1223 2448 1333 2476 1111116
1377 2435 1546 2489 quidem
1588 2433 1914 2485 obsoleverunt3
1959 2439 2031 2476 aut

208 2519 244 2548 3⁵
259 2508 363 2551 iuris
394 2506 633 2553 scientiam,
680 2515 733 2544 ne
764 2500 853 2541 eius
892 2498 1061 2554 quidem
1097 2498 1310 2549 universi3
1358 2511 1456 2538 nam
1493 2495 1778 2551 pontificium,
1825 2495 1938 2552 quod
1969 2501 2032 2538 est

260 2571 550 2616 coniunctum,
581 2578 705 2608 nemo
739 2562 881 2613 discit;
912 2567 983 2603 aut
1013 2560 1319 2615 eloquentiam,
1352 2574 1477 2614 quam
1506 2561 1550 2600 in
1580 2558 1764 2600 clamore
1794 2565 1834 2600 et
1863 2560 1907 2600 in
1935 2573 2030 2602 ver-

259 2636 412 2676 borum
443 2645 570 2673 cursu
598 2627 778 2685 positam
806 2630 955 2682 putant
966 2639 977 2676 ;
1025 2624 1212 2666 omnium
1240 2636 1343 2665 vero
1379 2621 1586 2664 bonarum
1625 2623 1796 2671 artium,
1848 2621 2030 2677 denique

259 2698 2015 2717 -——-.————————-———-·———-—·—·—·

355 2758 389 2789 1.
416 2756 454 2787 in
479 2758 558 2787 ante
585 2752 648 2783 hac
675 2758 744 2782 om.
772 2748 846 2780 AB.
875 2765 915 2771 —-
943 2756 980 2779 re
1006 2756 1074 2778 om.
1106 2745 1179 2778 AB.
1206 2763 1248 2767 —
1289 2754 1396 2787 quam
1417 2744 1580 2784 pluribus
1604 2743 1677 2775 AB.
1708 2761 1746 2768 -
1787 2744 1821 2775 2.
1847 2745 2030 2786 maqnitu-

262 2804 355 2836 dinis
380 2802 422 2835 A.
449 2818 493 2823 —
519 2800 716 2832 deminutae
742 2795 782 2827 Β.
818 2811 851 2817 -
880 2794 914 2827 5.
942 2792 1044 2834 Num]
1073 2803 1158 2824 nam
1183 2793 1224 2825 A.
1259 2809 1293 2814 —
1324 2792 1358 2824 6.
1386 2801 1468 2824 num
1490 2791 1585 2832 ipsas
1610 2791 1746 2823 litteras
1771 2800 1839 2823 om.
1867 2791 1922 2830 A,
1948 2801 2031 2823 num

261 2852 355 2890 ipsas
381 2850 516 2881 litteras
541 2844 778 2884 Aristophane
805 2853 872 2876 0111.
898 2840 938 2873 Β.
968 2857 1004 2863 -
1032 2841 1066 2873 7.
1095 2844 1168 2871 tam
1195 2848 1263 2871 om.
1291 2840 1336 2870 R.
1365 2853 1406 2860 ·-
1440 2839 1615 2876 discerpta
1640 2839 1667 2868 B
1684 2861 1692 2876 ,
1719 2838 1888 2870 discretas
1915 2839 1958 2869 R.
1988 2854 2029 2861 —

263 2895 381 2937 atque]
410 2900 472 2928 aut
497 2895 538 2926 R.
568 2909 608 2916 —
645 2891 678 2923 8.
708 2890 862 2923 elaboret
887 2888 958 2919 AB.
986 2904 1031 2909 --
1073 2887 1107 2919 9.
1135 2888 1174 2919 de
1199 2891 1278 2919 ante
1303 2893 1421 2918 socero
1447 2893 1517 2916 0111.
1545 2885 1587 2916 Β.
1613 2901 1658 2905 —-
1699 2885 1756 2915 11.
1779 2889 1897 2924 posset
1922 2885 2031 2918 Erne-

263 2947 318 2975 5111
347 2951 486 2983 operae.
515 2958 556 2964 -
583 2939 638 2971 illi
662 2947 732 2970 om.
761 2938 802 2969 B.
830 2952 874 2958 —
900 2936 957 2966 12.
983 2935 1133 2966 vidimus
1158 2935 1310 2965 vidimus
1335 2929 1412 2973 (sic)
1438 2935 1602 2963 travorso
1630 2931 1672 2963 B.
1700 2947 1744 2953 -
1778 2932 1834 2963 13.
1862 2931 1960 2971 foras
1986 2932 2028 2964 B.

264 3007 306 3013 —
330 2991 445 3031 facere
472 2997 540 3021 om.
568 2986 640 3018 AB.
670 3002 708 3008 —
737 2984 868 3016 civibus
893 2982 966 3013 suis
991 2981 1149 3013 omnibus
1174 2980 1228 3018 A,
1256 2981 1327 3011 suis
1352 2978 1507 3010 omnibus
1532 2978 1572 3009 B.
1601 2993 1645 3001 --
1673 2978 1729 3010 15.
1756 2982 1796 3010 ut
1821 2988 1893 3010 non
1918 2978 2030 3010 solum

263 3036 307 3067 R.
337 3054 377 3060 -
403 3036 460 3067 16.
487 3035 528 3066 de
554 3042 643 3074 ayro
669 3031 813 3063 colendo
841 3039 908 3062 om.
933 3028 1006 3059 AB.
1037 3042 1079 3051 -
1106 3026 1161 3059 18.
1190 3025 1386 3058 Coruncani
1410 3025 1486 3056 AR.
1509 3042 1547 3048 —
1575 3025 1632 3056 20.
1661 3028 1864 3064 repperetur
1890 3022 1968 3066 (sic)
1986 3025 2027 3060 Β,

265 3083 358 3115 unde
383 3083 596 3122 reperiretur
621 3079 687 3111 Gu.
718 3077 752 3108 3.
789 3094 832 3101 -
868 3076 1040 3116 eidemque
1071 3074 1125 3105 A:
1164 3074 1332 3113 iidemque
1358 3072 1476 3109 B‚RE.
1508 3088 1545 3094 -
1589 3076 1621 3103 et
1645 3075 1726 3103 ante
1753 3071 1790 3103 in
1816 3080 1884 3103 om.
1913 3071 1953 3102 B.
1981 3087 2024 3094 —

265 3128 322 3160 21.
353 3138 459 3160 causa
476 3129 518 3160 R.
550 3143 589 3150 —
617 3127 675 3158 24.
703 3124 800 3156 civile
815 3132 888 3154 non
905 3122 1077 3154 didicerat
1099 3120 1151 3159 A,
1178 3119 1275 3152 civile
1292 3118 1468 3150 didicebac
1485 3119 1529 3150 R.
1551 3135 1590 3141 —
1616 3118 1672 3150 25.
1697 3120 1845 3158 utroque
1869 3117 1927 3149 AB
1953 3118 2028 3150 alii-

267 3184 355 3215 que:
383 3179 443 3205 aut
467 3176 550 3216 quia
574 3177 723 3214 utroque
748 3172 798 3206 R,
828 3175 865 3202 at
890 3173 1036 3209 utroque
1062 3167 1103 3199 E.
1135 3182 1171 3189 -
1214 3170 1246 3198 et
1271 3165 1462 3197 elaboravit
1489 3165 1599 3197 Codd.
1627 3165 1698 3196 al.:
1726 3164 1920 3196 ezaboravit
1943 3165 2022 3202 ΑΒ,

267 3227 299 3254 et
325 3220 499 3253 laboravit
522 3221 561 3252 E.
589 3238 627 3244 —
665 3218 722 3251 28.
750 3221 782 3250 et
805 3218 898 3249 idem
922 3216 994 3247 AB.
1025 3230 1064 3237 —
1107 3212 1207 3254 facile
1233 3221 1300 3244 om.
1329 3212 1401 3243 AB.
1432 3227 1471 3234 —
1513 3212 1570 3243 29.
1597 3212 1666 3243 illis
1692 3219 1760 3242 om.
1787 3210 1858 3241 AB.
1886 3227 1931 3232 —-
1967 3212 2026 3243 ille

267 3277 336 3301 om.
362 3267 403 3298 Β.
433 3283 472 3289 -
510 3266 566 3298 30.
594 3276 664 3298 non
691 3270 763 3297 tum
788 3264 831 3295 R.
862 3280 900 3287 --
943 3257 1081 3300 contra]
1109 3263 1232 3292 cuncta
1257 3259 1298 3290 B.
1326 3275 1367 3281 —
1409 3257 1466 3289 33.
1494 3267 1535 3290 ea
1559 3257 1650 3298 fert:
1677 3258 1734 3289 sed
1757 3257 1787 3288 si
1812 3256 1853 3287 B.
1881 3272 1922 3280 -
1965 3261 2028 3290 aut

267 3315 424 3348 bellicam
447 3313 506 3344 AB
532 3313 685 3353 aliique,
714 3313 767 3344 R:
794 3315 834 3342 ut
860 3310 1015 3342 bellicam
1040 3308 1080 3340 E.
1103 3323 1141 3329 -
1169 3306 1227 3339 34.
1254 3303 1419 3348 aliquem]
1445 3305 1579 3347 aliquid
1596 3305 1637 3338 B.
1667 3320 1707 3328 -
1737 3303 1960 3338 absolverunt
1984 3305 2024 3337 B.

271 3379 309 3386 —
337 3361 394 3395 35.
418 3360 622 3402 pontificum
645 3358 688 3392 A.
716 3374 757 3384 -
780 3358 837 3391 36.
865 3362 897 3391 et
920 3356 1106 3389 verborum
1131 3353 1173 3385 R.
