2117 3762
287 231 366 271 192
976 230 1046 270 DE
1089 229 1334 271 ORATORE

282 334 399 392 puto)
429 333 684 389 respondeo,
734 332 835 374 mihi
875 332 1038 374 dicendi
1078 339 1148 374 aut
1183 335 1335 376 nullam
1367 341 1494 377 artem
1525 339 1594 377 aut
1623 340 1868 389 pertenuem
1898 338 2031 381 videri

283 398 354 440 sed
397 412 561 440 omnem
606 411 695 438 esse
736 397 1041 437 contentionem
1080 395 1187 437 inter
1226 397 1413 439 homines
1451 397 1594 439 doctos
1636 398 1677 439 in
1717 401 1835 440 verbi
1865 407 2031 444 contro-

280 460 416 503 versia
447 460 635 515 positam.
700 461 792 499 108.
840 460 938 498 Nam
970 457 1004 499 si
1034 471 1100 499 ars
1129 457 1186 498 ita
1215 458 1426 507 definitur,
1471 466 1516 501 ut
1545 460 1684 515 paullo
1715 468 1809 502 ante
1840 466 2031 518 exposuit

280 523 499 570 Antonius,
554 535 605 563 ex
644 519 769 562 rebus
807 520 970 575 penitus
1010 520 1238 573 perspectis
1268 521 1471 578 planeque
1501 522 1676 577 cognitis
1707 531 1830 580 atque
1859 525 1910 566 ab
1941 527 2031 582 opi-

249 585 413 627 :anionis
444 584 614 626 arbitrio
645 583 839 624 seiunctis
870 582 1120 637 scientiaque
1151 585 1483 637 comprehensis,
1526 599 1608 626 non
1639 585 1739 627 mihi
1770 586 1933 628 videtur
1962 602 2028 629 ars

279 649 454 689 oratoris
486 660 574 688 esse
605 645 702 686 ulla.
765 647 866 687 Sunt
903 645 1012 687 enim
1043 645 1155 687 varia
1186 651 1225 686 et
1255 647 1307 686 ad
1335 646 1546 700 vulgarem
1579 650 1907 704 popularemque
1937 664 2030 692 sen-

278 725 368 752 sum
398 707 706 750 accommodata
738 708 876 750 omnia
914 723 1065 763 genera
1105 708 1227 749 huius
1258 707 1433 751 forensis
1464 718 1628 752 nostrae
1659 711 1864 752 dictionis.
1931 713 2025 753 109.

279 773 348 814 Sin
380 778 514 813 autem
547 785 614 817 ea,
647 785 752 826 quae
783 770 1056 813 observantur
1086 772 1127 812 in
1159 784 1236 812 usu
1266 784 1313 812 ac
1342 773 1583 814 tractatione
1615 773 1800 821 dicendi,
1843 775 1947 815 haec
1975 776 2027 815 ab

276 834 511 875 hominibus
557 833 713 875 callidis
757 847 804 876 ac
846 834 992 888 peritis
1033 834 1318 875 animadversa
1359 847 1406 875 ac
1444 840 1601 884 notata,
1657 835 1796 878 verbis
1843 835 2024 885 definita,

225 908 260 931 10
276 895 493 950 generibus
524 896 743 945 illustrata,
791 897 977 952 partibus
1017 895 1235 938 distributa
1274 901 1393 944 sunt,
1441 897 1500 951 (id
1537 898 1649 954 quod
1690 899 1812 940 video
1844 899 2027 954 potuisse

274 958 411 1008 fieri):
444 972 527 1000 non
556 959 768 1013 intelligo,
818 958 1089 1014 quamobrem
1119 973 1228 1007 non,
1270 959 1303 1000 si
1335 958 1470 1000 minus
1501 959 1567 1001 illa
1598 960 1738 1002 subtili
1769 960 2024 1010 definitione,

272 1027 313 1062 at
341 1024 417 1064 hac
445 1021 608 1075 vulgari
639 1022 858 1076 opinione,
908 1036 973 1064 ars
1004 1036 1093 1064 esse
1124 1021 1328 1063 videatur.
1393 1020 1473 1062 Sed
1503 1023 1589 1063 sive
1621 1029 1681 1064 est
1709 1038 1775 1066 ars
1807 1023 1891 1066 sive
1929 1024 2027 1065 artis

272 1083 473 1138 quaedam
504 1084 757 1132 similitudo,
807 1100 891 1127 non
932 1091 995 1127 est
1024 1099 1071 1126 ea
1102 1084 1268 1140 quidem
1299 1084 1571 1139 negligenda3
1619 1100 1761 1127 verum
1792 1085 2027 1139 intelligen-

271 1146 368 1187 (lum
414 1151 475 1188 est
518 1146 594 1188 alia
642 1149 842 1202 quaedam
886 1147 937 1189 ad
982 1149 1315 1202 consequendam
1372 1147 1650 1202 eloquentiam
1704 1162 1793 1190 esse
1850 1148 2022 1190 maiora.

221 1218 255 1243 1⁵
272 1210 420 1250 XXIV.
471 1210 564 1250 110.
613 1211 717 1251 Tum
747 1211 949 1252 Antonius
979 1210 1246 1252 vehementer
1275 1224 1318 1251 se
1349 1211 1539 1251 assentiri
1572 1212 1721 1252 Crasso
1752 1211 1880 1260 dixit,
1914 1213 2026 1267 quod

269 1285 404 1327 neque
434 1271 489 1313 ita
520 1271 840 1327 amplecteretur
869 1279 1022 1322 artem,
1066 1278 1110 1314 ut
1146 1273 1175 1314 ii
1207 1272 1409 1321 solerent,
1451 1273 1520 1328 qui
1551 1287 1716 1315 omnem
1747 1273 1830 1314 vim
1862 1273 2026 1315 dicendi

269 1338 309 1376 in
340 1341 426 1376 arte
457 1341 682 1390 ponerent,
734 1350 867 1392 neque
904 1350 1048 1377 rursus
1088 1349 1177 1376 eam
1208 1341 1363 1384 totam,
1416 1335 1521 1377 sicut
1559 1335 1748 1392 plerique
1789 1335 2026 1392 philosophi

268 1398 476 1446 facerent,
524 1398 775 1453 repudiaret.
859 1398 939 1440 Sed
981 1398 1196 1447 existimo,
1243 1398 1396 1454 inquit,
1452 1404 1612 1453 gratum
1655 1405 1694 1439 te
1731 1398 1818 1446 his,
1867 1399 2023 1447 Crasse,

267 1458 494 1508 facturum,
525 1459 558 1502 si
589 1462 665 1502 ista
697 1461 966 1515 exposueris,
1002 1475 1106 1517 quae
1136 1466 1254 1517 putas
1285 1463 1335 1502 ad
1367 1462 1587 1502 dicendum
1618 1461 1710 1515 plus
1741 1475 1865 1518 quam
1893 1461 2025 1517 ipsam

217 1531 253 1556 20
268 1529 399 1565 artem
430 1536 552 1578 posse
583 1523 796 1579 prodesse.
1623 1577 1628 1582 ·

383 1588 474 1627 111.
519 1587 663 1627 Dicam
694 1588 914 1642 equidem,
962 1585 1155 1642 quoniam
1186 1585 1364 1634 institui,
1396 1591 1617 1642 petamque
1647 1600 1670 1628 a
1699 1588 1842 1635 vobis,
1872 1586 2021 1643 inquit,

266 1663 317 1690 ne
348 1649 422 1690 has
454 1662 566 1690 meas
596 1650 772 1704 ineptias
803 1649 1009 1699 efferatis3
1051 1663 1304 1707 ‚quamquam
1337 1648 1587 1690 moderabor
1616 1650 1729 1704 ipse,
1778 1663 1828 1691 ne
1858 1656 1903 1692 ut
1933 1650 2025 1704 qui-

266 1711 358 1753 dam
389 1713 586 1766 magister
615 1718 736 1767 atque
767 1712 914 1753 artifex
945 1714 1017 1759 sed
1048 1712 1163 1767 quasi
1200 1725 1306 1752 unus
1346 1725 1396 1752 ex
1427 1716 1661 1766 togatorum
1691 1725 1869 1753 numero
1899 1716 2023 1767 atque

265 1787 316 1814 ex
358 1773 512 1816 forensi
557 1788 635 1816 usu
674 1776 801 1816 homo
842 1774 1066 1816 mediocris
1104 1788 1241 1828 neque
1287 1773 1456 1815 omnino
1495 1775 1609 1815 rudis
1647 1774 1791 1816 videar
1820 1788 1903 1816 non
1933 1777 2023 1827 ipse

213 1844 248 1868 2⁵
265 1835 416 1891 aliquid
461 1851 485 1877 a
528 1851 594 1878 me
641 1837 880 1892 promisisse
921 1837 992 1879 sed
1031 1836 1203 1878 fortuito
1243 1836 1285 1877 in
1315 1850 1551 1877 sermonem
1582 1843 1765 1879 vestrum
1807 1835 2019 1878 incidisse.

266 1901 357 1940 112.
387 1898 612 1954 Equidem,
644 1914 736 1942 cum
767 1906 948 1956 peterem
979 1901 1284 1954 magistratum,
1332 1898 1516 1940 solebam
1548 1898 1590 1940 in
1620 1902 1854 1954 prensando
1885 1901 2022 1941 dimit-

265 1967 350 2003 tere
381 1976 404 2003 a
433 1975 499 2003 me
531 1963 791 2010 Scaevolam,
840 1977 933 2004 cum
962 1962 1019 2004 ita
1050 1962 1088 2003 ei
1119 1962 1320 2009 dicerem,
1370 1976 1436 2003 me
1468 1961 1573 2002 velle
1605 1975 1695 2003 esse
1726 1962 1937 2017 ineptum,
1977 1961 2020 2002 id

262 2030 368 2071 erat,
415 2030 557 2080 petere
587 2024 797 2075 blandius;
847 2028 959 2081 quod
990 2025 1068 2066 nisi
1099 2024 1237 2080 inepte
1268 2023 1409 2073 fieret,
1456 2023 1563 2065 bene
1593 2038 1677 2066 non
1715 2030 1857 2078 posset
1895 2022 2016 2065 fieri:

261 2090 370 2130 hunc
392 2094 529 2130 autem
551 2102 643 2129 esse
665 2088 875 2130 hominem
895 2102 1023 2129 unum
1056 2102 1108 2128 ex
1136 2087 1348 2134 omnibus,
1381 2101 1462 2142 quo
1486 2092 1702 2142 praesente
1725 2101 1803 2141 ego
1833 2086 2019 2141 ineptum

211 2168 247 2193 30
262 2163 327 2192 me
361 2164 452 2192 esse
483 2150 653 2192 minime
684 2151 853 2201 vellem;
885 2163 1009 2206 quem
1039 2149 1205 2204 quidem
1235 2165 1344 2192 nunc
1375 2163 1563 2191 mearum
1594 2149 1842 2204 ineptiarum
1871 2154 2018 2191 testem

262 2218 303 2254 et
347 2218 618 2268 spectatorem
663 2212 828 2254 fortuna
871 2214 1095 2257 constituit.
1154 2215 1255 2253 Nam
1304 2212 1402 2269 quid
1445 2217 1505 2253 est
1543 2212 1747 2268 ineptius,
1796 2226 1919 2268 quam
1966 2213 2017 2253 de

262 2275 437 2318 dicendo
469 2275 634 2325 dicere,
667 2289 759 2317 cum
790 2275 925 2331 ipsum
957 2277 1130 2316 dicere
1161 2289 1370 2331 nunquam
1403 2278 1454 2316 sit
1475 2289 1559 2317 non
1580 2275 1789 2330 ineptum,
1822 2276 1902 2316 nisi
1923 2288 2016 2317 cum

261 2344 323 2380 est
352 2340 661 2380 necessarium?
702 2340 833 2392 Perge
864 2351 987 2385 ver0,
1022 2338 1188 2386 Crasse,
1220 2337 1353 2392 inquit
1382 2339 1557 2379 Mucius.
1623 2340 1716 2379 113.
1750 2339 1873 2380 Istam
1904 2337 2014 2380 enim

261 2402 450 2457 culpam,
482 2415 604 2457 quam
635 2401 818 2450 vereris,
852 2414 930 2455 ego
961 2399 1194 2456 praestabo.

208 2487 243 2513 ³⁵
370 2465 502 2506 XXV.
553 2463 618 2505 Sic
665 2476 790 2518 ergo,
835 2462 966 2518 inquit
1007 2464 1197 2510 Crassus,
1243 2463 1397 2511 sentio,
1443 2467 1631 2504 naturam
1667 2462 1848 2518 primum
1892 2466 2014 2518 atque

258 2525 472 2580 ingenium
503 2525 555 2567 ad
586 2525 806 2567 dicendum
835 2525 917 2568 vim
948 2524 1098 2567 afferre
1129 2525 1368 2576 maximam;
1400 2539 1537 2581 neque
1568 2539 1667 2568 vero
1697 2525 1810 2574 istis,
1844 2523 1894 2565 de
1925 2523 2015 2580 qui-

351 2654 383 2686 1.
410 2653 575 2694 responde
600 2652 640 2683 B.
670 2669 709 2676 —
736 2653 769 2684 2.
797 2653 908 2685 verbis
935 2653 974 2684 B.
1004 2669 1042 2675 -
1077 2652 1110 2683 3.
1141 2649 1206 2693 ita]
1234 2654 1302 2684 ista
1328 2652 1376 2690 B,
1405 2661 1472 2684 om.
1500 2652 1544 2683 R.
1572 2668 1616 2673 —
1654 2651 1815 2692 deposuit
1839 2651 1878 2682 B.
1910 2667 1946 2672 —
1975 2650 2009 2683 8.

259 2700 489 2732 observantur
515 2700 625 2732 Codd.
653 2701 724 2733 al.:
754 2700 936 2732 observata
961 2704 1041 2731 sunt
1060 2700 1165 2730 BRE.
1190 2716 1228 2722 --
1255 2701 1467 2731 tractatione
1486 2700 1510 2731 B
1537 2699 1687 2739 aliique:
1715 2700 1853 2729 ratione
1879 2698 2012 2729 RE.—

257 2748 291 2780 9.
322 2748 480 2779 omnibus
504 2747 548 2778 R.
576 2764 618 2770 —-
643 2747 787 2788 definita
814 2747 840 2777 B
867 2748 1025 2787 aliique:
1053 2748 1243 2787 desta-nata
1267 2747 1338 2778 RE.
1371 2763 1405 2768 —
1435 2748 1490 2777 10.
1519 2747 1556 2777 id
1581 2754 1648 2777 om.
1678 2745 1719 2776 R.
1751 2762 1789 2768 —
1826 2745 1926 2776 video
1946 2753 2011 2785 po-

258 2795 364 2826 tuisse
388 2795 463 2836 fieri
489 2793 600 2826 Codd.
621 2795 692 2826 al.:
720 2794 796 2835 fieri
816 2794 969 2834 potuisse
995 2793 1092 2825 video
1120 2794 1220 2824 BRE.
1245 2810 1283 2815 —
1313 2792 1369 2824 13.
1398 2802 1439 2824 ea
1464 2793 1596 2834 quidem
1621 2792 1730 2824 Codd.
1761 2792 1830 2831 al.,
1858 2793 1908 2823 R:
1935 2792 2011 2832 qui-

257 2841 332 2872 dem
358 2851 398 2873 ea
436 2841 475 2873 E.
518 2841 598 2881 (Vv.
629 2840 763 2882 quidem
788 2857 801 2863 -
826 2856 839 2861 -
865 2841 938 2871 alia
976 2849 1044 2871 om.
1072 2839 1127 2879 B.)
1157 2858 1195 2864 -
1237 2841 1290 2872 15.
1318 2840 1478 2871 assentiri
1504 2839 1612 2871 Codd.
1643 2839 1712 2877 al.,
1747 2839 1798 2870 R:
1842 2839 2011 2870 assentire

257 2886 329 2918 BE.
359 2904 399 2910 —
426 2888 481 2919 16.
506 2889 540 2919 1ιὶ
566 2888 608 2920 R.
649 2904 688 2910 —-
726 2886 781 2918 17.
808 2896 930 2918 rursus
958 2886 1066 2919 Codd.
1096 2887 1163 2918 al.:
1204 2895 1346 2918 rursum
1372 2886 1473 2917 BRE.
1510 2902 1548 2908 —
1586 2885 1870 2926 philosophorum
1893 2885 1937 2916 R.
1968 2899 2007 2907 ·-·

257 2933 314 2965 18.
342 2935 393 2965 his
418 2943 488 2966 esse
512 2936 687 2976 facturum
712 2934 741 2965 R
760 2957 768 2970 ,
809 2934 860 2964 his
885 2943 973 2970 esse,
1017 2933 1136 2965 Crasse
1153 2958 1161 2970 ,
1200 2932 1376 2972 factarum
1402 2941 1479 2964 cum
1505 2933 1592 2965 Aldo
1632 2932 1826 2964 Schutzius.
1863 2948 1904 2953 —
1948 2931 2005 2962 19.

256 2978 340 3020 isca]
366 2981 417 3011 ita
440 2982 483 3012 R.
512 2999 552 3004 —
580 2982 626 3013 22
666 2978 720 3021 ne]
746 2989 806 3012 nec
831 2981 873 3011 R.
902 2998 940 3002 —
982 2980 1039 3011 23.
1066 2990 1107 3012 ex
1132 2981 1158 3011 B
1184 2981 1342 3019 aliique:
1372 2988 1387 3010 e
1413 2979 1485 3011 RE.
1516 2995 1552 3001 —
1598 2984 1779 3010 oratorum
1803 2979 1843 3009 B.
1869 2993 1910 3002 —-
1947 2977 2005 3023 25.

257 3034 280 3055 α
305 3035 356 3057 me
379 3027 512 3068 aliquid
538 3028 578 3059 Β.
605 3043 649 3050 --·
686 3028 884 3067 promisisse
909 3027 935 3057 B
962 3027 1089 3067 aliique
1106 3052 1114 3064 ,
1142 3027 1192 3058 R:
1217 3027 1404 3066 promsisse
1430 3027 1468 3058 E.
1499 3042 1536 3048 -
1579 3026 1634 3057 26.
1664 3023 1754 3065 cum]
1782 3033 1850 3067 quo
1876 3023 2003 3066 (quom,

256 3075 296 3102 ut
322 3073 431 3104 edidit
455 3073 519 3112 T:)
545 3075 571 3106 B
588 3097 596 3110 ‚
624 3074 707 3105 dum
725 3075 767 3106 R.
796 3090 835 3096 —-
858 3073 1099 3113 prehensando
1125 3074 1167 3105 R.
1191 3089 1229 3095 —
1256 3073 1313 3103 27.
1334 3074 1385 3103 ita
1410 3074 1439 3104 ei
1465 3072 1575 3104 Codd.
1603 3074 1648 3104 al.
1666 3097 1675 3111 ,
1703 3075 1804 3104 etiam
1824 3071 1948 3104 Voss.:
1976 3071 2006 3102 ei

255 3119 307 3149 ‘ita
344 3119 446 3150 BRE.
483 3136 528 3144 —
567 3121 624 3153 29.
664 3122 750 3153 hunc
780 3126 896 3152 autem
927 3129 1058 3161 semper
1092 3120 1244 3151 iudicavi
1269 3120 1436 3151 hominem
1460 3129 1567 3151 unum
1606 3129 1624 3151 e
1652 3119 1762 3152 Codd.
1790 3118 2004 3158 interpolatis

257 3164 453 3198 Schtitzius.
503 3166 551 3199 Ex
589 3168 615 3198 B
654 3168 739 3199 nihil
764 3171 920 3199 notatum
947 3172 1009 3199 est.
1047 3183 1091 3188 —-
1130 3167 1296 3197 hominem
1322 3176 1427 3197 unum
1454 3166 1562 3199 Codd.
1591 3166 1662 3199 al.:
1704 3174 1812 3197 urium
1837 3165 2005 3196 hominem

256 3209 297 3253 (B
308 3210 336 3250 ?)
363 3212 461 3243 Voss.
490 3213 561 3244 RE.
589 3230 631 3235 —
671 3216 824 3254 ineptum
848 3223 899 3245 me
924 3223 990 3245 esse
1016 3214 1125 3246 Codd.
1154 3214 1224 3245 aL:
1251 3221 1302 3243 me
1328 3214 1480 3253 ineptum
1504 3222 1573 3245 esse
1598 3214 1624 3244 B
1641 3236 1649 3250 ,
1675 3213 1810 3252 ineptus
1835 3220 1902 3242 esse
1927 3211 2001 3242 RE.

258 3274 296 3282 -
325 3257 379 3291 33.
406 3259 535 3298 inquit.
565 3260 682 3293 Crasse
706 3262 746 3292 Β.
779 3276 814 3282 -
858 3260 914 3292 35.
944 3269 1046 3302 erqo,
1075 3260 1189 3301 inquit
1215 3259 1383 3294 Crassus,
1410 3262 1520 3294 sentio
1545 3260 1655 3293 Codd.
1683 3260 1753 3291 aL:
1795 3258 1926 3300 iqitur,
1951 3260 2003 3291 in-

255 3305 330 3348 quit
356 3305 522 3345 Crassus,
547 3308 655 3339 sentio
681 3308 738 3340 BE
755 3331 764 3348 ,
792 3309 905 3349 inquit
928 3308 1039 3348 igitur
1064 3307 1208 3339 Crassus
1232 3309 1341 3338 sentio
1366 3306 1411 3339 R.
