2117 3762
751 271 848 309 LlB.
884 270 909 308 l.
971 271 1012 311 C.
1045 271 1110 310 5'2.
1146 274 1210 312 55.
1244 274 1307 312 56.
1821 278 1900 317 215

152 376 271 416 batur
303 389 422 421 rens,
463 388 584 429 qnam
617 373 732 429 quasi
763 376 1088 416 aestimationem
1124 380 1419 419 commeruisse
1451 393 1493 419 se
1526 380 1702 420 maxime
1733 381 1901 422 conlite-

151 443 283 484 retur;
331 438 441 491 quod
473 450 564 477 cum
599 437 872 488 interrogatus
904 439 1094 478 Socrates
1126 447 1258 487 esset,
1308 441 1521 496 respondit
1559 454 1648 482 sese
1682 445 1897 491 meruisse,

150 505 194 540 ut
233 498 496 551 amplissimis
535 499 763 538 honoribus
804 504 844 537 et
885 502 1078 552 praemiis
1117 503 1386 543 decoraretur
1425 509 1465 543 et
1496 509 1540 544 ut
1570 504 1607 543 ei
1639 505 1768 545 vietus
1799 519 1901 560 quo-

149 561 325 601 tidianus
358 562 396 601 in
431 562 631 614 Prytaneo
663 561 826 614 publice
857 561 1149 613 praeberetur,
1195 565 1264 618 qni
1306 568 1437 606 honos
1468 567 1573 620 apud
1607 568 1786 608 Graecos
1817 582 1901 608 ma-

147 623 282 665 ximus
328 625 516 664 habetur.
578 624 673 662 233.
709 622 833 663 Cuius
866 638 1063 679 responso
1099 627 1155 666 sie.
1188 627 1342 667 indices
1381 635 1645 675 exarserunt,
1677 635 1721 670 ut
1758 629 1930 684 capitis⁵

147 688 355 727 bominem
388 683 767 726 innocentissimum
801 688 1139 728 condemnarent.
1203 691 1280 738 Qui
1305 693 1470 744 quidem
1494 691 1524 731 si
1548 691 1759 733 absolutus
1780 699 1899 738 esset,

149 748 272 804 (quod
315 746 575 794 mehercule,
629 746 788 786 etiamsi
835 748 933 789 nihil
972 751 1023 789 ad
1065 763 1140 789 nos
1182 753 1385 802 pertinet,
1436 759 1570 794 tamen
1611 760 1782 808 propter
1812 754 1899 795 eius

147 811 300 865 ingenii
345 808 668 864 magnitudinem
714 809 903 862 venenu)
954 824 1133 864 quonam
1176 815 1299 853 niodo
1343 815 1440 853 istos
1481 814 1748 871 philosophos
1793 816 1901 858 ferre

147 887 385 928 possemus,
418 873 487 926 qui
511 885 643 916 nunc,
676 884 767 912 cnm
792 871 860 912 ille
885 874 1098 914 damnatus
1121 880 1202 920 est,
1236 875 1386 916 nullam
1418 878 1539 917 aliam
1563 879 1616 917 ob
1640 878 1799 933 culpam
1823 878 1899 920 nisi

144 941 318 989 propter
348 934 511 974 dis-endi
544 934 800 974 inscientiam
820 966 829 979 ,
876 940 1009 975 tamen
1040 949 1060 975 a
1093 950 1136 976 se
1168 944 1364 990 oportere
1396 939 1536 979 dicunt
1567 940 1648 993 peti
1680 948 1899 997 praecepta
1913 953 1949 978 1⁰

144 995 337 1036 dicendi?
371 997 625 1045 Quibuscum
649 1010 724 1049 ego
749 1011 831 1036 non
854 1010 991 1051 pugno
1009 1029 1018 1044 ,
1053 1004 1189 1038 utrum
1211 998 1261 1039 sit
1283 999 1433 1040 melius
1457 1007 1527 1041 aut
1549 1003 1709 1043 verius:
1746 1010 1900 1044 tantum

143 1059 235 1099 dico
265 1064 305 1099 et
334 1057 443 1098 aliud
475 1058 575 1099 illud
608 1074 697 1099 esse
729 1066 852 1113 atque
883 1062 959 1099 boe
991 1065 1032 1100 et
1061 1061 1139 1100 boc
1169 1061 1257 1101 sine
1289 1061 1357 1101 illo
1390 1075 1595 1104 summum
1629 1078 1717 1105 esse
1763 1079 1900 1121 posse.

254 1122 335 1161 LV.
386 1123 478 1161 234.
525 1123 625 1161 Nam
658 1123 769 1174 quod
802 1122 863 1161 ius
895 1123 1037 1167 civile,
1071 1123 1241 1169 Crasse,
1276 1129 1356 1163 tam
1391 1126 1658 1167 veliementer
1688 1128 1900 1183 amplexus

142 1198 207 1230 es,
251 1184 394 1229 video,
441 1184 539 1236 quid
572 1185 729 1233 egeris;
776 1190 887 1231 tum,
922 1197 1013 1223 cum
1055 1186 1249 1230 dicebas,
1299 1185 1502 1227 videbam.
1565 1189 1746 1229 Primum
1779 1192 1901 1231 Scae-

141 1247 260 1288 volae
292 1251 330 1286 te
362 1245 535 1293 dedisti,
579 1260 702 1299 quem
745 1260 890 1287 omnes
921 1260 1060 1287 amare
1095 1247 1360 1289 meritissimo
1391 1262 1468 1302 pro
1499 1249 1588 1290 eius
1620 1252 1770 1292 eximia
1807 1263 1949 1294 sua-¹⁵

139 1309 263 1350 vitate
301 1310 527 1356 debemus;
563 1310 679 1348 cuius
713 1315 841 1349 artem
876 1322 967 1348 cum
997 1308 1223 1350 indotatam
1260 1324 1351 1350 esse
1381 1317 1421 1351 et
1450 1313 1699 1367 incomptam
1723 1317 1898 1360 videres,

140 1373 363 1412 verborum
398 1384 487 1411 eam
521 1369 615 1411 dote
649 1371 907 1425 locupletasti
941 1376 980 1411 et
1010 1371 1179 1411 ornasti.
1252 1374 1412 1413 Deinde
1444 1376 1555 1427 quod
1586 1376 1626 1415 in
1657 1390 1703 1416 ea
1737 1383 1780 1418 tu
1810 1378 1899 1433 plus

140 1447 293 1490 operae
339 1432 578 1486 laborisque
625 1445 967 1487 consumpseraS,
1016 1448 1109 1474 cum
1155 1433 1242 1474 eius
1283 1434 1407 1476 studii
1448 1436 1523 1476 tibi
1563 1443 1602 1477 et
1640 1439 1831 1481 hortator
1861 1447 1901 1482 et

139 1498 335 1550 magister
365 1503 471 1536 esset
504 1495 646 1543 domi,
680 1497 836 1536 veritus
859 1511 901 1536 es
921 1527 930 1544 ‚
964 1496 1042 1536 nisi
1073 1496 1191 1536 istam
1224 1503 1352 1537 artem
1375 1498 1564 1540 oratione
1586 1512 1896 1555 exaggerasseS,

122 1573 189 1600 *ne
239 1572 408 1612 operam
455 1559 721 1613 perdidisses.
802 1560 883 1599 Sed
929 1571 1006 1611 ego
1049 1572 1099 1599 ne
1141 1573 1233 1600 cum
1277 1560 1353 1600 ista
1399 1562 1566 1613 quidem
1614 1569 1702 1603 arte
1742 1576 1949 1619 pugno.2o

139 1624 234 1662 235.
269 1621 329 1662 Sit
359 1634 456 1661 sane
489 1626 619 1666 tanta,
652 1624 846 1673 quantam
879 1626 921 1661 tu
952 1620 1063 1661 illam
1095 1635 1185 1661 esse
1216 1623 1292 1662 vis.
1354 1624 1516 1664 Etenim
1548 1623 1635 1665 sine
1658 1632 1901 1668 controver-

139 1686 197 1725 sia
229 1690 269 1725 et
298 1697 447 1737 magna
478 1688 539 1723 est
569 1688 609 1723 et
639 1684 719 1723 late
750 1689 862 1737 patet
891 1689 932 1723 et
962 1686 1012 1724 ad
1044 1685 1195 1724 multos
1218 1685 1397 1737 pertinet
1427 1691 1468 1725 et
1488 1700 1648 1728 summo
1671 1687 1714 1729 in
1737 1691 1899 1732 honore

137 1760 302 1799 semper
330 1744 407 1786 suit
437 1751 476 1786 et
506 1744 721 1786 clarissimi
752 1746 863 1786 cives
894 1745 931 1786 ei
962 1747 1098 1786 studio
1132 1746 1256 1787 etiam
1288 1747 1413 1788 hodie
1443 1755 1658 1803 praesunt;
1690 1753 1761 1792 sed
1785 1753 1895 1801 vide,

139 1810 308 1856 Crasse,
341 1820 419 1855 ne,
456 1808 570 1848 'dum
604 1820 714 1848 novo
746 1813 787 1848 et
816 1807 951 1849 alieno
984 1814 1132 1848 ornatu
1163 1808 1264 1849 velis
1296 1823 1442 1850 ornare
1474 1812 1576 1852 iuris
1607 1812 1736 1853 civilis
1766 1815 1899 1855 scien-

136 1872 261 1918 tiam,
295 1882 371 1910 suo
401 1883 567 1924 quoque
599 1883 689 1909 eam
721 1883 922 1911 concesso
953 1876 994 1910 et
1024 1870 1173 1911 tradito
1206 1871 1358 1925 spolies
1389 1878 1511 1926 atque
1543 1876 1740 1916 denudes.
1801 1879 1894 1920 236.
1910 1886 1946 1912 2⁵

136 1935 265 1981 Nam,
316 1932 350 1972 si
390 1933 446 1972 ita
487 1930 669 1980 diceres,
721 1933 791 1986 qui
831 1931 930 1973 iuris
971 1933 1182 1974 consultus
1223 1939 1353 1982 esset,
1407 1948 1496 1976 esse
1536 1951 1630 1978 eum
1668 1944 1894 1988 oratorem,

135 1996 320 2049 itemque
350 1995 422 2048 qui
452 1999 561 2035 esset
591 1999 757 2042 orator,
788 1993 890 2035 iuris
921 1994 1098 2036 eundem
1129 2008 1219 2036 esse
1250 1998 1511 2046 consultum,
1543 1998 1774 2054 praeclaras
1796 2002 1897 2042 duas

136 2062 245 2099 artes
294 2057 568 2098 constitueres
612 2062 734 2110 atque
778 2056 888 2098 inter
929 2070 973 2098 se
1011 2071 1133 2110 pares
1181 2063 1220 2099 et
1265 2058 1451 2100 eiusdem
1492 2062 1626 2102 socias
1671 2061 1893 2116 dignitatis.

135 2122 252 2160 Nunc
291 2133 391 2160 vero
442 2117 545 2160 iuris
587 2119 821 2160 consultum
863 2120 951 2160 sine
993 2121 1072 2160 hac
1112 2119 1368 2174 eloquentia,
1415 2123 1466 2163 de
1510 2137 1592 2177 qua
1637 2125 1894 2178 quaerimus,

135 2181 276 2223 fateris
307 2195 396 2222 esse
426 2194 548 2236 posse
578 2180 790 2236 fuisseque
819 2181 1045 2235 plurim0s;
1093 2188 1303 2224 oratorem
1333 2198 1480 2237 negas,
1513 2185 1592 2226 nisi
1622 2186 1733 2227 illam
1765 2187 1945 2234 scien-³0

135 2246 232 2285 tiam
273 2245 566 2298 assumpserit,
614 2257 703 2285 esse
748 2257 884 2299 posse.
947 2247 1007 2286 Ita
1050 2251 1112 2286 est
1151 2246 1226 2287 tibi
1255 2246 1356 2287 iuris
1388 2247 1599 2289 consultus
1630 2249 1717 2304 ipse
1747 2264 1822 2306 per
1851 2267 1895 2293 se

135 2307 239 2347 nihil
268 2305 346 2347 nisi
377 2304 579 2359 leguleius
611 2306 778 2360 quidam
817 2312 959 2348 cautus
1000 2313 1041 2348 et
1070 2313 1240 2357 acutus,
1289 2323 1442 2362 praeco
1475 2311 1704 2361 actionum,
1754 2321 1896 2357 cantor

136 2367 434 2416 formularum,
483 2381 634 2423 auceps
666 2368 939 2422 syllabarum3
984 2371 1055 2410 sed
1097 2372 1192 2424 quia
1223 2385 1347 2426 saepe
1378 2374 1507 2426 utitur
1536 2380 1679 2416 orator
1709 2375 1892 2417 subsidio

136 2431 238 2471 iuris
276 2431 317 2470 in
359 2430 517 2478 causis,
565 2429 722 2474 idcirco
760 2432 879 2471 istam
915 2430 1018 2472 iuris
1049 2434 1259 2475 seientiam
1293 2435 1555 2490 eloquentiae
1587 2442 1792 2492 tamquam
1824 2453 1894 2480 an-

136 2491 314 2534 cillulam
345 2494 702 2548 pedisequamque
732 2495 970 2535 adiunxisti.
1906 2519 1941 2546 ³⁵

246 2556 349 2596 LVI.
383 2557 480 2596 237.
515 2555 637 2605 Quod
668 2569 767 2597 vero
798 2555 1095 2612 impudentiam
1127 2561 1354 2601 admiratus
1376 2575 1419 2602 es
1440 2575 1585 2602 eorum
1606 2568 1889 2616 patronorum,

135 2619 205 2672 qui
236 2623 321 2665 aut,
359 2631 450 2658 eum
483 2631 608 2672 parva
638 2620 872 2666 nescirent,
904 2632 1051 2674 magna
1073 2621 1370 2674 profiterentur
1391 2630 1460 2664 aut
1482 2638 1554 2672 ea,
1588 2639 1691 2678 quae
1714 2626 1891 2666 maxima

135 2686 273 2721 essent
301 2681 343 2721 in
372 2681 464 2721 iure
496 2680 624 2726 civili,
659 2686 833 2721 tractare
855 2683 1057 2723 auderent
1087 2683 1126 2724 in
1158 2687 1311 2732 causis,
1344 2700 1437 2727 cum
1470 2701 1517 2727 ea
1549 2687 1755 2728 nescirent
1787 2701 1891 2728 nun-

136 2755 341 2796 quamque
387 2741 651 2790 didicissent,
709 2744 923 2798 utriusque
976 2744 1038 2785 rei
1080 2745 1212 2789 facilis
1259 2753 1322 2788 est
1367 2754 1408 2789 et
1453 2755 1646 2801 prompta
1692 2747 1889 2790 defensio.

136 2806 236 2844 Nam
279 2817 413 2858 neque
457 2805 558 2846 illud
602 2811 662 2846 est
702 2806 957 2854 mirandum,
1008 2808 1106 2861 qui,
1161 2809 1314 2862 quibus
1359 2810 1499 2851 verbis
1546 2811 1750 2864 coemptio
1799 2808 1941 2857 fiat‚40

228 2921 261 2953 3.
289 2926 320 2953 et
354 2923 385 2952 ei
418 2922 566 2956 Ernestii
601 2931 739 2963 operae.
778 2939 814 2945 -
858 2923 892 2955 4.
921 2926 1097 2957 Ρνιιταηοο
1123 2928 1164 2960 R.
1207 2946 1244 2951 —
1286 2929 1468 2961 haberetur
1494 2937 1571 2959 cum
1600 2929 1692 2960 libris
1719 2930 1760 2960 tt.
1810 2929 1891 2961 Cor-

135 2970 223 3000 rexit
251 2968 441 3000 Ernestius.
472 2986 510 2992 —
538 2970 570 3001 6.
600 2971 919 3002 innocentissimum
945 2972 1119 3004 hominem
1144 2976 1185 3007 R.
1217 2992 1252 2998 —
1291 2976 1323 3006 8.
1351 2976 1578 3015 maynitatem
1605 2975 1644 3006 B.
1675 2990 1715 2996 —
1753 2975 1786 3006 9.
1811 2985 1890 3016 pos·

135 3024 251 3046 sumus
278 3015 417 3046 Baltius.
449 3031 485 3037 —
516 3017 569 3048 11.
598 3017 674 3056 aut]
700 3027 746 3049 an
773 3017 810 3048 B.
835 3034 873 3039 -
903 3018 959 3048 12.
988 3028 1054 3050 esse
1078 3030 1149 3052 non
1173 3030 1270 3061 posse
1297 3022 1335 3053 B.
1360 3038 1397 3043 —-
1428 3021 1482 3051 14.
1511 3026 1657 3062 tuncque
1682 3031 1758 3053 cum
1784 3022 1826 3053 R.
1849 3040 1888 3045 —

134 3069 208 3093 non
232 3062 389 3093 videbam
416 3061 536 3102 Steph.
565 3063 686 3095 Lamb.
731 3063 818 3102 (tum
844 3080 856 3085 -
883 3080 896 3086 -
921 3066 1091 3106 videbam]
1118 3074 1278 3106 suspecta
1308 3069 1392 3098 baec
1420 3068 1636 3106 lleustngero
1657 3091 1665 3105 ,
1710 3068 1887 3107 Scbutzio,

138 3109 389 3140 Henrichsento
408 3130 416 3144 ,
445 3107 581 3149 Bakio.)
601 3127 640 3132 —
668 3110 723 3142 16.
753 3111 948 3142 indotatam
975 3120 1044 3142 esse
1068 3116 1098 3144 et
1125 3111 1242 3153 (atque
1267 3112 1325 3153 R.)
1355 3115 1595 3144 incomitatam
1620 3119 1650 3146 et
1676 3115 1891 3154 incomptam

134 3155 207 3186 BR.
237 3172 275 3177 —
303 3155 359 3185 20.
388 3156 441 3184 ita
467 3156 505 3185 B.
533 3171 576 3177 —
617 3156 675 3187 23.
703 3158 788 3188 cives
813 3162 844 3188 et
870 3158 985 3189 studio
1011 3162 1041 3188 et
1065 3160 1163 3192 hodie
1190 3161 1214 3190 B
1231 3185 1240 3199 ,
1268 3163 1357 3191 cives
1383 3161 1412 3189 ei
1437 3160 1553 3191 studio
1578 3164 1608 3192 et
1634 3170 1767 3201 semper
1789 3171 1891 3201 prae-

134 3199 273 3240 fuerunt
299 3204 330 3232 et
355 3200 453 3232 hodie
479 3202 519 3232 R.
566 3217 605 3224 —
647 3203 703 3234 26.
733 3207 815 3234 esset
841 3208 871 3234 et
897 3212 965 3235 esse
990 3205 1061 3235 BR.
1093 3222 1128 3228 —
1172 3207 1228 3238 27.
1256 3207 1345 3237 viuris
1372 3207 1481 3236 civilis
1505 3207 1646 3239 eundem
1671 3208 1712 3239 11.
1749 3224 1787 3230 —
1829 3209 1886 3240 28.
1914 3204 1919 3208 ”

136 3245 298 3288 eiusdem]
325 3248 399 3279 eius
416 3247 510 3278 modi
529 3247 577 3284 B,
604 3249 836 3280 huiuscemodi
855 3250 898 3281 R.
924 3267 962 3272 —
989 3250 1044 3282 30.
1077 3252 1138 3283 Vv.
1169 3252 1336 3293 fuisseque
1361 3268 1403 3274 ·-
1427 3261 1526 3293 posse
1552 3255 1755 3287 exciderunt
1781 3264 1819 3287 ex
1846 3255 1885 3286 B.

97 3330 103 3336 “
137 3310 175 3316 -
205 3295 262 3325 31.
291 3294 348 3325 Ιια
371 3297 403 3325 et
427 3294 489 3325 tibi
516 3293 590 3324 libri
618 3299 651 3325 et
676 3295 718 3327 R.
755 3295 912 3328 Correxit
938 3297 1128 3330 Ernestius.
1149 3315 1189 3320 —
1217 3299 1274 3330 33.
1302 3301 1423 3330 utatur
1448 3299 1588 3332 Bakius.
1611 3318 1646 3324 —
1676 3301 1732 3333 39.
1759 3302 1887 3333 vertas-

135 3347 199 3380 que
223 3339 263 3371 B.
293 3356 331 3363 -
359 3340 416 3372 40.
444 3338 514 3382 qui]
542 3340 626 3381 quid
652 3341 690 3372 B.
