2117 3762
708 268 806 307 LIB.
841 267 912 307 111.
973 268 1014 309 C.
1045 268 1111 309 21.
1142 269 1210 309 22.
1244 269 1309 310 23.
1805 274 1884 313 309

130 387 249 416 nemo
294 379 505 415 oratorum
550 374 722 414 istorum
767 386 946 425 unquam
995 374 1147 425 attigit,
1197 373 1497 429 comprehensa
1543 388 1633 416 esse
1678 375 1881 419 videatur.

129 438 262 477 xxn.
298 439 362 477 82.
405 440 508 477 Tum
546 435 732 482 Catulus,
778 436 1102 491 Haudquaquam
1138 437 1298 485 hercle,
1337 438 1494 492 inquit,
1535 439 1699 484 Crasse,
1735 440 1885 479 miran-

129 497 225 539 dum
266 506 325 540 cst
365 513 454 540 esse
495 500 535 539 in
574 504 612 538 te
645 503 794 537 tantam
828 497 987 538 dicendi
1022 501 1085 539 vol
1117 499 1202 540 vim
1236 500 1299 541 vel
1331 500 1575 542 suavitatem
1607 500 1670 541 vel
1703 501 1883 554 copiam;

128 574 251 616 quem
284 561 449 617 quidem
480 567 597 601 antea
628 565 772 600 natura
804 558 926 601 rebar
958 562 1012 601 ita
1045 563 1205 609 dicere,
1256 568 1299 602 ut
1332 564 1429 603 milii
1462 577 1546 603 non
1576 563 1710 604 solum
1743 570 1885 604 orator

127 636 313 665 summus
343 626 415 665 sed
447 625 568 665 ctiam
600 621 926 676 sapientissimus
960 623 1084 664 bomo
1115 623 1326 665 viderere:
1380 639 1488 665 nunc
1529 625 1711 679 intelligo
1744 626 1813 666 illa
1846 631 1915 665 tes

127 699 295 739 semper
325 689 446 727 etiam
477 686 639 740 potiora
672 686 859 731 duxisse,
893 700 996 739 quae
1029 685 1079 726 ad
1110 686 1353 740 sapientiam
1385 693 1645 741 spectarent,
1679 693 1802 742 atque
1835 702 1886 728 ex

126 748 190 790 his
221 749 323 790 hanc
354 749 517 790 dicendi
549 748 710 800 copiam
743 746 925 788 fluxisse.
988 749 1069 788 Sed
1101 754 1258 793 tamen.
1291 761 1382 788 cum
1405 763 1548 790 omnes
1569 751 1720 803 gradus
1741 751 1886 790 aetatis

127 811 327 854 recordor
365 818 457 853 tuae
501 823 676 864 cumque
723 811 846 850 vitam
893 816 1003 850 tuam
1044 823 1091 850 ac
1133 809 1268 851 studia
1305 813 1552 860 consider0,
1598 825 1757 866 neque,
1804 826 1885 867 quo

128 880 313 929 ternpore
343 875 418 914 ista
449 871 661 919 didiceris,
704 871 827 912 vidco
858 887 933 913 nec
965 885 1116 925 magno
1147 886 1274 925 opere
1306 879 1344 913 te
1376 874 1463 913 istis
1495 873 1664 922 studiis,
1708 875 1887 916 hornini-

125 939 220 982 hus.
263 935 378 978 libris
423 934 608 988 intelligo
656 933 853 975 deditum.
916 937 1058 989 Neque
1105 940 1240 975 tamen
1282 948 1450 988 possum
1491 941 1698 985 statuere,
1745 942 1934 978 utrum10

125 1000 254 1053 magis
286 999 413 1038 mirer
436 1003 474 1038 te
506 997 594 1043 illa,
646 1010 750 1051 quae
782 996 880 1037 milii
913 999 1137 1051 persuades
1170 998 1349 1038 maxima
1390 1011 1479 1038 esse
1508 997 1764 1047 adiumenta,
1810 1012 1885 1054 po-

127 1060 256 1101 tuisse
287 1061 326 1100 in
350 1061 468 1100 tantis
491 1061 569 1099 tuis
590 1058 935 1113 occupationibus
960 1059 1217 1112 pcrdiscere;
1250 1073 1323 1105 an.
1359 1059 1392 1100 si
1414 1073 1497 1101 non
1520 1062 1729 1115 potueris,
1762 1075 1884 1116 posse

123 1123 204 1163 isto
238 1123 362 1163 modo
399 1123 548 1162 dicere.
607 1123 675 1161 83.
711 1122 786 1160 Hic
818 1123 1010 1169 Crassus,
1054 1123 1145 1163 1100
1175 1121 1269 1169 tibi,
1308 1123 1462 1176 inquit,
1502 1123 1669 1170 Catule,
1702 1125 1884 1178 primum

122 1186 372 1240 persuadeas
403 1185 552 1231 velim,
604 1197 670 1224 me
703 1197 785 1223 non
816 1183 947 1224 multo
979 1196 1096 1224 secus
1128 1182 1291 1231 facere,
1339 1198 1431 1225 cum
1463 1183 1513 1226 de
1545 1192 1712 1226 oratore
1743 1184 1885 1238 dispu-

124 1253 230 1294 tem,
264 1259 311 1287 ac
342 1245 546 1293 facerem,
590 1247 623 1286 si
654 1252 763 1286 esset
795 1245 898 1286 mihi
933 1247 984 1286 de
1015 1246 1216 1287 histrione
1243 1248 1478 1288 dicendum.
1537 1249 1737 1301 Negarem
1775 1249 1883 1288 enim
1898 1258 1932 1284 ¹⁵

123 1323 246 1365 posse
278 1322 371 1350 eum
404 1307 639 1349 satisfacere
672 1309 713 1347 in
745 1314 880 1361 gestu,
924 1308 1003 1349 nisi
1033 1308 1303 1363 palaestram,
1351 1309 1430 1350 nisi
1468 1310 1619 1351 saltare
1654 1309 1882 1360 didicisset;

122 1385 280 1427 neque,
329 1385 376 1412 ea
413 1384 505 1411 cum
541 1369 739 1417 dicerem,
772 1385 837 1411 me
871 1384 960 1412 esse
992 1372 1236 1412 histrionem
1266 1384 1434 1412 necesse
1465 1378 1574 1412 esset
1607 1374 1680 1413 sed
1709 1371 1883 1413 sortasse

122 1447 205 1476 non
227 1433 393 1475 stultum
421 1433 543 1474 alieni
574 1431 735 1473 artificii
763 1434 1107 1474 existimatorem.
1169 1436 1236 1476 84.
1269 1433 1469 1475 Similiter
1496 1449 1606 1475 nunc
1637 1437 1689 1476 dc
1721 1441 1885 1476 oratore

122 1502 262 1538 vestro
293 1495 473 1550 impulsu
511 1496 678 1549 loquor,
728 1509 891 1536 summo
930 1497 1101 1537 scilicet.
1164 1498 1341 1549 Semper
1371 1496 1508 1546 enim,
1557 1512 1801 1553 quacunque
1834 1500 1885 1538 de

121 1565 209 1601 arte
238 1564 308 1599 aut
336 1557 527 1599 facultate
557 1558 792 1611 quaeritur,
828 1556 878 1598 de
905 1560 1094 1599 absoluta
1115 1564 1156 1600 et
1176 1559 1357 1614 perfecta
1389 1561 1533 1614 quaeri
1556 1562 1676 1602 solet.
1742 1562 1882 1611 Quare
1899 1570 1934 1594 20

122 1622 156 1663 si
182 1624 263 1662 iam
291 1636 355 1662 me
384 1620 506 1661 vultis
538 1633 628 1660 esse
655 1626 888 1666 oratorem,
916 1621 948 1660 si
980 1622 1104 1663 etiam
1134 1627 1196 1663 sat
1223 1624 1401 1669 bonum,
1433 1624 1467 1662 si
1497 1624 1654 1664 bonum
1683 1625 1884 1678 denique,

121 1698 205 1725 non
239 1681 499 1737 repugnabo.
561 1683 670 1732 Quid
709 1685 817 1723 enim
853 1698 963 1724 nunc
990 1685 1068 1725 sim
1101 1685 1295 1739 ineptus?
1340 1686 1399 1725 Ita
1426 1698 1492 1725 me
1524 1684 1750 1726 existimari
1780 1685 1881 1726 scio.

123 1748 244 1796 Quod
273 1745 306 1787 si
342 1747 397 1785 ita
435 1751 514 1792 est,
553 1758 738 1786 summus
775 1751 909 1786 tamen
941 1751 1052 1786 certe
1081 1760 1166 1787 non
1194 1760 1299 1788 sum.
1361 1749 1504 1801 Neque
1535 1749 1643 1790 enim
1673 1750 1781 1802 apud
1810 1751 1886 1802 ho-

120 1809 250 1850 mines
295 1821 362 1848 res
402 1814 465 1848 est
502 1806 584 1848 ulla
624 1806 833 1848 difficilior
862 1821 998 1862 neque
1028 1808 1161 1850 maior
1191 1822 1327 1863 neque
1358 1823 1464 1864 quae
1496 1809 1615 1865 plura
1646 1813 1883 1852 adiumenta

121 1872 335 1913 doctrinae
361 1868 582 1910 desideret.
644 1872 711 1911 85.
745 1873 934 1911 Attamen
957 1870 1153 1924 quoniam
1175 1869 1225 1911 de
1252 1877 1419 1913 oratore
1446 1872 1567 1913 nobis
1591 1875 1880 1928 disputandum
1897 1888 1932 1913 25

121 1939 202 1982 est,
236 1934 287 1974 de
315 1946 476 1973 summo
509 1937 674 1973 oratore
708 1932 842 1973 dicam
863 1946 1031 1974 necesse
1059 1938 1134 1974 est.
1195 1934 1409 1974 Visxenim
1444 1939 1484 1974 et
1508 1942 1656 1976 natura
1685 1937 1771 1983 rei,
1805 1936 1884 1975 nisi

119 1995 302 2052 perfecta
334 2001 427 2036 ante
459 1994 601 2036 oculos
633 1996 827 2049 ponitur,
869 1995 1000 2050 qualis
1031 2001 1072 2036 et
1102 2000 1255 2050 quanta
1291 1997 1363 2043 sit,
1405 1996 1579 2051 intelligi
1614 2011 1698 2038 non
1732 2003 1885 2050 potest.

119 2063 185 2101 Me
216 2064 376 2107 autem,
412 2058 574 2105 Catule,
605 2056 740 2098 fateor
766 2071 900 2113 neque
930 2057 1054 2098 hodie
1083 2059 1123 2099 in
1144 2057 1232 2099 istis
1262 2058 1378 2099 libris
1400 2064 1440 2100 et
1469 2074 1563 2100 cum
1591 2059 1680 2101 istis
1707 2059 1885 2100 homini-

119 2124 198 2163 bus
230 2123 372 2162 vivere
408 2134 484 2161 nec
514 2134 640 2169 vero,
683 2119 725 2160 id
766 2123 877 2175 quod
916 2125 958 2161 tu
996 2126 1111 2162 recte
1150 2120 1490 2169 commeministi,
1541 2122 1670 2163 ullum
1700 2135 1883 2177 unquam

119 2183 312 2225 habuisse
353 2184 579 2238 sepositum
615 2188 777 2237 tempus
813 2185 864 2224 ad
895 2182 1137 2224 discendum
1170 2196 1218 2223 ac
1248 2188 1406 2225 tantum
1437 2185 1634 2226 tribuisse
1667 2184 1881 2226 doctrinae
1897 2199 1931 2224 ³0

119 2247 337 2301 temporis,
387 2250 585 2299 quantum
626 2246 727 2286 mihi
771 2245 942 2300 puerilis
991 2251 1126 2292 aetas,
1175 2244 1366 2287 forenses
1411 2247 1540 2288 feriae
1589 2249 1882 2291 concesserint.

119 2310 272 2352 XXIII.
303 2310 369 2349 86.
417 2309 496 2355 Ac,
531 2309 563 2348 si
591 2307 781 2362 quaeris,
817 2308 982 2357 Catule,
1016 2310 1066 2349 de
1098 2309 1285 2349 doctrina
1316 2310 1414 2358 ista,
1449 2309 1547 2364 quid
1581 2323 1659 2363 ego
1690 2311 1879 2356 sentiam,

119 2385 202 2412 non
223 2376 378 2412 tantum
401 2369 617 2423 ingenioso
650 2370 808 2410 homini
843 2375 883 2411 et
911 2372 970 2419 ei,
1003 2372 1073 2427 qui
1103 2369 1266 2420 forum,
1300 2373 1371 2427 qui
1404 2372 1584 2420 curiam,
1619 2375 1687 2427 qui
1718 2386 1876 2420 causas,

119 2434 189 2488 qui
218 2446 307 2474 rem
338 2430 542 2487 publicam
574 2438 752 2485 spectet,
784 2445 889 2487 opus
920 2447 1009 2474 esse
1040 2435 1225 2475 arbitror
1255 2435 1479 2489 temporis,
1512 2442 1709 2491 quantum
1741 2435 1819 2476 sibi
1850 2435 1877 2475 ii

118 2500 406 2549 sumpserunt,
440 2509 544 2550 quos
577 2496 779 2536 discentes
811 2497 893 2536 vita
922 2494 1086 2536 defecit.
1149 2498 1303 2538 Omnes
1333 2499 1444 2538 enim
1475 2504 1585 2539 artes
1614 2499 1731 2538 aliter
1752 2497 1802 2538 ab
1826 2498 1874 2537 iis
1892 2509 1927 2534 35

119 2563 366 2604 tractantur,
399 2559 468 2613 qui
494 2571 563 2598 eas
585 2560 635 2598 ad
665 2572 783 2598 usum
811 2558 1083 2608 transferunt;
1114 2560 1236 2599 aliter
1258 2561 1308 2600 ab
1330 2559 1401 2607 iis,
1436 2561 1507 2614 qui
1528 2562 1708 2615 ipsarum
1731 2561 1877 2600 artium

118 2625 291 2661 tractatu
323 2621 515 2661 delectati
546 2619 645 2660 nibil
671 2619 713 2660 in
741 2620 823 2661 vita
849 2625 944 2661 sunt
975 2620 1086 2661 aliud
1117 2622 1262 2662 acturi.
1321 2623 1517 2676 Magister
1548 2622 1612 2663 hic
1636 2621 1875 2663 Samnitium

120 2696 280 2724 summa
319 2683 400 2724 iam
441 2688 652 2723 senectute
693 2688 754 2723 est
789 2689 832 2724 et
863 2682 1046 2738 quotidie
1089 2688 1405 2725 commentatur.
1465 2684 1575 2724 Nihil
1615 2685 1722 2725 enim
1763 2688 1878 2723 curat

121 2744 245 2786 aliud.
306 2746 358 2786 At
387 2746 438 2795 Q.
462 2745 658 2786 Velocius
689 2759 794 2800 puer
823 2746 1089 2787 addidicerat.
1149 2747 1230 2786 Sed
1263 2748 1375 2801 quod
1406 2752 1495 2789 erat
1523 2752 1641 2802 aptus
1679 2746 1730 2786 ad
1776 2744 1876 2786 illud

120 2812 334 2863 totumque
365 2814 586 2862 cognorat,
619 2807 717 2856 suit,
749 2813 795 2849 ut
825 2813 887 2849 est
916 2810 1024 2864 apud
1053 2804 1281 2858 Lucilium,
1890 2820 1926 2847 ¹00

344 2912 361 2919 -
389 2912 408 2919 -
434 2911 455 2919 -
483 2891 662 2942 quamvis
692 2890 813 2929 bonus
842 2890 924 2942 ipse

341 2951 502 2991 Samnis
530 2953 574 2992 in
605 2952 694 2992 ludo
724 2965 771 2991 ac
800 2952 966 2991 rudibus
994 2952 1120 2992 cuivis
1149 2954 1249 2993 satis
1276 2966 1404 3007 asper.

211 3075 245 3106 2.
266 3075 401 3106 hercule
418 3076 460 3108 R.
482 3092 518 3098 —
548 3077 604 3107 12.
626 3079 736 3108 tantis
756 3078 825 3108 tuis
841 3076 951 3109 Codd.
971 3076 1036 3108 aL:
1064 3079 1133 3108 tuis
1152 3080 1260 3110 tantis
1278 3076 1358 3119 (m)
1377 3078 1447 3109 RE.
1464 3093 1508 3098 —
1533 3076 1589 3108 13.
1609 3076 1699 3109 Huic
1715 3077 1771 3109 Cr.
1788 3078 1874 3110 B.—

119 3122 176 3153 22.
207 3123 406 3154 existimare
431 3123 458 3154 B
483 3127 517 3155 et
535 3123 615 3163 Lag.
643 3124 699 3155 93.
728 3125 812 3161 (ηοη
840 3125 887 3160 R,
918 3124 1073 3155 hocloco
1092 3131 1110 3154 a
1130 3125 1209 3165 Lag.
1229 3125 1285 3156 93.
1313 3125 1494 3157 disserens.
1525 3129 1564 3155 ut
1581 3125 1788 3164 aliquoties.
1815 3126 1876 3157 sed

120 3171 229 3205 raro.)
256 3182 298 3191 -
333 3169 389 3200 24.
415 3178 475 3200 nec
497 3169 602 3209 plura
626 3171 666 3201 B.
697 3186 736 3192 —
770 3171 826 3202 25.
855 3172 1073 3210 disputatum
1097 3171 1139 3203 R.
1167 3188 1209 3194 —-
1243 3173 1298 3203 30.
1329 3180 1369 3201 ac
1395 3168 1543 3210 tantum]
1571 3179 1612 3202 ac
1636 3174 1751 3203 tamen
1776 3172 1816 3204 B.
1837 3187 1877 3195 —

120 3216 177 3247 31.
197 3217 281 3247 mihi
299 3233 312 3238 -
328 3231 341 3236 -
359 3219 527 3255 quantum
547 3225 612 3248 om.
631 3217 670 3246 B.
687 3233 729 3237 —
750 3222 985 3248 concesserunt
1006 3218 1046 3248 R.
1071 3234 1108 3239 —
1128 3218 1183 3249 32.
1203 3217 1251 3249 Ac
1267 3218 1454 3256 Baliique:
1473 3217 1516 3247 At
1532 3217 1602 3248 RE.
1625 3233 1662 3239 —
1680 3217 1736 3249 36.
1757 3227 1876 3249 earum

119 3261 161 3293 Β.
182 3279 222 3285 --
249 3262 305 3293 37.
334 3266 450 3293 tractu
470 3262 508 3292 B.
538 3277 576 3283 —
605 3263 700 3293 aliud
726 3263 763 3293 in
785 3265 859 3294 vita
884 3268 964 3294 sunt
991 3265 1032 3294 lt.
1056 3281 1091 3286 —
1122 3263 1283 3295 Sana-tus
1302 3264 1340 3294 B.
1369 3280 1405 3286 —
1434 3263 1489 3296 38.
1514 3272 1649 3295 summa
1675 3264 1700 3296 13
1722 3265 1873 3304 aliique,

120 3309 172 3340 R:
199 3313 230 3340 et
248 3318 382 3340 summa
400 3318 439 3340 ex
460 3308 523 3339 Ed.
544 3308 711 3340 Waldarf.
734 3318 812 3340 cum
833 3310 914 3350 Lag.
941 3315 1105 3349 quattuor
1123 3310 1164 3341 E.
1184 3326 1225 3332 -—
1256 3310 1312 3341 39.
1334 3308 1379 3340 Ac
1396 3319 1436 3341 ea
1454 3318 1541 3350 quae
1564 3310 1715 3342 Velocius
1738 3311 1765 3342 B
1781 3334 1790 3348 ‚
1817 3311 1875 3341 At-

120 3363 184 3397 que
197 3363 238 3386 ea
254 3363 342 3398 quae
365 3355 513 3387 velocius
530 3355 573 3386 R.
593 3355 803 3391 (Emendare
822 3360 965 3389 conatus
984 3361 1034 3389 est
1050 3356 1251 3396 Victorius.)
1279 3373 1316 3379 —
1341 3356 1399 3388 42.
1416 3356 1581 3390 Samnius
1598 3357 1641 3390 R.
1663 3373 1702 3381 —
1729 3358 1811 3390 civis
1829 3357 1872 3389 R.
