2117 3762
247 242 329 283 272
944 240 1014 280 DE
1045 239 1291 281 ORATORE

246 348 393 391 LXIII.
434 349 531 389 255.
578 347 693 395 Quae
732 355 883 397 genera
913 356 1154 396 percurram
1184 345 1392 401 equidem.
1456 342 1538 385 Sed
1567 344 1678 386 scitis
1710 358 1799 386 esse
1834 346 1999 387 notissi-

246 423 359 451 mum
379 409 545 451 ridiculi
567 420 718 462 genus,
751 418 844 446 cum
866 403 976 445 aliud
997 412 1302 460 exspectamus,
1334 405 1445 448 aliud
1466 406 1630 448 dicitur.
1691 406 1770 447 Hic
1790 409 2000 449 nobismet

245 472 347 526 ipsis
377 476 518 513 noster
548 484 665 512 error
695 469 821 509 risum
852 472 1004 509 movet.
1067 469 1227 517 Quodsi
1256 470 1484 511 admixtum
1517 474 1578 511 est
1598 468 1718 510 etiam
1739 469 1995 524 ambiguum,

246 534 292 576 fit
321 536 490 584 salsius3
535 537 581 574 ut
610 532 717 586 apud
746 529 927 572 Novium
957 529 1122 571 videtur
1154 545 1244 573 esse
1273 532 1508 574 misericors
1538 532 1631 580 ille,
1675 530 1747 586 qui
1775 531 1999 575 iudicatum

218 596 342 639 ⁵duci
372 596 544 644 videns,
593 597 860 650 percontatur
889 592 969 641 ita,
1012 593 1203 642 Quanti
1234 593 1507 636 addictus?
1553 594 1696 635 Mille
1725 597 1997 638 nummum.

247 659 291 700 Si
335 658 558 700 addidisset
602 654 917 704 tantummodo,
962 658 1131 696 Ducas
1178 656 1323 706 licet3
1378 663 1486 698 esset
1526 657 1626 698 illud
1665 671 1794 711 genus
1835 657 1998 699 ridiculi

245 727 411 778 praeter
440 721 814 773 exspectationem3
849 717 923 760 sed
952 717 1047 773 quia
1068 718 1246 766 addidit,
1277 717 1424 760 Nihil
1454 719 1587 762 addo
1606 752 1618 770 ,
1652 722 1814 762 ducas
1843 720 1997 762 licet:

245 787 383 827 addito
416 781 634 838 ambiguo,
681 781 809 823 altero
843 794 995 836 genere
1023 779 1211 829 ridiculi,
1257 779 1357 829 fuit,
1402 787 1447 823 ut
1483 784 1584 824 mihi
1617 784 1786 838 quidem
1817 784 1998 833 videtur,

245 847 506 890 salsissimus.
568 846 660 887 Hoc
689 850 776 886 tum
806 850 868 885 est
897 842 1259 892 venustissimum,
1307 857 1399 884 cum
1430 844 1473 885 in
1502 845 1771 888 altercatione
1801 847 2002 903 arripitur

196 926 230 951 10
245 913 294 952 ab
333 907 570 952 adversario
610 909 786 950 verbum
832 912 873 949 et
911 920 963 948 ex
1002 919 1077 953 eo,
1124 910 1169 947 ut
1210 919 1234 947 a
1277 905 1420 947 Catulo
1450 905 1493 947 in
1522 907 1783 964 Philippum,
1830 910 1874 950 in
1904 923 2000 951 eum

243 976 379 1028 ipsum
409 971 583 1027 aliquid,
627 971 697 1025 qui
726 970 957 1015 lacessivit,
1002 969 1215 1023 infligitur.
1288 970 1385 1009 256.
1426 967 1508 1010 Sed
1538 983 1630 1011 cum
1660 971 1779 1026 plura
1807 973 1889 1013 sint
1917 985 2003 1013 am-

243 1036 356 1092 higui
396 1048 566 1090 genera,
615 1035 666 1075 de
707 1034 857 1089 quibus
896 1037 958 1074 est
997 1032 1184 1073 doctrina
1222 1033 1424 1086 quaedam
1456 1029 1667 1080 subtilior,
1716 1034 1930 1076 attendere
1961 1039 2002 1076 et

244 1101 439 1154 aucupari
468 1098 597 1141 verba
626 1094 860 1152 oportebit3
892 1095 935 1136 in
966 1108 1073 1151 quo,
1107 1100 1153 1137 ut
1182 1108 1252 1141 ea,
1287 1108 1392 1149 quae
1423 1093 1503 1136 sint
1533 1093 1774 1149 frigidiora,
1806 1097 1999 1146 vitemus,

243 1186 297 1193 —
330 1163 482 1204 etenim
523 1161 751 1202 cavendum
789 1163 873 1207 est,
923 1171 975 1199 ne
1005 1157 1247 1199 arcessitum
1279 1156 1432 1198 dictum
1472 1162 1640 1212 putetur
1670 1181 1745 1207 —‚
1795 1159 2003 1213 permulta

194 1231 381 1268 15tamen
426 1228 545 1267 acute
589 1222 786 1265 dicemus.
847 1220 1032 1262 Alterum
1063 1234 1193 1275 genus
1224 1224 1306 1267 est,
1357 1220 1470 1274 quod
1510 1221 1636 1260 habet
1673 1233 1842 1273 parvam
1882 1220 2001 1263 verbi

243 1288 603 1336 immutationem,
652 1286 763 1341 quod
804 1283 846 1325 in
886 1283 1023 1325 littera
1059 1284 1240 1337 positum
1273 1283 1418 1323 Graeci
1457 1287 1608 1324 vocant
1645 1291 1998 1339 παρονομασίαν,

242 1357 289 1394 ut
331 1352 692 1396 Nobiliorem,
744 1345 1074 1388 mobiliorem
1124 1348 1249 1395 Cat03
1301 1350 1389 1395 aut,
1435 1350 1482 1386 ut
1519 1344 1655 1394 idem,
1702 1358 1796 1387 cum
1838 1348 2001 1388 cuidam

244 1414 437 1464 dixisset,
489 1415 673 1455 Eamus
718 1409 1124 1451 deambulatum:
1177 1412 1218 1449 et
1260 1406 1355 1456 ille,
1405 1406 1540 1456 Quid
1580 1420 1714 1463 opus
1758 1407 1862 1450 fuit
1906 1411 2000 1451 de?

243 1479 400 1518 Immo
429 1488 577 1524 vero,
609 1472 765 1528 inquit,
798 1471 918 1526 quid
948 1485 1075 1527 opus
1105 1469 1204 1512 fuit
1234 1474 1313 1513 te?
1344 1476 1416 1512 aut
1445 1471 1632 1513 eiusdem
1662 1475 1879 1526 responsio
1909 1473 1995 1523 illa,

194 1539 294 1582 20Si
332 1545 385 1582 tu
424 1544 473 1580 et
512 1539 762 1579 adversus
794 1540 844 1575 et
873 1548 1085 1576 aversus
1114 1533 1404 1588 impudicus
1436 1546 1501 1576 es.
1560 1536 1656 1576 257.
1702 1535 1839 1576 Etiam
1869 1537 2000 1577 inter-

241 1604 417 1659 pretatio
439 1600 618 1643 nominis
639 1597 764 1640 habet
782 1610 978 1645 acumen,
1009 1610 1101 1639 cum
1133 1598 1185 1637 ad
1213 1596 1431 1638 ridiculum
1453 1603 1692 1647 convertas,
1725 1596 2001 1654 quamobrem

242 1668 297 1707 ita
329 1666 420 1721 quis
449 1668 647 1713 vocetur3
679 1666 725 1702 ut
755 1674 833 1715 ego
862 1673 1016 1715 nuper,
1048 1659 1287 1700 Nummium
1321 1659 1546 1701 divisorem
1564 1691 1575 1709 ,
1609 1665 1656 1702 ut
1684 1659 2001 1716 Neoptolemum

243 1726 294 1769 ad
325 1728 516 1776 Troiam,
550 1725 608 1768 sic
639 1724 754 1766 illum
784 1724 827 1765 in
858 1736 1006 1776 campo
1036 1723 1184 1764 Martio
1214 1735 1368 1764 nomen
1398 1721 1620 1765 invenisse.
1678 1724 1819 1764 LXIV.
1865 1724 2002 1778 Atque

241 1793 345 1832 haec
376 1790 515 1832 omnia
545 1790 675 1831 verbo
708 1785 985 1829 continentur.
1049 1786 1181 1838 Saepe
1212 1785 1334 1826 etiam
1365 1798 1510 1827 versus
1540 1785 1672 1827 facete
1703 1785 1999 1841 interponitur,

193 1866 228 1892 25
243 1855 309 1896 vel
337 1859 383 1896 ut
412 1859 473 1896 est
501 1852 568 1895 vel
597 1850 825 1908 paullulum
854 1850 1112 1898 immutatus;
1161 1852 1230 1888 aut
1260 1848 1397 1904 aliqua
1424 1861 1519 1903 pars
1549 1862 1719 1898 versus,
1766 1853 1813 1889 ut
1843 1846 1996 1889 Statius

244 1918 401 1959 Scauro
431 1914 727 1958 stomachanti:
760 1910 826 1966 (ex
857 1925 938 1966 quo
972 1915 1066 1951 sunt
1095 1909 1307 1960 nonnulli,
1340 1912 1410 1967 qui
1440 1916 1552 1954 tuam
1582 1913 1718 1967 legem
1749 1913 1802 1953 de
1835 1911 1998 1953 civitate

241 1984 405 2029 natam,
440 1979 611 2027 Crasse,
645 1974 818 2029 dicant;)

409 2073 454 2114 St
473 2103 484 2121 ‚
516 2076 661 2119 tacete,
694 2070 789 2123 quid
816 2069 888 2109 hoc
917 2068 1104 2109 clamoris
1121 2069 1140 2107 ?
1168 2067 1306 2120 quibus
1334 2079 1403 2107 nec
1431 2072 1557 2107 mater
1585 2079 1654 2108 nec
1676 2073 1820 2121 pater,

414 2136 542 2175 Tanta
569 2133 832 2186 confidentia?
861 2130 1020 2183 Auferte
1048 2132 1167 2171 istam
1195 2131 1298 2171 enirn
1327 2131 1563 2183 superbiam.

193 2246 228 2273 ³0
241 2233 344 2273 Nam
371 2229 415 2270 in
437 2227 575 2270 Caelio
605 2241 702 2269 sane
734 2225 857 2268 etiam
888 2226 939 2266 ad
971 2237 1135 2266 causam
1164 2223 1263 2264 utile
1295 2221 1373 2264 fuit
1401 2228 1517 2264 tuum
1546 2222 1669 2270 illud,
1699 2223 1876 2275 Antoni,
1907 2236 2001 2266 cum

241 2294 312 2336 ille
351 2307 374 2335 a
411 2306 455 2334 se
493 2291 711 2347 pecuniam
747 2288 976 2344 profectam
1016 2286 1174 2329 diceret
1202 2284 1316 2328 testis
1347 2289 1387 2327 et
1415 2284 1593 2328 haberet
1627 2284 1757 2328 filium
1788 2285 2001 2329 delicatio-

240 2371 356 2407 rem,
389 2357 567 2398 abeunte
597 2354 679 2395 iam
708 2351 804 2401 illo,

411 2450 549 2493 Sentin
577 2461 704 2490 senem
733 2461 812 2489 esse
841 2452 988 2488 tactum
1015 2446 1183 2499 triqinta
1212 2445 1368 2486 minis?

242 2548 338 2590 258.
370 2547 418 2588 In
446 2547 527 2587 hoc
556 2556 685 2599 genus
718 2542 993 2583 coniiciuntur
1021 2538 1266 2594 proverbia,
1296 2544 1344 2581 ut
1372 2537 1475 2581 illud
1506 2537 1730 2594 ScipioniS,
1763 2552 1857 2580 cum
1884 2539 1999 2581 Asel-

192 2609 305 2652 ³⁵lus
349 2621 493 2650 omnes
538 2604 772 2663 provincias
819 2602 1023 2657 stipendia
1075 2606 1305 2644 merentem
1352 2616 1395 2643 se
1440 2614 1683 2656 peragrasse
1730 2601 1994 2654 gloriaretur,

243 2676 374 2728 Agas
403 2671 651 2717 asellum,
684 2672 724 2709 et
755 2672 907 2708 cetera.
971 2667 1111 2716 Quare
1143 2679 1192 2706 ea
1222 2678 1411 2720 quoque,
1443 2665 1638 2719 quoniam
1669 2664 1834 2705 mutatis
1855 2663 1997 2706 verbis

242 2749 327 2778 non
347 2737 521 2791 possunt
549 2732 733 2774 retinere
765 2731 939 2771 eandem
958 2732 1236 2775 venustatem,
1271 2742 1356 2768 non
1385 2728 1428 2768 in
1458 2741 1505 2768 re
1536 2728 1608 2768 sed
1639 2728 1681 2768 in
1702 2725 1840 2768 verbis
1861 2726 1996 2781 posita

243 2815 1998 2833 Ν

335 2875 370 2908 4.
396 2874 564 2911 Novium,
591 2875 630 2904 ut
654 2872 850 2903 coniecerat
876 2868 1136 2905 Schneiderus,
1164 2867 1247 2907 Lag.
1274 2866 1309 2897 2.
1337 2865 1414 2898 36.:
1442 2865 1609 2898 Naevium
1626 2866 1729 2898 BRE.
1753 2884 1790 2890 -
1818 2866 1853 2898 5.
1879 2867 1998 2898 videns

245 2921 356 2954 Codd.
384 2922 452 2960 aL,
479 2921 534 2952 R:
573 2919 667 2951 videt
693 2916 773 2959 (Βῖ)
798 2917 837 2948 Ε.
868 2932 905 2938 ——
945 2918 1172 2956 percontatur
1198 2923 1276 2946 cum
1303 2913 1399 2945 libris
1424 2912 1474 2944 R:
1501 2917 1747 2952 percunctatus
1771 2913 1799 2944 1.
1825 2913 1882 2944 Fr.
1912 2912 1998 2945 Gro-

245 2972 348 3002 novio
375 2973 517 3002 auctore
543 2967 582 2999 E.
610 2980 652 2987 -·
691 2966 723 2997 8.
752 2965 862 2996 altero
888 2963 1052 3004 ambiguo
1078 2963 1119 2993 B.
1146 2978 1187 2983 —
1229 2961 1263 2992 9.
1291 2960 1501 2990 salsissimus
1532 2968 1608 2991 eum
1636 2961 1731 2992 libris
1756 2960 1809 2991 R:
1847 2960 1997 2992 salsissi-

244 3024 336 3047 mum
364 3017 560 3049 Ernestius.
591 3029 628 3036 —
657 3009 744 3051 tum]
772 3016 890 3042 tamen
914 3011 959 3042 R.
996 3027 1032 3032 —
1079 3009 1136 3040 12.
1162 3009 1199 3040 in
1223 3006 1343 3047 quibus
1367 3006 1439 3038 BR.
1472 3023 1510 3029 —
1539 3007 1595 3038 13.
1623 3011 1705 3039 sunt
1730 3016 1748 3039 e
1775 3006 1886 3039 Codd.
1912 3007 1994 3046 aliq.

245 3061 288 3092 T·
317 3077 355 3084 -·
384 3063 439 3095 14.
467 3066 515 3095 est
541 3059 669 3093 delevit
695 3060 737 3091 T.
767 3075 804 3081 —-
833 3058 890 3089 15.
917 3061 1021 3089 acuta
1045 3056 1088 3087 R.
1118 3071 1157 3078 -
1182 3062 1332 3094 pravam
1357 3052 1400 3083 R.
1430 3070 1470 3075 —
1502 3053 1558 3084 16.
1583 3055 1816 3086 mutationem
1838 3053 1892 3092 R,
1919 3054 1996 3085 imi-

245 3108 411 3141 tationem
435 3109 479 3140 R.
509 3125 546 3132 —
576 3105 874 3150 παρονομασίαν
900 3113 967 3136 om.
988 3104 1059 3135 BR.
1081 3117 1121 3123 —
1148 3101 1204 3133 17.
1234 3100 1358 3133 Catoni
1382 3099 1539 3132 videlicet
1563 3110 1638 3132 cum
1662 3101 1804 3142 quidam
1821 3100 1862 3132 R.
1887 3114 1928 3122 -
1955 3104 1997 3133 ut

245 3153 347 3195 idem]
376 3159 413 3186 ut
436 3155 604 3186 indicium
627 3155 669 3186 Β.
699 3169 733 3175 -
764 3151 821 3184 19.
847 3152 961 3190 inquit
985 3159 1054 3182 om.
1074 3149 1114 3180 Β.
1140 3164 1184 3170 -
1208 3151 1271 3179 aut
1298 3144 1461 3187 eiusdem]
1488 3151 1537 3179 est
1560 3151 1675 3180 autem
1700 3148 1845 3179 eiusdem
1859 3146 1933 3177 BR.
1955 3162 1994 3169 —

245 3201 304 3233 20.
324 3206 355 3233 et
373 3202 535 3233 adversus
554 3210 620 3232 om.
640 3201 681 3232 B.
702 3215 744 3222 —
761 3195 894 3238 Etiam]
915 3199 958 3229 Et
976 3202 1090 3229 tamen
1106 3195 1179 3226 BR.
1200 3209 1239 3217 —
1267 3193 1324 3224 22.
1344 3192 1550 3225 Mummium
1567 3194 1606 3226 R.
1627 3212 1668 3217 —
1693 3194 1750 3226 24.
1770 3191 1887 3233 eciam]
1907 3194 1997 3226 enim

245 3248 288 3280 R.
313 3264 342 3272 -
368 3249 425 3280 25.
443 3247 538 3279 Seius
555 3247 689 3279 Scauro
701 3247 745 3284 R,
764 3245 869 3277 Statii
884 3254 907 3276 a
925 3244 1056 3276 Scauro
1073 3241 1307 3274 stomachante
1324 3240 1549 3279 probabiliter
1565 3241 1704 3273 Bakius.
1723 3255 1763 3264 —
1779 3240 1836 3271 27.
1855 3238 1993 3280 natam]

245 3294 337 3327 Nam
354 3299 385 3327 te
404 3295 445 3326 B.
467 3309 506 3316 -
535 3294 654 3326 dicunt
671 3294 712 3325 B.
735 3310 772 3316 —
800 3291 857 3323 28.
878 3289 929 3331 St]
950 3290 1017 3322 Sed
1034 3290 1107 3321 BR.
1129 3304 1167 3311 —
1185 3292 1289 3327 pater
1305 3288 1349 3318 sic
1366 3287 1437 3319 BR.
1460 3305 1497 3311 —
1517 3287 1574 3318 29.
1596 3287 1801 3329 confidentia
1818 3288 1898 3318 estis
1917 3295 1996 3319 cum

245 3341 342 3376 libris
364 3341 438 3376 RE.
465 3340 562 3374 Corr.
583 3340 775 3374 Schutzius.
798 3357 837 3364 —
865 3337 1006 3379 Auferte
1021 3346 1113 3371 nunc
1129 3337 1234 3370 istam
1255 3343 1283 3369 s.
1303 3334 1345 3368 R.
1373 3352 1415 3359 —
1441 3333 1498 3368 30.
1517 3339 1590 3368 tum
1606 3335 1648 3368 R.
1667 3351 1708 3358 —
1735 3332 1791 3367 35.
1810 3342 1845 3367 se
1863 3342 1931 3367 om.
1950 3334 1993 3368 B.
