2117 3762
626 233 723 272 LIB.
755 231 827 271 111.
890 232 934 273 C.
972 233 1036 272 16.
1073 234 1135 274 17.
1171 234 1235 274 18.
1272 235 1335 275 19.
1797 239 1848 278 45

103 340 205 380 10015
235 342 275 379 et
304 337 565 391 imaginibus.
626 338 758 376 Locos
788 338 1044 390 appellamus
1075 354 1146 378 eos
1166 371 1176 386 ‚
1210 340 1278 393 qui
1310 340 1514 386 breviter,
1549 340 1756 391 perfecte,
1790 342 1850 381 in-

103 402 250 455 signite
281 407 349 441 aut
379 405 522 441 natura
552 403 621 440 aut
650 412 772 439 manu
804 405 897 438 sunt
927 401 1128 449 absoluti,
1162 407 1205 441 ut
1227 416 1296 442 eos
1317 403 1436 442 facile
1459 402 1631 441 naturali
1654 404 1850 442 memoria

103 465 456 519 comprehendere
488 466 528 502 et
556 462 748 513 amplecti
779 476 976 515 queamus
995 494 1004 510 ‚
1038 469 1081 502 ut
1110 466 1234 504 aedes
1254 495 1264 511 ,
1296 465 1680 512 intereolunmium,
1725 479 1852 517 angu-

103 527 216 574 lum,
268 526 466 566 fornicem
507 529 548 564 et
592 524 700 571 alia,
749 539 853 577 quae
898 525 961 564 his
992 526 1141 566 similia
1170 532 1278 565 sunt.
1339 527 1543 578 Imagines
1573 531 1666 564 sunt
1696 526 1850 566 formae

103 589 305 642 quaedam
349 594 388 627 et
429 591 549 627 notae
592 591 632 625 et
675 586 893 626 simulacra
938 588 1025 626 eius
1067 589 1150 634 rei,
1203 603 1325 641 quani
1358 590 1591 629 meminisse
1631 589 1880 637 volumus;5

103 652 213 705 quod
244 665 400 705 genus,
435 649 529 702 equi
549 679 559 696 ‚
594 648 747 696 leonis,
782 651 942 702 aquilae
974 651 1217 690 memoriam
1250 652 1283 690 si
1315 653 1498 692 volemus
1528 652 1681 692 habere
1701 681 1711 699 ‚
1751 652 1851 691 ima-

103 714 218 767 gines
248 726 389 754 eorum
420 712 540 752 certis
570 711 611 750 in
643 712 742 750 loris
774 713 975 752 rollorare
1006 726 1079 751 uos
1111 714 1333 764 oportebit.

213 777 279 816 30.
331 776 469 822 Nunc,
516 773 745 814 cuiusmodi
786 775 896 813 loros
931 774 1118 814 invenire
1160 780 1200 814 et
1240 790 1320 828 quo
1366 782 1484 828 pacto
1527 778 1708 831 reperire
1741 778 1851 817 etin

102 838 202 878 loeis
232 836 431 890 imagines
461 837 709 875 constituere.
741 841 960 889 oporteat,
994 837 1273 876 ostendemus.
1334 839 1462 878 XVlI.
1497 840 1852 888 Quemadmodum

101 899 245 953 igitur,
289 898 358 952 qui
388 899 544 938 litteras
576 899 731 946 sciunt,
782 904 953 952 possunt
982 899 1022 938 id
1042 930 1052 946 ,
1098 900 1207 951 quod
1238 900 1434 940 dictatum
1465 907 1549 949 est,
1598 903 1780 943 scribere
1813 907 1901 941 et20

100 962 295 1009 recitare,
329 962 439 1015 quod
469 962 744 1016 scripserunt,
777 962 832 1000 ita
863 962 932 1014 qui
960 960 1203 1014 μνημονικὰ
1225 963 1480 1011 didicerunt,
1513 970 1709 1017 possunt,
1744 979 1850 1018 quae

100 1024 346 1072 audierunt,
398 1024 440 1063 in
482 1024 582 1063 loeis
628 1025 830 1063 collocare
874 1028 914 1062 et
959 1038 1010 1063 ex
1048 1024 1112 1063 his
1141 1025 1380 1064 memoriter
1411 1029 1691 1079 pronuntiare.
1753 1029 1852 1068 Loci

100 1086 210 1126 enim
240 1100 359 1126 cerae
399 1091 468 1125 aut
507 1085 671 1127 chartae
717 1086 912 1126 simillimi
944 1090 1066 1133 511111,
1114 1085 1314 1139 imagines
1345 1087 1519 1135 litteris,
1568 1090 1781 1142 dispositio
1813 1095 1854 1131 et

100 1148 315 1188 collocatio
354 1149 580 1201 imaginum
622 1149 876 1203 scripturae,
928 1149 1209 1201 pronuntiatio
1253 1149 1435 1188 lectioni.
1497 1151 1670 1203 Oportet
1713 1153 1851 1205 igitur,

99 1211 132 1250 si
161 1211 351 1251 volumus
381 1212 510 1251 multa
539 1211 799 1258 meminisse,
833 1211 982 1250 multos
1013 1211 1132 1251 nobis
1154 1211 1269 1252 locos
1291 1224 1555 1265 comparare,
1589 1214 1693 1253 utin
1714 1215 1902 1253 1110111515

99 1272 200 1313 10015
230 1274 379 1314 multas
409 1274 610 1327 imagines
650 1274 854 1314 collocare
897 1273 1119 1325 possimus.
1183 1275 1287 1314 Item
1330 1279 1522 1326 putamus
1566 1281 1758 1328 oportere
1802 1289 1854 1317 ex

99 1335 243 1375 ordine
273 1337 347 1375 hos
378 1336 492 1375 locos
522 1335 675 1376 habere
695 1366 704 1382 ,
752 1350 804 1375 ne
835 1337 1000 1389 quando
1032 1337 1344 1388 perturbatione
1376 1337 1531 1376 ordinis
1561 1337 1850 1390 impediamur,

99 1410 180 1450 quo
211 1398 369 1446 secius,
403 1403 698 1451 quotoquoque
728 1398 820 1438 loco
852 1399 1028 1446 libebit,
1061 1399 1128 1438 vel
1159 1400 1209 1438 ab
1242 1399 1456 1451 superiore
1488 1400 1554 1439 vel
1583 1401 1634 1439 ab
1656 1400 1851 1441 inferiore

98 1459 165 1499 vel
208 1473 232 1500 a
274 1461 411 1500 media
452 1465 567 1515 parte
609 1460 808 1513 imagines
848 1462 965 1514 sequi
1003 1465 1043 1501 et
1088 1474 1162 1508 ea,
1215 1475 1320 1514 quae
1351 1463 1542 1502 mandata
1580 1463 1684 1504 locis
1716 1469 1850 1512 erunt,

100 1522 223 1562 edere
254 1523 475 1575 possimus.
535 1522 686 1562 XVIII.
720 1524 822 1563 Nam
853 1527 925 1571 ut,
972 1523 1006 1562 si
1035 1523 1077 1562 in
1108 1523 1254 1563 ordine
1287 1528 1439 1564 stantes
1468 1529 1588 1565 notos
1620 1529 1852 1582 complures
1868 1540 1902 1565 20

98 1584 346 1631 viderimus,
393 1584 495 1624 1111111
540 1590 681 1624 nostra
721 1585 910 1633 intersit,
960 1590 1099 1625 utrum
1142 1586 1193 1624 ab
1234 1599 1393 1626 summo
1432 1600 1484 1627 an
1523 1588 1574 1627 ab
1606 1589 1687 1629 imo
1718 1603 1770 1630 an
1800 1591 1851 1630 ab

98 1646 235 1686 medio
265 1644 434 1686 nomina
464 1660 608 1687 eorum
638 1647 776 1686 dicere
806 1648 1074 1700 incipiamus,
1121 1648 1219 1688 item
1258 1649 1300 1688 in
1339 1649 1439 1689 10015
1470 1664 1522 1690 ex
1551 1651 1695 1691 ordine
1726 1653 1854 1692 collo-

99 1708 198 1749 catis
229 1708 420 1757 eveniet,
454 1714 497 1749 ut
525 1709 567 1749 in
599 1710 826 1763 quamlibet
856 1715 1011 1764 partem
1032 1741 1043 1758 ,
1086 1715 1380 1764 quotoquoque
1411 1712 1505 1753 loco
1536 1713 1709 1761 libebit,
1751 1714 1852 1754 ima-

99 1771 263 1825 ginibus
295 1772 533 1811 commoniti
563 1772 701 1811 dicere
732 1772 936 1824 possimus
975 1772 1014 1811 id
1033 1803 1044 1819 ,
1092 1773 1203 1825 quod
1242 1773 1342 1813 locis
1372 1775 1719 1815 mandaverimus.
1780 1777 1848 1816 31.

99 1834 236 1882 Quare
265 1834 401 1888 placet
430 1838 470 1873 et
500 1847 552 1873 ex
581 1834 725 1873 ordine
755 1833 868 1874 locos
899 1847 1165 1887 comparare3
1217 1840 1258 1875 et
1294 1835 1408 1876 locos
1426 1868 1436 1884 ,
1485 1848 1588 1890 quos
1629 1838 1851 1891 sumpseri-
1865 1850 1900 1876 25

97 1909 212 1945 mus,
245 1896 412 1950 egregie
442 1894 725 1936 commedita'ri
756 1897 991 1949 oportebit,
1024 1901 1068 1936 ut
1096 1901 1298 1951 perpetuo
1329 1897 1451 1938 nobis
1480 1900 1652 1939 haerere
1676 1901 1848 1954 possint.

97 1960 202 1999 Nam
230 1958 431 2012 imagines
461 1956 564 1998 sieut
593 1957 755 1998 litterae
787 1959 1002 2007 delentur,
1047 1959 1120 1998 ubi
1159 1960 1262 1999 nihil
1299 1961 1480 2001 utimur:
1527 1962 1608 2001 loci
1645 1966 1852 2014 tamquam

99 2034 194 2062 cera
222 2033 438 2062 remanere
469 2022 637 2061 debent.
697 2022 774 2069 Et,
807 2036 859 2061 ne
889 2020 996 2062 forte
1026 2021 1069 2061 in
1098 2034 1271 2061 numero
1302 2023 1489 2063 locorum
1517 2023 1603 2063 falli
1629 2024 1849 2078 possimus,

99 2084 287 2138 quintum
317 2096 523 2139 quemque
553 2084 689 2138 placet
718 2083 877 2134 notari;
919 2085 1030 2138 quod
1061 2098 1219 2140 genus,
1253 2085 1287 2124 si
1316 2083 1359 2125 in
1390 2086 1531 2139 quinto
1563 2087 1655 2126 loco
1686 2098 1853 2126 manum

99 2159 267 2188 auream
296 2147 575 2195 collocemus,
624 2147 667 2187 in
698 2145 859 2187 decimo
890 2147 1071 2201 aliquem
1101 2150 1268 2195 notum,
1313 2147 1377 2187 cui
1407 2160 1662 2202 praenomen
1693 2148 1746 2188 sit
1772 2149 1853 2188 De-
1867 2162 1902 2188 ³0

99 2207 236 2258 cimo;
289 2209 438 2249 deinde
478 2209 599 2250 facile
645 2210 723 2250 erit
765 2210 961 2265 deinceps
1005 2210 1160 2250 similes
1205 2214 1323 2250 notas
1363 2211 1506 2265 quinto
1552 2224 1716 2265 quoque
1760 2211 1852 2250 loco

100 2272 320 2313 collocare.
395 2272 509 2312 XIX.
557 2272 662 2312 Item
706 2271 965 2313 commodius
1010 2278 1073 2313 est
1114 2273 1157 2312 in
1202 2273 1399 2313 derelicta
1442 2286 1564 2327 quam
1608 2274 1651 2313 in
1700 2273 1853 2313 celebri

99 2334 272 2388 regione
315 2335 432 2375 locos
477 2347 748 2389 comparare,
795 2340 1017 2390 propterea
1060 2336 1170 2390 quod
1212 2334 1447 2389 frequentia
1489 2340 1529 2376 et
1574 2333 1851 2376 obambulatio

99 2394 313 2437 hominum
359 2398 576 2437 conturbat
621 2402 662 2437 et
706 2396 885 2439 infirmat
934 2397 1160 2452 imaginum
1203 2402 1351 2446 notas,
1414 2399 1592 2439 solitudo
1638 2400 1853 2439 conservat

99 2457 261 2513 integra
289 2460 330 2500 vi
361 2460 675 2501 simulacrorum
703 2458 869 2514 figuras.
929 2461 1151 2501 Praeterea
1171 2459 1390 2500 dissimiles
1410 2459 1543 2501 forma
1563 2465 1684 2514 atque
1707 2465 1851 2501 natura
1865 2473 1899 2499 35

99 2521 181 2562 loci
227 2520 494 2576 comparandi
538 2527 656 2570 sunt,
704 2528 749 2562 ut
791 2523 981 2564 distincte
1024 2522 1274 2564 interlucere
1321 2523 1492 2577 possint.
1553 2525 1657 2564 Nam
1703 2524 1736 2563 si
1781 2522 1851 2576 qui

99 2584 228 2624 multa
257 2584 573 2625 intercolumnia
603 2585 848 2640 sumpserit,
882 2587 1197 2627 conturbabitur
1226 2586 1493 2627 similitudine
1527 2582 1740 2639 [locorum]
1763 2615 1774 2632 ,
1807 2587 1852 2623 ut

100 2647 288 2701 ignoret,
340 2646 438 2702 quid
478 2647 522 2688 in
562 2662 726 2702 quoque
771 2649 864 2690 loco
895 2647 1122 2690 collocarit.
1193 2650 1246 2688 Et
1285 2649 1566 2703 magnitudine
1609 2648 1771 2688 modica
1812 2651 1852 2686 et

193 2803 226 2835 6.
254 2804 360 2836 leonis
383 2804 482 2836 Voss.
504 2804 533 2836 1.
554 2804 616 2836 ΙΙΙ.
644 2804 743 2836 Leid.
766 2804 829 2836 ΙΙΙ.
852 2804 910 2836 lv.
939 2804 1002 2836 Ed.
1030 2805 1199 2837 Mediol.:
1234 2806 1345 2837 10οηος
1370 2803 1590 2836 PABFRTE.
1630 2819 1669 2825 --
1712 2802 1852 2843 aquilae

103 2851 304 2882 memoriam
321 2853 351 2882 si
369 2851 398 2883 R
418 2860 494 2883 cum
512 2851 607 2882 aliis:
635 2852 774 2892 aquilae
791 2852 822 2882 si
838 2851 975 2889 PAFT,
1001 2853 1157 2892 aquitae,
1185 2862 1332 2893 quorum
1349 2853 1549 2882 memoriam
1566 2851 1594 2881 st
1618 2849 1656 2881 E.
1686 2866 1729 2872 —
1755 2850 1789 2881 7.
1816 2850 1854 2879 in

105 2898 187 2929 locis
212 2899 311 2929 certis
336 2897 382 2936 B.
410 2898 494 2930 locis
520 2899 622 2930 certis
650 2898 759 2936 PFR,
786 2900 887 2930 certis
912 2899 994 2930 locis
1019 2899 1060 2930 T.
1100 2899 1208 2937 (Intra
1235 2900 1445 2937 praepositio
1472 2906 1539 2929 non
1566 2897 1757 2934 omittitur,
1787 2897 1852 2927 nisi

106 2944 199 2984 quod
225 2954 256 2976 v.
282 2945 325 2976 15
352 2953 411 2984 pro
447 2950 485 2976 ut
517 2946 555 2976 in
587 2945 715 2977 babent
747 2946 797 2976 ute·
823 2945 908 2979 ΡΑ.)
946 2962 986 2967 -
1026 2945 1082 2976 19.
1109 2948 1206 2986 sequi
1230 2950 1261 2977 et
1285 2955 1324 2977 ea
1350 2945 1425 2975 PB:
1465 2944 1559 2984 sequi
1584 2946 1623 2973 ut
1650 2948 1680 2973 et
1706 2951 1747 2974 ca
1771 2942 1851 2980 AF,

104 2992 218 3032 sequi,
243 2993 282 3021 ut
308 2999 348 3022 ea
372 2991 444 3022 RE.
489 2989 598 3030 (sequi
622 2997 662 3024 uc
684 2993 854 3032 possimus
878 2991 973 3023 edere
999 2999 1039 3022 ea
1064 2991 1122 3028 T.)
1152 3009 1191 3014 —
1219 2993 1275 3023 20.
1303 2992 1398 3024 edere
1423 2991 1591 3030 possimus
1618 2989 1727 3021 PAF:
1756 2988 1854 3019 edere

106 3042 137 3068 et
159 3036 316 3078 proferre
337 3039 506 3077 possimus
531 3038 582 3075 R,
608 3039 724 3071 videre
749 3042 780 3069 et
800 3039 958 3079 proferre
982 3039 1152 3078 possimus
1173 3039 1239 3069 BE.
1268 3041 1312 3074 (v.
1331 3036 1487 3077 proferre
1506 3045 1573 3068 non
1595 3040 1646 3068 est
1664 3038 1729 3068 nisi
1748 3036 1851 3076 gloss.

107 3093 139 3117 v.
156 3085 274 3121 edere;
302 3084 556 3126 ταυτολογὶαν
582 3089 699 3117 autem
727 3086 847 3118 tollere
874 3087 987 3117 conati
1016 3089 1118 3121 sunt,
1146 3094 1207 3124 pro
1235 3085 1300 3116 hoc
1324 3083 1514 3116 scribentes
1540 3081 1685 3122 videre.)
1711 3099 1753 3105 —
1794 3082 1851 3113 27.

105 3132 238 3162 utimur
263 3130 442 3163 PABFRT
468 3138 544 3161 cum
572 3131 682 3163 Codd.
711 3137 844 3164 tantum
871 3140 940 3164 non
967 3132 1150 3163 omnibus:
1192 3131 1260 3163 illis
1284 3131 1414 3161 utimur
1439 3130 1478 3161 E.
1517 3145 1553 3152 -
1595 3129 1653 3160 29.
1683 3136 1853 3169 quemque

106 3177 305 3209 PABFuT:
342 3186 505 3218 quemque
531 3177 641 3209 locum
667 3178 705 3210 E.
742 3194 775 3199 —
805 3179 861 3210 30.
886 3180 923 3209 in
949 3179 1088 3210 I‘FRT:
1129 3182 1160 3209 el
1185 3180 1221 3209 in
1246 3177 1344 3208 ABE.
1377 3190 1418 3198 —
1442 3176 1498 3208 35.
1524 3177 1663 3217 inteqra
1686 3177 1721 3207 vi
1744 3175 1850 3208 PFT,

109 3223 203 3256 Eri-z
229 3225 384 3265 integras
409 3224 540 3255 ABRE.
572 3240 605 3246 —
634 3224 692 3257 36.
719 3226 777 3265 qui
801 3225 968 3256 PBFRT:
996 3226 1070 3264 quis
1088 3224 1158 3255 ΑΕ.
1189 3241 1225 3246 -
1253 3224 1307 3254 37.
1334 3223 1485 3255 locorum
1510 3232 1576 3255 om.
1603 3222 1732 3254 PAFT.
1782 3222 1850 3253 Nos

109 3271 325 3304 seclusimus.
358 3286 391 3292 -
420 3275 451 3303 et
479 3269 673 3310 iqnorabtt,
701 3271 794 3312 quod
822 3281 861 3304 ex
888 3272 961 3304 altis
987 3270 1143 3312 placebat
1169 3269 1440 3311 Oudendorpio,
1474 3278 1563 3304 unus
1588 3274 1785 3303 nostrorum
1810 3268 1850 3302 Β.

109 3335 150 3345 --
177 3317 234 3352 38.
258 3319 296 3352 in
319 3326 454 3361 quoque
477 3316 647 3351 PAFRT:
673 3318 710 3351 in
735 3325 870 3360 quoquo
895 3318 942 3358 B,
970 3325 1102 3361 quoque
1127 3317 1165 3350 in
1190 3317 1229 3350 E.
