2117 3762
643 279 741 319 LlB.
775 278 827 318 11.
890 278 933 319 C.
969 277 1033 318 δἰ.
1065 280 1129 322 35.
1160 279 1227 319 36.
1261 278 1328 319 37.
1780 280 1853 321 155

107 399 199 427 oum
245 399 335 426 esse
382 382 732 439 [demonstrabitb
780 389 819 424 et
858 383 1170 436 amplitudinem
1213 397 1310 424 suae
1349 383 1568 424 voluntatis
1599 383 1855 425 nobilitatem

105 449 269 503 generis
301 461 467 494 eorum,
507 447 576 502 qui
606 460 649 487 se
682 448 839 487 salvum
872 447 1020 493 velint,
1054 454 1094 488 et
1125 447 1362 501 dignitatem
1393 448 1612 487 ostendere
1645 453 1684 487 et
1720 453 1857 487 cetera

105 524 177 558 ea,
226 524 331 565 quae
363 510 551 565 personis
583 511 631 549 ad
663 511 919 550 honestatem
952 516 991 549 et
1021 509 1334 562 amplitudinem
1365 515 1460 550 sunt
1499 509 1716 557 attributa,
1764 522 1857 550 cum

106 574 426 627 conquestione,
461 574 547 613 sine
579 572 831 625 arrogantia,
864 571 903 612 in
936 586 978 612 se
1010 586 1099 612 esse
1134 570 1488 626 [denwnstrabit],
1522 577 1567 611 ut
1596 570 1754 612 honore
1787 584 1860 626 po-

105 636 185 675 tius
225 634 362 690 aliquo
400 648 522 688 quam
567 633 651 675 ullo
694 634 895 688 supplicio
935 634 1082 689 dignus
1120 648 1208 675 esse
1249 634 1458 681 videntum
1511 633 1658 675 deinde
1699 639 1886 674 ceteross

106 697 321 750 proferre,
355 698 504 751 quibus
535 697 695 736 maiora
726 695 874 737 delicta
906 710 1100 737 concessa
1133 695 1226 736 sint.
1289 698 1345 736 Ac
1377 695 1550 736 multum
1581 693 1788 750 proficiet,
1826 697 1860 736 si

107 774 150 800 se
181 759 494 800 misericordem
518 757 559 798 in
582 764 807 811 potestate,
838 772 1090 814 propensum
1115 757 1166 798 ad
1188 757 1485 811 ignoscendum
1507 758 1633 799 fuisse
1655 755 1858 798 ostendet.

105 825 238 875 Atque
271 823 405 876 ipsum
436 819 537 861 illud
569 828 779 875 peccatum
811 824 888 862 erit
920 819 1248 867 extenuandum,
1294 826 1338 859 ut
1378 834 1499 874 quam
1535 819 1747 861 minimum
1789 818 1864 860 ob-

107 882 231 924 fuisse
262 885 472 931 videntum
521 889 561 923 et
591 891 659 923 aut
689 890 806 938 turpe
838 890 906 924 aut
938 885 1083 924 inutile
1114 881 1478 923 demonstrandum
1511 882 1578 922 tali
1610 884 1660 923 de
1692 882 1861 923 homine

106 945 350 1000 supplicium
382 958 562 989 sumere.
626 947 716 986 108.
765 948 922 987 Deinde
969 945 1070 986 locis
1112 943 1401 984 communibus
1434 943 1758 986 miscricordiam
1791 958 1857 985 ca·
1883 961 1916 986 ιο

107 1013 225 1060 ptare
267 1009 479 1060 oportebit
512 1022 562 1048 ex
595 1009 643 1048 iis
674 1010 927 1064 praeceptis,
974 1022 1078 1063 quae
1120 1008 1161 1047 in
1201 1008 1334 1060 primo
1376 1005 1481 1046 libro
1529 1013 1622 1047 sunt
1660 1008 1863 1060 exposita.

106 1070 298 1110 XXXVI.
339 1069 612 1111 Adversarius
644 1078 780 1112 autern
813 1070 1027 1111 malefacta
1069 1067 1259 1123 augebit:
1319 1068 1422 1108 nihil
1461 1068 1745 1124 imprudenter
1788 1071 1862 1111 sed

107 1133 244 1173 omnia
274 1145 325 1173 ex
354 1134 597 1174 crudelitate
628 1140 667 1174 et
699 1132 853 1173 malitia
883 1134 988 1173 facta
1019 1131 1148 1179 dicet;
1191 1130 1325 1183 ipsum
1358 1130 1753 1180 immisericordem,
1799 1146 1866 1174 su-

105 1192 282 1250 perbum
312 1192 461 1244 suisse;
511 1201 571 1242 et,
606 1197 637 1235 si
669 1194 846 1248 poterit,
881 1195 1072 1234 ostendet
1102 1205 1264 1247 semper
1295 1192 1507 1234 inimicum
1537 1191 1663 1235 fuisse
1696 1200 1737 1235 et
1766 1196 1867 1236 ami-

107 1270 199 1298 cum
229 1255 320 1297 fieri
350 1256 461 1297 nullo
494 1258 618 1297 modo
651 1270 788 1311 posse.
852 1257 893 1296 Si
927 1254 1126 1296 beneficia
1156 1253 1359 1307 proferet,
1400 1260 1470 1295 aut
1499 1255 1635 1311 aliqua
1663 1255 1714 1298 de
1745 1270 1864 1299 causa
1881 1271 1915 1297 15

106 1319 233 1368 facta,
274 1332 358 1359 non
389 1325 562 1373 propter
595 1318 922 1359 benevolentiam
954 1317 1281 1365 demonstrabit;
1331 1323 1401 1357 aut
1430 1324 1574 1372 postea
1605 1321 1745 1360 odium
1778 1334 1866 1361 esse

107 1395 202 1423 acre
233 1388 490 1435 susceptuin;
524 1386 592 1422 aut
622 1381 691 1422 illa
723 1382 858 1422 omnia
892 1380 1102 1422 maleficiis
1134 1393 1222 1420 esse
1253 1378 1413 1428 deleta3
1455 1386 1524 1421 aut
1554 1382 1712 1422 leviora
1741 1383 1868 1422 bene-

106 1443 199 1486 ficia
228 1457 352 1499 quam
383 1441 608 1492 maleficia;
655 1449 747 1491 aut,
790 1458 883 1484 cum
915 1441 1124 1484 beneficiis
1155 1444 1290 1483 honos
1321 1440 1484 1482 babitus
1517 1443 1593 1491 sit,
1631 1457 1706 1498 pro
1741 1444 1866 1484 male-

107 1506 200 1548 ficio
224 1518 402 1559 poenam
425 1505 531 1546 sumi
563 1511 772 1558 oportere.
837 1507 928 1546 109.
959 1503 1130 1553 Deinde,
1165 1509 1285 1559 turpe
1318 1518 1408 1545 esse
1439 1511 1509 1546 aut
1531 1505 1673 1547 inutile
1695 1506 1864 1559 ignosci.

105 1567 292 1616 Deinde,
326 1570 377 1608 de
407 1582 489 1623 quo
521 1574 566 1608 ut
595 1574 777 1622 potestas
808 1574 937 1616 esset,
970 1581 1095 1621 saepe
1126 1567 1329 1620 optarint,
1363 1568 1405 1607 in
1438 1581 1531 1608 eum
1560 1573 1762 1622 potestate
1784 1582 1865 1609 non
1882 1583 1918 1609 πο

107 1631 166 1672 uti
196 1644 398 1672 summam
430 1643 519 1671 esse
550 1629 787 1679 stultitiam3
836 1630 1021 1684 cogitare
1060 1635 1275 1682 oportere,
1322 1643 1445 1684 quem
1484 1629 1667 1672 animum
1699 1630 1740 1672 in
1774 1644 1867 1672 eum

109 1700 149 1734 et
178 1691 299 1748 quale
330 1691 472 1733 odium
503 1690 737 1733 habuerint.
795 1694 930 1733 Locus
962 1697 1098 1733 autem
1129 1691 1359 1733 communis
1391 1693 1468 1733 erit
1488 1691 1715 1747 indignatio
1740 1694 1868 1734 male—

108 1755 193 1797 ficii
222 1761 263 1796 et
291 1755 395 1796 alter
425 1769 571 1795 eorum
603 1755 792 1796 misereri
822 1761 1040 1810 oportere,
1086 1755 1154 1810 qui
1186 1761 1356 1809 propter
1385 1754 1618 1804 fortunam,
1660 1770 1742 1796 non
1773 1769 1869 1811 pro-

108 1823 200 1871 pter
238 1816 436 1858 malitiam
475 1818 518 1858 in
558 1817 735 1858 miseriis
766 1817 857 1860 sint.
917 1819 1124 1867 Quoniam
1155 1830 1255 1871 ergo
1287 1816 1330 1857 in
1362 1819 1543 1871 generali
1574 1818 1866 1859 constitutione

107 1880 267 1920 tamdiu
297 1885 469 1932 propter
499 1879 589 1920 eius
619 1881 798 1934 partium
829 1881 1135 1921 multitudinem
1165 1892 1495 1929 commoramur,
1528 1895 1580 1921 ne
1607 1879 1712 1921 forte
1736 1880 1867 1921 varie—
1881 1895 1916 1922 25

109 1947 189 1984 tate
219 1947 259 1982 et
289 1940 623 1983 dissimilitudine
653 1955 795 1982 rerum
827 1944 1016 1984 diductus
1047 1943 1219 1984 alicuius
1250 1943 1411 1983 animus
1442 1944 1484 1983 in
1516 1941 1719 1999 quendam
1752 1957 1868 1984 erro-

107 2018 197 2046 rem
241 2002 474 2052 deferatur,
521 2005 621 2059 quid
663 2005 786 2045 etiam
829 2007 949 2046 nobis
980 2019 1032 2046 ex
1063 2020 1112 2046 eo
1147 2017 1298 2059 genere
1328 2010 1455 2046 restet
1486 2010 1526 2046 et
1557 2018 1684 2060 quare
1717 2011 1866 2054 restet,

109 2068 416 2109 admonendum
447 2065 626 2108 videtur.

220 2128 500 2170 Iuridicialem
531 2143 697 2170 causam
728 2143 819 2170 esse
849 2127 1110 2176 dicebamus,
1160 2130 1201 2170 in
1232 2142 1313 2184 qua
1342 2130 1464 2184 aequi
1494 2134 1533 2170 et
1563 2128 1693 2184 iniqui
1725 2135 1866 2170 natura

111 2197 152 2234 et
179 2191 353 2248 praemii
384 2197 456 2233 aut
485 2204 643 2246 poenae
664 2191 768 2233 ratio
790 2197 1077 2247 quaereretur.
1133 2194 1213 2233 Eas
1236 2207 1402 2239 causas,
1434 2193 1474 2233 in
1496 2191 1645 2248 quibus
1667 2192 1717 2234 de
1737 2205 1868 2248 aequo
1885 2209 1918 2234 ³0

111 2261 152 2297 et
194 2256 337 2310 iniquo
381 2254 615 2308 quaeritur,
664 2255 947 2309 exposuimus.
1008 2256 1217 2296 XXXVII.
1262 2257 1353 2297 110.
1400 2258 1540 2297 Restat
1568 2268 1700 2303 nunc,
1746 2263 1788 2296 ut
1819 2258 1868 2295 de

109 2317 296 2374 praemio
329 2321 370 2358 et
401 2315 451 2356 de
481 2331 618 2369 poena
649 2317 918 2370 explicemus.
976 2318 1079 2358 Sunt
1117 2319 1226 2358 enim
1267 2317 1418 2359 multae
1456 2331 1623 2363 causae,
1672 2332 1775 2372 quae
1818 2332 1869 2358 ex

109 2379 284 2437 praemii
321 2379 493 2421 alicuius
531 2379 730 2434 petitione
772 2385 975 2421 constant.
1037 2382 1140 2421 Nam
1172 2386 1212 2421 et
1252 2379 1358 2435 apud
1397 2380 1553 2421 iudices
1594 2382 1644 2421 de
1685 2380 1868 2435 praemio

111 2456 234 2498 saepe
266 2446 551 2483 accusatorum
581 2442 794 2496 quaeritur
825 2449 865 2484 et
895 2456 916 2483 a
949 2451 1093 2485 senatu
1125 2448 1195 2483 aut
1216 2457 1238 2483 a
1259 2442 1432 2484 consilio
1453 2442 1621 2498 aliquod
1644 2442 1868 2498 praemium

111 2519 237 2561 saepe
268 2504 439 2559 petitur.
500 2506 559 2545 Ac
588 2505 794 2546 neminem
829 2506 1047 2547 conveniet
1073 2505 1263 2547 arbitrari
1284 2519 1389 2553 nos,
1422 2518 1514 2546 cum
1540 2506 1705 2561 aliquod
1733 2518 1918 2545 exem-⁵5

110 2567 224 2623 plum
254 2580 476 2622 ponamus,
509 2567 622 2622 quod
653 2565 693 2607 in
724 2574 867 2610 senatu
898 2574 1064 2621 agatur,
1097 2569 1148 2609 ab
1179 2567 1361 2609 iudiciali
1394 2580 1547 2622 genere
1580 2569 1867 2622 exemplorum

112 2628 325 2671 recedere.
389 2629 601 2685 Quidquid
633 2629 743 2670 enim
774 2632 825 2671 de
855 2631 1027 2671 homine
1056 2628 1272 2685 probando
1303 2636 1374 2671 aut
1403 2629 1676 2686 improbando
1708 2628 1868 2674 dicitur,

113 2705 205 2734 cum
249 2693 301 2732 ad
344 2704 434 2732 eam
474 2691 695 2733 dictionem
738 2692 1033 2733 sententiarum
1074 2706 1244 2748 quoquc
1283 2693 1387 2734 ratio
1418 2691 1778 2738 accommodetur,
1827 2690 1867 2731 id

113 2767 217 2801 non,
250 2755 284 2795 si
314 2767 390 2809 per
419 2754 649 2796 sententiae
679 2753 905 2796 dictionem
936 2755 1092 2807 agitur,
1126 2753 1442 2795 deliberativum
1463 2760 1541 2805 est3
1573 2756 1666 2801 sed,
1699 2753 1793 2808 quia
1817 2754 1867 2793 de

114 2816 282 2857 homine
311 2818 525 2866 statuitur,
558 2816 750 2858 iudiciale
781 2822 842 2858 est
871 2819 1124 2858 habendum.
1188 2816 1366 2858 Omnino
1392 2822 1526 2857 autem
1555 2816 1626 2870 qui
1652 2815 1868 2869 diligenter
1881 2831 1918 2856 40

115 2877 299 2919 omnium
329 2891 546 2920 causarum
576 2879 659 2921 vim
691 2884 732 2919 et
762 2884 949 2920 naturam
981 2880 1246 2933 cognoverit,
1291 2893 1442 2933 genere
1473 2885 1513 2920 et
1542 2880 1676 2932 prima
1706 2877 1870 2919 confor-

206 2997 240 3029 1.
269 3000 303 3029 et
326 2996 360 3028 4.
388 2997 523 3037 Duplex
550 3008 582 3031 v.
609 2998 884 3034 demonstrabit,
930 3006 1000 3038 quo
1027 2997 1187 3030 turbatur
1213 2997 1386 3029 clausulae
1421 2999 1566 3037 syntaxis
1583 3020 1592 3035 ,
1627 2996 1868 3029 Lindemanno

115 3048 258 3076 auctore
284 3043 500 3075 seclusimus.
528 3062 568 3067 —
593 3045 813 3077 nobilitatem
836 3044 925 3077 PAR
953 3046 1144 3084 optimique
1173 3044 1291 3076 Oud.:
1319 3049 1349 3076 ec
1373 3044 1588 3075 nobilitatem
1615 3044 1655 3075 E.
1687 3059 1721 3065 -
1752 3042 1784 3073 3.
1813 3041 1868 3083 ea]

114 3099 233 3124 eorum
258 3090 311 3127 R:
349 3089 417 3123 del.
446 3090 642 3124 Schutzius.
672 3108 712 3114 —
754 3091 789 3123 7.
822 3100 1032 3132 propensum
1057 3091 1146 3122 PAR
1172 3096 1206 3122 et
1232 3090 1343 3122 Codd.
1373 3090 1464 3121 Oud.
1494 3095 1630 3130 praeter
1656 3089 1753 3121 Leid.
1795 3091 1838 3122 11.
1858 3113 1867 3127 ,

116 3146 267 3178 quocum
295 3140 329 3168 et
353 3144 430 3167 cum
458 3138 548 3177 vulg.
577 3143 609 3169 et
630 3147 841 3178 propensum
870 3139 907 3169 E.
939 3155 976 3161 —
1023 3138 1079 3168 21.
1106 3139 1259 3178 coqitare
1286 3137 1339 3168 m
1365 3137 1517 3176 aliique:
1558 3141 1589 3169 et
1614 3137 1771 3176 coyitare
1798 3137 1867 3168 RE.

118 3199 154 3206 -
183 3185 241 3215 22.
270 3187 300 3216 et
326 3183 428 3223 quale
453 3183 566 3215 PAR:
598 3185 651 3216 vel
674 3185 778 3224 quale
806 3185 843 3215 E.
875 3202 912 3207 —
955 3184 1011 3215 214.
1040 3191 1119 3224 erqo
1146 3183 1289 3214 PART:
1332 3184 1444 3223 iqitur
1470 3183 1510 3214 E.
1539 3200 1578 3206 —
1621 3183 1678 3214 26.
1707 3183 1869 3214 deductus

114 3230 225 3269 PAT,
252 3231 414 3262 inductus
442 3230 484 3261 R.
515 3245 552 3252 —
580 3229 636 3262 30.
664 3234 696 3261 et
715 3232 867 3270 praemii
892 3230 1032 3262 PART:
1058 3231 1206 3269 praemii
1226 3229 1266 3260 E.
1294 3244 1333 3250 -
1377 3228 1434 3260 39.
1460 3231 1489 3261 si
1515 3229 1664 3261 VPART
1690 3233 1868 3269 ceterique

116 3280 188 3310 noti
216 3282 352 3317 praeter
378 3276 476 3309 Leid.
505 3276 550 3307 11.
569 3299 577 3314 ,
622 3285 772 3316 quocum
799 3278 863 3307 etsi
888 3277 926 3308 E.
954 3292 994 3300 —
1017 3276 1074 3307 41.
1104 3275 1325 3317 εοῃηουενίι,
1367 3283 1490 3317 yenere
1521 3281 1553 3308 et
1581 3277 1701 3317 prima
1734 3275 1868 3315 confor-

115 3326 267 3356 macione
291 3323 400 3361 ΡΑΤ,
444 3323 560 3355 Scbot.
589 3322 682 3356 Oud.
710 3323 840 3364 Grypb.
869 3323 964 3357 duo:
1008 3324 1226 3365 cognoverit,
1266 3324 1338 3354 tum
1362 3330 1505 3366 qaaere,
1531 3326 1604 3356 tum
1630 3324 1732 3356 etiam
1755 3321 1868 3363 forma

117 3370 218 3404 Voss.
245 3371 273 3402 l.
301 3370 402 3403 Leid.
430 3371 458 3402 Ι.
486 3369 558 3402 RE.
