2117 3762
679 262 777 303 LlB.
810 263 842 302 1.
904 263 947 303 C.
980 263 1048 307 43.
1079 264 1148 305 [14.
1181 263 1250 305 45.
1282 266 1351 307 146.
1814 275 1892 314 119

141 365 229 407 fieri
268 365 470 408 videatur.
532 368 599 408 83.
652 368 829 422 Oportet
859 373 993 409 autem
1025 371 1380 420 animadvertere,
1423 387 1501 422 ne,
1541 387 1633 415 enm
1666 375 1784 418 aliter
1814 381 1893 420 sint

139 426 263 469 multa
296 429 469 470 iudicata
490 461 500 477 ,
535 429 762 470 solitarium
793 428 959 483 aliquod
993 439 1062 472 aut
1091 446 1229 474 rarum
1263 436 1485 477 iudicatum
1518 436 1728 478 afferatur.
1792 442 1890 481 Nam

138 489 203 531 his
235 489 356 532 rebus
387 494 607 534 auctoritas
638 490 803 532 iudicati
835 494 1009 533 maximi·
1041 501 1175 548 potest
1205 496 1414 538 inlirmari.
1474 501 1606 554 Atque
1638 513 1686 540 ea
1707 502 1888 555 quidem,

138 567 243 608 quae
288 556 404 609 quasi
449 554 681 610 probabilia
722 561 960 602 sumentur,
1010 558 1061 596 ad
1103 558 1210 598 hunc
1255 559 1423 601 modum
1472 562 1617 601 tentari
1665 564 1887 616 oportebit.

137 617 260 657 XLV.
307 618 423 667 Quae
464 629 564 657 vero
595 614 710 656 sicuti
745 619 974 658 necessaria
1014 619 1290 667 inducentur,
1340 635 1387 661 ea
1419 621 1453 662 si
1483 621 1588 663 sorte
1618 622 1919 666 imitabuntur-5

137 681 263 720 modo
301 681 572 720 necessariam
612 679 1012 729 argumentationem
1055 695 1191 736 neque
1229 689 1347 723 erunt
1378 685 1610 732 eiusmodi,
1660 686 1718 726 sic
1748 699 1891 739 repre-

136 741 397 783 hendentur:
444 740 624 797 primum
657 740 915 795 complexio,
959 756 1083 798 quae,
1116 751 1253 784 utrum
1276 746 1550 795 concesseris,
1583 749 1707 788 debet
1728 750 1889 796 tollere,

135 804 168 844 si
200 817 297 844 vcra
336 808 417 850 est,
463 816 672 857 nunquam
714 805 1078 858 repreliendctur;
1128 805 1191 846 sin
1236 805 1358 855 salsa,
1403 811 1564 850 dnobus
1611 812 1775 860 modis,
1821 817 1892 853 aut

135 867 406 907 conversione
438 871 508 906 aut
537 865 706 906 alterius
738 867 864 921 partis
896 866 1185 908 infirmatione.
1247 869 1552 919 Conversione,
1586 874 1665 914 hoc
1696 875 1846 916 modo:

299 953 403 994 Nam
431 954 467 993 si
495 959 670 1000 veretur,
703 954 796 1006 quid
825 967 911 994 enm
941 967 1138 1002 accusem,
1171 956 1239 1007 qui
1268 960 1323 995 est
1344 957 1523 1009 probus?
1901 968 1938 992 10

297 1017 371 1056 Sin
399 1017 699 1056 inverecundum
729 1018 856 1057 animi
885 1017 1085 1068 inqenium
1108 1017 1302 1069 possidet,

301 1079 407 1129 Quid
436 1092 522 1119 eum
551 1092 748 1126 accusem,
779 1080 847 1132 qui
875 1079 916 1118 id
941 1079 1060 1131 parvi
1089 1079 1229 1119 auditu
1259 1081 1455 1122 existimet
1466 1083 1486 1121 ἴ)

131 1173 232 1219 Hic,
277 1170 365 1212 sive
397 1170 531 1211 vereri
563 1172 721 1212 dixeris
752 1171 838 1212 sive
867 1185 951 1211 non
981 1171 1145 1220 vereri,
1195 1174 1508 1216 concedendum
1544 1173 1623 1217 hoc
1663 1184 1797 1233 putat,
1844 1187 1889 1224 ut

129 1238 254 1287 neget
296 1247 386 1275 esse
428 1232 720 1274 accusandum.
800 1232 922 1282 Quod
952 1235 1227 1276 conversione
1266 1236 1324 1276 sic
1354 1237 1707 1292 reprehendetur:
1755 1245 1887 1286 Immo

129 1310 231 1339 vero
263 1297 518 1338 accusandus
550 1302 625 1336 est.
688 1298 789 1336 Nam
821 1297 853 1337 si
885 1302 1078 1344 veretur,
1110 1312 1304 1350 accuses;
1342 1314 1425 1341 non
1458 1303 1568 1342 enim
1599 1303 1715 1357 parvi
1745 1306 1887 1348 auditu
1900 1315 1936 1342 1⁵

129 1360 396 1401 existimabit.
459 1359 530 1399 Sin
561 1360 888 1399 inverecundum
918 1359 1045 1400 animi
1065 1361 1277 1414 ingenium
1299 1364 1504 1417 possidet,
1536 1370 1672 1407 tamen
1693 1380 1884 1420 accuses;

128 1437 211 1463 non
242 1424 352 1463 enim
383 1423 540 1477 probus
572 1426 647 1462 est.
709 1422 775 1461 84.
806 1420 985 1462 Alterius
1017 1428 1153 1464 autem
1184 1425 1314 1476 partis
1343 1423 1622 1468 infirmatione
1652 1427 1731 1469 hoc
1760 1433 1885 1473 modo

126 1484 480 1540 reprehendetur:
526 1484 681 1524 Verum
723 1484 754 1523 si
793 1489 988 1532 veretur,
1037 1486 1297 1527 accusatione
1329 1492 1397 1528 tua
1429 1495 1638 1531 correctus
1668 1490 1719 1532 ab
1750 1499 1886 1535 errato

125 1546 308 1589 recedet.
378 1546 642 1587 Enumeratio
686 1546 834 1586 vitiosa
878 1545 1144 1600 intelligitur,
1193 1549 1226 1588 si
1269 1554 1339 1590 aut
1375 1550 1646 1604 praeteritum
1691 1555 1884 1609 quiddam

127 1612 309 1651 dicemus
328 1640 338 1657 ,
378 1610 490 1663 quod
521 1607 694 1648 velimus
726 1607 980 1656 concedere,
1019 1614 1089 1649 aut
1124 1610 1334 1652 infirmum
1366 1611 1521 1667 aliquid
1552 1624 1934 1668 annumeratum,20

125 1671 237 1728 quod
276 1676 347 1713 aut
384 1677 527 1711 contra
566 1670 644 1711 dici
676 1670 807 1723 possit
837 1676 907 1712 aut
937 1685 1058 1712 causa
1088 1686 1172 1712 non
1203 1672 1275 1721 sit,
1315 1687 1442 1729 quare
1474 1688 1557 1717 non
1588 1679 1760 1721 honeste
1789 1694 1885 1736 pos-

125 1739 252 1776 simus
295 1735 543 1775 concedere.
605 1734 858 1774 Praeteritur
899 1734 1094 1788 quiddam
1138 1736 1182 1775 in
1223 1736 1428 1778 eiusmodi
1467 1740 1880 1784 enumerationibus:

126 1798 334 1847 Quoniam
371 1794 500 1836 habes
540 1794 664 1836 istum
696 1808 870 1850 equum,
912 1802 982 1837 aut
1011 1796 1162 1838 emeris
1194 1804 1359 1852 oportet
1388 1805 1459 1840 aut
1488 1802 1719 1844 hereditate
1750 1805 1883 1860 possi-

124 1862 222 1901 deas
251 1863 322 1899 aut
350 1871 521 1898 munere
552 1859 761 1912 acceperis
799 1864 870 1899 aut
908 1860 1021 1899 domi
1060 1858 1133 1900 tibi
1171 1865 1290 1901 natus
1320 1862 1371 1902 sit
1401 1867 1496 1910 aut,
1537 1864 1570 1904 si
1602 1866 1749 1906 horum
1780 1867 1882 1908 nihil

124 1928 210 1971 est,
258 1920 508 1974 surripueris
551 1934 721 1961 necesse
760 1926 850 1961 est:
900 1922 973 1961 sed
1013 1934 1149 1976 neque
1181 1921 1315 1963 emisti
1345 1936 1480 1978 neque
1510 1925 1739 1968 hereditate
1768 1931 1930 1971 venit25

121 1998 258 2041 neque
289 1985 464 2031 donatus
496 1988 557 2023 est
586 1996 721 2038 neque
752 1981 865 2023 domi
896 1987 1015 2023 natus
1047 1988 1132 2032 est;
1182 1996 1351 2025 necesse
1390 1990 1452 2025 est
1482 1999 1582 2040 ergo
1612 1989 1877 2045 surripueris.

122 2050 190 2089 85.
224 2048 316 2088 Hoc
345 2043 564 2086 commode
593 2047 948 2098 reprehendetur,
994 2045 1028 2085 si
1059 2046 1138 2085 dici
1169 2045 1299 2100 possit
1329 2060 1383 2088 ex
1411 2048 1600 2090 hostibus
1632 2064 1762 2106 equus
1792 2067 1882 2095 esse

123 2113 286 2165 captus,
325 2107 440 2149 cuius
471 2108 651 2162 praedae
682 2108 808 2148 sectio
841 2121 923 2149 non
962 2107 1168 2159 venierit3
1217 2124 1298 2164 quo
1330 2110 1466 2159 illato,
1507 2112 1740 2155 infirmetur
1777 2130 1881 2157 enu-

121 2172 318 2221 merati03
349 2170 545 2226 quoniam
566 2169 607 2210 id
637 2170 690 2210 sit
718 2168 954 2217 inductum,
988 2173 1099 2225 quod
1120 2172 1392 2226 praeteritum
1415 2173 1527 2216 sitin
1549 2176 1876 2218 enumeratione.

120 2235 263 2277 XLVI.
295 2232 436 2275 'Altero
469 2238 606 2273 autem
636 2234 763 2273 modo
794 2235 1144 2288 reprehendetur,
1177 2235 1211 2275 si
1241 2240 1311 2276 aut
1340 2242 1484 2277 contra
1513 2237 1670 2293 aliquid
1692 2240 1874 2281 dicetur:
1894 2255 1927 2281 so

121 2300 202 2339 hoc
225 2301 308 2345 est,
341 2295 376 2337 si
406 2295 585 2350 exempli
617 2308 757 2343 causa,
787 2300 833 2335 ut
862 2296 903 2336 in
937 2297 1085 2337 eodem
1115 2310 1350 2346 versemur,
1382 2300 1537 2353 poterit
1567 2300 1728 2342 ostendi
1756 2304 1879 2343 here-

121 2360 246 2402 ditate
276 2358 467 2405 venisse,
515 2363 584 2399 aut
614 2359 646 2397 si
676 2357 777 2399 illud
808 2363 1040 2400 extremum
1069 2373 1154 2401 non
1191 2361 1269 2401 erit
1304 2366 1428 2414 turpe
1468 2362 1719 2413 concedere;
1763 2370 1808 2405 ut
1843 2365 1877 2405 si

120 2423 211 2479 qui,
262 2436 354 2464 cum
397 2420 580 2462 dixerint
621 2419 878 2462 adversarii:
926 2423 1008 2462 Aut
1045 2421 1214 2463 insidias
1258 2421 1397 2465 facere
1436 2424 1603 2466 voluisti
1646 2432 1715 2466 aut
1743 2425 1874 2467 amico

119 2498 281 2527 morem
312 2484 473 2537 gessisti
504 2489 575 2524 aut
604 2484 826 2538 cupiditate
857 2485 986 2524 elatus
1018 2497 1085 2534 65;
1118 2484 1251 2525 amico
1283 2498 1327 2526 se
1359 2500 1520 2528 morem
1550 2487 1725 2542 gessisse
1751 2489 1875 2529 fatea-

119 2553 202 2589 tur.
237 2547 332 2594 186.
367 2544 553 2598 Simplex
584 2551 719 2586 autem
752 2547 963 2587 conclusio
995 2546 1343 2601 reprehendetur,
1376 2550 1410 2589 si
1441 2550 1507 2598 id,
1541 2548 1653 2605 quod
1674 2551 1872 2604 sequitur,
1888 2565 1922 2590 ³5

119 2622 204 2649 non
234 2608 424 2650 videatur
453 2607 688 2648 necessario
720 2620 813 2648 011111
844 2621 918 2656 60,
953 2611 1064 2663 quod
1095 2611 1330 2658 antecessit,
1364 2610 1602 2652 cohaerere.
1665 2614 1764 2652 Nam
1794 2613 1874 2654 hoc

120 2669 314 2726 quidem:
350 2672 393 2712 Si
423 2670 615 2723 spiritum
647 2669 788 2718 ducit,
822 2670 950 2711 vivit:
1002 2673 1043 2712 Si
1075 2674 1163 2714 dies
1194 2678 1280 2720 est,
1313 2673 1451 2724 lucet;
1485 2672 1687 2715 eiusmodi
1718 2678 1794 2721 est,
1826 2680 1874 2716 ut

121 2747 214 2773 cum
252 2733 392 2788 priore
438 2731 672 2773 necessario
712 2732 917 2787 posterius
957 2735 1180 2775 cohaerere
1222 2735 1423 2778 videatur.
1482 2739 1571 2777 IIoc
1611 2741 1777 2778 autem:
1830 2738 1872 2779 Si

120 2800 254 2836 mater
283 2800 367 2843 est,
401 2795 562 2849 diligit:
597 2794 638 2834 Si
670 2792 892 2847 aliquando
923 2797 1128 2848 peccavit,
1160 2811 1370 2854 nunquam
1402 2798 1652 2852 corrigetur;
1686 2799 1744 2839 sic
1774 2812 1873 2839 con-

119 2857 260 2899 veniet
288 2856 536 2913 reprehendi
554 2888 565 2904 ,
599 2861 644 2897 ut
674 2855 981 2898 demonstretur
1010 2871 1094 2899 non
1124 2862 1359 2901 necessario
1391 2873 1481 2901 cum
1505 2862 1643 2913 priore
1663 2862 1871 2914 posterius
1885 2875 1920 2902 40

121 2921 361 2961 cohaerere.
421 2921 512 2959 lloc
549 2931 678 2971 genus
715 2923 756 2958 et
793 2923 929 2959 cetera
958 2922 1190 2962 necessaria
1220 2927 1261 2962 et
1291 2921 1458 2962 omnino
1491 2922 1624 2962 omnis
1653 2935 1873 2977 argumen-

212 3030 245 3060 1.
273 3029 340 3059 sint
357 3027 471 3058 multa
487 3027 629 3058 PART:
657 3026 770 3058 mulla
787 3027 857 3058 sint
876 3027 914 3058 Ε.
931 3044 971 3049 -
991 3027 1026 3059 5.
1044 3021 1263 3070 inducentur]
1283 3031 1439 3061 dicentur
1459 3029 1580 3061 PART
1602 3034 1636 3062 et
1653 3033 1759 3082 ceter-[i
1783 3034 1868 3066 noti.

118 3075 206 3108 Illud
227 3081 341 3107 tamen
368 3073 481 3104 firmat
501 3073 710 3105 Victorinus.
739 3089 768 3094 -
790 3073 824 3104 7.
846 3074 1099 3113 comprehensio
1120 3076 1208 3108 PAT
1233 3077 1372 3116 aliique.
1394 3091 1432 3098 —-
1453 3076 1508 3108 10.
1530 3085 1684 3109 accusem
1710 3078 1760 3110 bis
1787 3079 1867 3111 Sch-

118 3131 157 3155 ex
185 3122 290 3155 Rhet.
318 3120 359 3152 ad
388 3120 472 3151 Iler.
495 3119 530 3157 2,
557 3120 638 3152 36.:
667 3126 805 3152 accuses
830 3120 1016 3160 utrobique
1044 3122 1144 3161 libri,
1173 3125 1274 3154 etiam
1302 3124 1407 3153 nostri
1432 3122 1518 3158 lv..
1547 3123 1588 3156 E.
1617 3139 1658 3146 —
1686 3124 1742 3156 12.
1771 3126 1870 3157 audi-

117 3174 195 3200 tum
219 3169 260 3201 T.
291 3184 327 3190 —
356 3167 510 3199 aestimet
535 3165 637 3197 ΡΑΤ.
663 3183 708 3188 -
732 3165 789 3197 14.
815 3174 918 3207 110905
942 3167 1076 3199 ΡΑΙίΤ.
1106 3185 1146 3191 -
1176 3170 1229 3201 15.
1256 3169 1416 3200 auditum
1440 3168 1513 3200 AT.
1541 3187 1583 3192 —
1609 3170 1665 3202 16.
1692 3173 1869 3203 existima-

118 3215 167 3247 bit
194 3216 223 3247 R
249 3218 375 3247 0161165
402 3211 522 3244 Oud.:
562 3212 760 3244 aestimabit
785 3212 811 3244 E
839 3220 916 3244 cum
942 3213 1003 3245 ΛΤ
1030 3219 1064 3246 61
1090 3223 1141 3254 pr.
1169 3215 1216 3254 P,
1243 3215 1474 3247 aestimabunt
1500 3224 1552 3257 pr.
1580 3215 1620 3248 P.
1650 3233 1685 3239 —
1730 3218 1785 3249 26.
1813 3227 1868 3250 ne-

118 3270 182 3302 que
205 3263 354 3293 donatus
380 3264 429 3290 est
455 3266 561 3298 neque
586 3259 681 3289 domi
704 3263 810 3290 natus
834 3263 882 3291 est
908 3260 1030 3291 PART
1056 3262 1208 3301 aliique:
1249 3270 1359 3301 neque
1382 3262 1476 3293 domi
1498 3267 1605 3294 natus
1628 3272 1734 3304 neque
1759 3265 1866 3295 dona-

119 3312 172 3339 tus
195 3312 243 3340 est
270 3309 310 3340 E.
339 3322 379 3327 —
405 3306 461 3337 27.
489 3304 752 3345 reprehenditur
776 3305 877 3338 ΡΑΤ.
909 3323 945 3329 —-
991 3307 1047 3337 32.
1073 3308 1161 3338 illud
1185 3310 1374 3339 eaetremum
1397 3308 1542 3341 PART:
1571 3313 1758 3343 extremum
1780 3310 1865 3342 illud

119 3354 160 3386 E.
189 3371 229 3377 —
256 3354 312 3387 33.
341 3351 515 3394 ᾳαί,ΑΙῖΤ
542 3354 576 3384 et
601 3358 689 3383 corr.
714 3350 768 3383 P:
794 3351 869 3393 quis
893 3352 933 3384 E.
961 3349 1043 3394 (om.
1071 3361 1123 3393 pr.
1150 3353 1205 3389 P.)
1233 3370 1271 3378 —-
1299 3353 1357 3387 35.
1383 3356 1644 3398 reprehenditur
1667 3356 1801 3390 PART.
