2117 3762
229 237 310 277 212
920 234 990 274 DE
1023 234 1269 276 ORATORE

230 345 323 401 quia
352 343 562 386 Platonem
604 352 746 381 omnes
782 338 825 378 in
863 338 943 379 illis
983 338 1139 380 artibus
1169 338 1566 395 praestantissimum
1598 340 1724 381 fuisse
1755 340 1973 384 fateantur.

229 410 325 450 218.
358 409 440 455 Ac,
484 404 516 446 si
547 403 627 444 iam
657 403 791 457 placet
821 413 965 441 omnes
995 406 1104 442 artes
1135 406 1291 444 oratori
1321 402 1595 456 subiungere,
1629 403 1885 446 tolerabilius
1917 410 1979 446 est

229 472 287 512 sic
315 470 451 525 potius
481 467 641 512 dicere,
690 468 752 510 ut,
800 462 994 518 quoniam
1032 462 1194 505 dicendi
1225 464 1396 507 facultas
1427 480 1511 506 non
1542 464 1692 506 debeat
1722 480 1811 507 esse
1842 466 1980 508 ieiuna

228 539 350 587 atque
381 532 489 572 nuda
519 529 590 569 sed
620 539 786 580 aspersa
815 531 938 580 atque
969 526 1160 566 distincta
1189 528 1409 569 multarum
1441 543 1578 569 rerum
1602 528 1779 569 iucunda
1801 530 1978 584 quadam

198 595 450 642 ⁵varietate,
485 594 536 633 sit
563 589 662 631 boni
692 591 868 630 oratoris
900 588 1023 630 multa
1049 588 1218 630 auribus
1240 591 1466 646 accepisse,
1499 590 1627 631 multa
1647 590 1820 639 vidisse,
1853 592 1981 632 multa

228 657 364 699 animo
397 662 436 696 et
466 654 733 708 cogitatione,
777 654 904 693 multa
944 652 1064 693 etiam
1108 651 1282 706 legendo
1314 655 1644 707 percucurrisse,
1692 667 1826 708 neque
1859 667 1907 694 ea
1936 657 1981 693 ut

228 734 301 761 sua
340 716 570 774 possedisse
611 717 683 756 sed
725 720 768 756 ut
808 716 938 757 aliena
977 714 1141 757 libasse.
1200 717 1350 756 Fateor
1393 718 1502 756 enim
1542 715 1734 757 callidum
1775 717 1981 771 quendam

227 784 334 823 hunc
366 786 405 821 et
434 779 543 819 nulla
573 779 614 819 in
644 791 689 818 re
719 780 896 819 tironem
927 791 974 819 ac
1010 780 1157 819 rudem
1198 790 1274 818 nec
1309 781 1574 832 peregrinum
1614 785 1735 834 atque
1774 779 1981 833 hospitem

227 845 268 885 in
298 843 457 897 agendo
489 855 579 882 esse
612 842 782 882 debere.

176 917 212 943 ιο
335 907 403 946 LI.
446 906 540 945 219.
586 906 728 958 Neque
765 917 864 945 vero
904 902 992 944 istis
1032 903 1257 957 tragoediis
1300 902 1402 950 tuis,
1455 902 1604 957 quibus
1645 905 1704 945 uti
1745 903 1980 959 philosophi

225 969 403 1010 maxime
445 967 598 1015 solent,
645 968 814 1015 Crasse,
861 967 1104 1022 perturbor,
1157 966 1267 1020 quod
1308 965 1365 1005 ita
1404 964 1576 1014 dixisti,
1623 966 1828 1007 neminem
1859 979 1981 1021 posse

226 1046 369 1073 eorum
401 1036 580 1078 mentes,
632 1031 702 1084 qui
743 1030 959 1077 audirent,
1011 1034 1081 1069 aut
1111 1027 1369 1069 inflammare
1402 1026 1578 1068 dicendo
1609 1034 1678 1070 aut
1708 1028 1981 1070 inflammatas

225 1095 501 1148 restinguere,
549 1106 640 1133 cum
684 1107 733 1133 eo
775 1094 954 1133 maxime
985 1094 1047 1133 vis
1079 1092 1255 1132 oratoris
1285 1089 1608 1145 magnitudoque
1640 1098 1854 1141 cernatur,
1904 1093 1982 1132 nisi

225 1157 294 1213 qui
339 1169 477 1197 rerum
523 1156 708 1196 omnium
746 1161 959 1203 naturam,
1012 1168 1151 1195 mores
1188 1153 1403 1195 hominum
1444 1158 1565 1207 atque
1605 1153 1786 1195 rationes
1818 1156 1982 1210 penitus

175 1227 211 1254 1⁵
226 1220 503 1275 perspexerit,
543 1217 584 1258 in
615 1231 698 1272 quo
728 1216 991 1273 philosophia
1023 1216 1074 1257 sit
1106 1215 1262 1257 oratori
1295 1216 1527 1256 necessario
1559 1216 1850 1271 percipienda;
1899 1230 1982 1272 quo

225 1284 265 1323 in
308 1282 442 1323 studio
489 1280 703 1321 hominum
742 1293 908 1336 quoque
948 1279 1378 1333 ingeniosissimorum
1411 1278 1843 1335 otiosissimorumque
1874 1286 1979 1321 totas

225 1350 381 1386 aetates
422 1342 612 1384 videmus
653 1356 742 1384 esse
783 1343 1003 1392 contritas3
1056 1355 1233 1398 quorum
1271 1355 1347 1395 ego
1381 1342 1543 1396 copiam
1575 1342 1982 1398 magnitudinemque

226 1407 473 1461 cognitionis
504 1412 626 1461 atque
655 1406 754 1446 artis
784 1419 868 1445 non
900 1406 1023 1445 modo
1056 1419 1141 1445 non
1172 1410 1418 1452 contemno,
1460 1406 1533 1444 sed
1565 1405 1688 1445 etiam
1719 1404 1984 1446 vehementer

225 1469 429 1512 admiror:
482 1470 604 1510 nobis
635 1473 792 1515 tamen,
839 1468 908 1522 qui
939 1468 981 1507 in
1011 1468 1092 1509 hoc
1122 1468 1279 1521 populo
1308 1467 1485 1521 foroque
1515 1479 1750 1516 versamur,
1795 1470 1892 1510 satis
1923 1473 1985 1509 est

175 1542 213 1568 2⁰
228 1548 273 1577 ea
304 1536 355 1575 de
383 1531 569 1574 moribus
599 1532 815 1572 hominum
846 1536 887 1571 et
916 1529 1021 1571 scire
1053 1535 1093 1570 et
1123 1529 1285 1577 dicere,
1326 1542 1430 1584 quae
1461 1543 1545 1569 non
1575 1529 1804 1572 abhorrent
1830 1529 1880 1572 ab
1910 1533 1985 1571 ho-

227 1598 383 1639 minum
413 1594 613 1638 moribus.
672 1596 766 1635 220.
813 1592 914 1642 Quis
960 1591 1067 1633 enim
1112 1605 1294 1647 unquam
1335 1596 1480 1632 orator
1524 1605 1698 1646 magnus
1740 1598 1780 1633 et
1819 1593 1981 1647 gravis,

226 1675 319 1702 cum
348 1660 499 1701 iratum
530 1657 768 1699 adversario
800 1657 980 1696 iudicem
1010 1654 1148 1696 facere
1177 1654 1322 1702 vellet,
1353 1654 1572 1696 haesitavit
1601 1654 1654 1696 ob
1686 1669 1777 1696 eam
1805 1669 1984 1703 causam,

227 1723 338 1780 quod
378 1723 579 1770 nesciret,
628 1719 726 1774 quid
764 1723 873 1760 esset
902 1716 1138 1766 iracundia,
1186 1716 1380 1759 fervorne
1411 1717 1560 1759 inentis
1590 1731 1641 1758 an
1672 1719 1874 1772 cupiditas
1909 1732 1986 1771 pu-

225 1787 365 1828 niendi
406 1784 594 1826 doloris?
645 1784 772 1832 Quis,
820 1795 913 1823 cum
953 1787 1115 1822 ceteros
1147 1782 1379 1822 animorum
1411 1788 1548 1822 motus
1578 1786 1649 1822 aut
1678 1779 1885 1822 iudicibus
1916 1785 1986 1821 aut

175 1856 212 1882 2⁵
227 1847 381 1905 populo
412 1848 585 1888 dicendo
617 1845 791 1886 miscere
823 1850 946 1899 atque
977 1843 1133 1898 agitare
1163 1843 1307 1892 vellet,
1359 1857 1408 1883 ea
1439 1842 1562 1889 dixit,
1610 1856 1715 1897 quae
1747 1857 1771 1884 a
1802 1843 1985 1898 philoso-

227 1912 320 1966 phis
350 1909 430 1952 dici
460 1911 619 1951 solent?
669 1907 738 1963 qui
767 1908 916 1962 partim
947 1906 1115 1948 omnino
1149 1912 1284 1947 motus
1315 1910 1467 1960 negant
1495 1906 1538 1945 in
1568 1904 1718 1946 animis
1749 1905 1854 1947 ullos
1888 1918 1979 1946 esse

228 1977 406 2023 debere,
439 1971 594 2028 quique
625 1985 697 2012 eos
727 1970 769 2011 in
799 1970 982 2011 iudicum
1014 1968 1219 2010 mentibus
1250 1970 1479 2015 concitent,
1512 1967 1645 2008 scelus
1677 1981 1749 2009 eos
1780 1966 1985 2009 nefarium

226 2036 386 2086 facere;
417 2036 588 2088 partim,
623 2035 693 2090 qui
723 2033 1026 2074 tolerabiliores
1056 2034 1201 2073 volunt
1232 2045 1322 2073 esse
1353 2037 1394 2072 et
1425 2033 1475 2071 ad
1508 2030 1726 2072 veritatem
1756 2030 1865 2072 vitae
1887 2044 1985 2083 pro-

227 2101 319 2155 pius
350 2100 573 2146 accedere,
619 2097 927 2152 permediocres
958 2108 1006 2136 ac
1034 2095 1171 2150 potius
1202 2096 1315 2136 leves
1345 2099 1482 2135 motus
1513 2092 1670 2134 debere
1702 2106 1792 2134 esse
1825 2092 1980 2134 dicunt.

178 2170 214 2196 ³0
229 2165 325 2203 221.
371 2163 523 2203 Orator
563 2166 700 2201 autem
741 2160 877 2200 omnia
906 2161 1031 2207 haec,
1075 2171 1181 2213 quae
1211 2162 1407 2211 putantur
1437 2157 1478 2197 in
1510 2155 1719 2197 communi
1748 2157 1857 2197 vitae
1887 2168 1986 2197 con-

227 2223 443 2266 suetudine
474 2222 581 2264 mala
610 2236 655 2264 ac
686 2223 860 2264 molesta
891 2226 931 2262 et
958 2220 1173 2275 fugienda,
1206 2222 1335 2261 multo
1365 2218 1524 2260 maiora
1545 2224 1586 2259 et
1606 2217 1825 2260 acerbiora
1846 2216 1984 2261 verbis

226 2287 325 2329 facit
342 2303 352 2337 ;
384 2289 566 2340 itemque
585 2300 633 2327 ea
649 2317 659 2333 ‚
691 2299 795 2340 quae
814 2285 938 2338 vulgo
956 2282 1184 2338 expetenda
1205 2288 1328 2338 atque
1346 2282 1542 2335 optabilia
1562 2281 1776 2331 videntur,
1809 2281 1984 2323 dicendo

228 2348 448 2405 amplificat
475 2355 598 2404 atque
630 2353 774 2396 ornat,
808 2360 941 2402 neque
961 2346 1048 2388 vult
1067 2348 1122 2387 ita
1144 2345 1307 2399 sapiens
1329 2347 1435 2386 inter
1456 2346 1601 2386 stultos
1623 2344 1782 2394 videri,
1814 2344 1890 2394 uti,
1914 2344 1985 2400 qui

228 2413 416 2459 audiant,
449 2416 519 2452 aut
548 2410 663 2451 illum
695 2411 877 2463 ineptum
910 2415 950 2450 et
981 2409 1226 2451 Graeculum
1258 2413 1407 2464 putent
1436 2413 1529 2457 aut,
1564 2409 1723 2449 etiamsi
1747 2407 1865 2449 valde
1886 2420 1986 2462 pro-

178 2483 215 2510 85
229 2478 329 2516 bent
358 2474 590 2529 ingenium,
636 2475 811 2514 oratoris
842 2473 1085 2528 sapientiam
1115 2471 1393 2518 admirentur,
1437 2485 1480 2512 se
1513 2484 1603 2512 esse
1633 2470 1779 2512 stultos
1810 2469 1983 2511 moleste

227 2539 383 2586 ferant;
433 2539 528 2577 222.
562 2538 634 2578 sed
664 2536 721 2577 ita
750 2541 943 2591 peragrat
973 2549 1049 2590 per
1079 2536 1261 2581 animos,
1300 2533 1354 2575 ita
1385 2547 1528 2575 sensus
1558 2533 1774 2574 hominum
1805 2537 1983 2574 mentes-

228 2615 308 2655 que
354 2604 593 2655 pertractat,
645 2604 690 2639 ut
733 2612 817 2638 non
862 2597 1071 2638 desideret
1115 2596 1459 2652 philosophorum
1506 2594 1803 2650 descriptiones
1844 2608 1980 2650 neque
2024 2589 2030 2599 “

229 2662 418 2718 exquirat
449 2663 660 2709 oratione,
694 2674 899 2701 summum
930 2659 1030 2701 illud
1060 2662 1217 2701 bonum
1247 2661 1289 2700 in
1319 2660 1512 2700 animone
1542 2657 1594 2699 sit
1623 2672 1675 2698 an
1704 2657 1747 2698 in
1776 2671 1980 2713 corpore,

227 2727 378 2767 virtute
409 2739 460 2766 an
490 2724 699 2778 voluptate
730 2722 967 2773 definiatur3
1015 2737 1066 2763 an
1097 2725 1198 2764 haec
1228 2724 1334 2763 inter
1364 2735 1407 2763 se
1437 2722 1553 2776 iungi
1584 2720 1856 2777 copularique
1887 2733 1983 2776 pos-

180 2788 327 2839 40Sint;
373 2802 425 2829 an
454 2801 580 2836 vero,
618 2792 664 2827 ut
693 2787 940 2842 quibusdam
971 2786 1103 2827 visum
1135 2790 1216 2834 est,
1258 2784 1363 2827 nihil
1392 2791 1549 2826 certum
1580 2785 1697 2832 sciri,
1729 2783 1831 2826 nihil
1860 2785 1981 2839 plane

321 2952 354 2982 1.
382 2952 536 2992 fatentur
571 2950 623 2988 B,
664 2949 902 2990 profiteantur
927 2949 969 2980 R.
1009 2964 1047 2971 —
1091 2948 1122 2980 3.
1153 2946 1247 2980 debet
1272 2948 1314 2979 R.
1356 2964 1393 2970 —-
1438 2947 1471 2979 5.
1498 2948 1648 2979 veritate
1672 2948 1714 2980 R.
1755 2964 1792 2969 -
1839 2943 1978 2987 vidisse]

230 2997 365 3029 audisse
390 2999 434 3030 R.
465 3015 502 3020 —-
530 2997 562 3029 6.
589 2998 847 3038 percucurrisse
876 2996 983 3028 Codd.
1014 2996 1058 3028 al.
1078 3004 1086 3026 ι
1110 2996 1323 3035 percurrisse
1347 2994 1452 3026 BRE.
1482 3011 1518 3018 —
1548 2995 1581 3025 8.
1612 3004 1653 3026 ac
1678 2996 1843 3033 hospitem
1867 2995 1909 3026 R.
1940 3007 1978 3016 -—

231 3044 286 3074 11.
314 3045 381 3074 ista
408 3045 473 3076 Gu.
503 3045 536 3075 1.
566 3049 598 3076 et
626 3044 772 3076 Ernestii
801 3052 947 3083 operae.
977 3059 1016 3065 —-
1062 3042 1117 3074 13.
1151 3051 1224 3073 cum
1249 3043 1285 3072 in
1311 3049 1348 3073 eo
1374 3042 1416 3073 R.
1446 3058 1489 3063 -
1531 3041 1586 3073 14.
1615 3043 1675 3082 qui
1700 3043 1853 3074 omnium
1877 3044 1982 3072 natu-

230 3098 308 3121 ram
331 3099 506 3132 moresque
531 3091 670 3123 Bakius.
699 3107 740 3111 —-
782 3090 838 3121 20.
874 3092 914 3121 de
950 3089 1105 3120 moribus
1130 3085 1319 3128 hominum]
1356 3089 1398 3119 de
1423 3088 1573 3120 motibus
1598 3090 1796 3120 animorum
1820 3088 1980 3119 Ernestio

231 3142 372 3168 auctore
398 3138 589 3169 Scbmzius.
622 3153 657 3159 —-
687 3137 743 3168 27.
772 3135 906 3178 quique]
935 3138 993 3177 qui
1017 3146 1092 3168 cum
1119 3135 1195 3166 BR.
1218 3152 1256 3157 —-
1286 3137 1458 3167 concitent
1483 3135 1655 3168 mentibus
1680 3136 1722 3168 R.
1750 3151 1793 3158 -
1818 3134 1874 3165 32.
1900 3134 1981 3165 item

230 3183 272 3216 R.
303 3200 340 3205 —
385 3183 440 3215 34.
481 3190 542 3215 aut
581 3183 789 3216 Graeculum
827 3184 901 3215 libri
944 3188 977 3216 et
1001 3184 1043 3214 R.
1085 3182 1239 3214 Correxit
1264 3182 1441 3214 Pearcius.
1470 3200 1508 3206 -—-
1550 3184 1606 3215 35.
1635 3182 1846 3223 sapientium
1872 3180 1982 3212 animi

232 3230 449 3261 admirentur
474 3230 515 3260 R.
547 3248 579 3253 —
612 3231 668 3262 36.
696 3232 829 3262 animos
846 3254 856 3267 ,
896 3231 948 3262 ica
973 3238 1092 3261 sensus
1117 3229 1291 3260 hominum
1318 3229 1377 3270 Lg.
1409 3237 1527 3262 omnes
1545 3252 1553 3266 ‚
1583 3229 1649 3262 Gu.
1677 3231 1710 3261 2.
1729 3253 1737 3269 ,
1766 3229 1815 3259 B:
1845 3229 1981 3258 animos

231 3277 431 3314 hominum,
459 3277 511 3306 ita
535 3285 651 3308 sensus
677 3278 781 3309 RET.
806 3294 845 3300 —
876 3276 932 3308 38.
962 3278 1152 3309 orationem
1179 3276 1217 3307 B.
1240 3292 1279 3297 —
1306 3275 1363 3309 40.
1388 3278 1499 3308 visum
1526 3281 1573 3309 est
1594 3277 1704 3309 Codd.
1732 3275 1776 3308 al.
1798 3273 1977 3314 Ellendtii,

231 3323 274 3355 R.
303 3323 446 3355 Lamb.:
473 3324 585 3354 visum
609 3324 681 3355 BE.
732 3325 873 3358 Scilicet
899 3324 1020 3357 Cicero
1045 3326 1231 3363 scripserat
1255 3324 1411 3355 visumst.
