2117 3762
734 271 831 310 LlB.
865 270 897 310 Ι.
961 269 1007 310 C.
1040 272 1107 312 40.
1141 272 1209 311 41.
1245 270 1309 312 ⁴22.
1824 277 1901 319 205

150 387 312 420 nuone,
344 388 407 419 an.
441 374 511 416 ubi
533 374 703 416 lustrum
735 374 786 415 sit
806 377 1038 422 conditum,
1073 377 1178 417 liber
1198 376 1275 417 sit?
1307 375 1440 425 Quid,
1473 377 1584 431 quod
1608 391 1682 417 usu
1705 381 1903 422 memoria

149 443 310 492 patrum
343 439 472 483 venit,
514 444 558 479 ut
588 436 907 490 paterfamilias,
951 440 1018 492 qui
1051 453 1102 480 ex
1135 439 1331 494 Hispania
1363 442 1536 480 Romam
1568 439 1768 487 venisset,
1811 456 1902 482 cum

149 513 323 540 uxorem
356 506 652 555 praegnantem
682 498 722 539 in
754 501 966 554 provincia
997 501 1230 555 reliquisset
1260 505 1497 556 Romaeque
1527 500 1696 542 alteram
1720 504 1904 544 duxisset

147 574 281 616 neque
312 564 498 605 nuntium
529 561 658 617 priori
691 562 915 603 remisisset
948 570 1218 617 mortuusque
1239 570 1346 604 esset
1373 565 1564 605 intestato
1595 570 1634 605 et
1656 579 1706 605 ex
1727 571 1901 620 utraque

147 621 254 665 filius
293 632 410 666 natus
450 630 578 666 esset:
630 623 905 666 mediocrisne
937 640 1000 665 res
1032 625 1072 666 in
1104 627 1429 667 controversiam
1460 628 1636 668 adducta
1670 630 1757 668 est?
1807 640 1932 668 cums

148 694 418 740 quaereretur
448 689 499 728 de
529 688 692 727 duobus
725 686 874 728 civium
906 686 1106 743 capitibus
1137 694 1177 728 et
1209 687 1258 729 de
1290 702 1446 741 puero,
1486 689 1557 744 qui
1589 704 1640 731 ex
1670 691 1902 745 posteriore

147 755 265 789 natus
305 755 416 798 erat,
465 755 504 790 et
544 750 594 789 de
634 750 722 789 eius
762 756 910 800 matre;
962 765 1089 805 quae,
1139 751 1173 790 si
1212 751 1466 792 iudicaretur
1502 752 1625 793 certis
1657 751 1903 806 quibusdam

146 811 306 860 verbis,
340 826 423 852 non
454 812 574 852 novis
608 813 758 866 nuptiis
791 812 879 853 lieri
912 828 1004 854 cum
1037 814 1252 868 superiore
1284 811 1531 863 divortium,
1573 817 1612 856 in
1645 816 1903 857 concubinae

146 875 282 916 locum
314 873 550 916 duceretur.
622 876 714 915 184.
748 876 858 916 Ilaec
889 875 1014 929 igitur
1045 882 1084 916 et
1114 876 1265 917 horum
1296 876 1445 917 similia
1476 877 1566 918 iura
1597 891 1694 919 suae
1725 878 1900 919 civitatis

145 936 401 991 ignorantem
433 942 616 977 erectum
649 942 689 977 et
719 938 899 985 celsum,
951 937 1077 978 alacri
1117 945 1156 979 et
1186 945 1379 994 prompto
1410 953 1483 981 ore
1515 946 1638 995 atque
1668 940 1789 982 vultu
1820 941 1901 982 huc
1915 953 1952 979 ιο

145 1005 267 1053 atque
297 999 393 1040 illuc
424 998 652 1039 intuentem
683 999 822 1051 vagari
854 1013 946 1040 cum
980 1014 1130 1053 magna
1160 1006 1324 1041 caterva
1356 1007 1443 1042 toto
1482 1000 1598 1050 sore,
1650 1005 1901 1059 praesidium

144 1061 362 1103 clientibus
397 1067 520 1116 atque
558 1074 680 1114 opem
723 1061 866 1102 amicis
903 1068 944 1103 et
972 1075 1104 1117 prope
1136 1064 1293 1104 eunctis
1324 1063 1483 1105 civibus
1513 1064 1648 1106 lucem
1679 1067 1833 1122 ingenii
1863 1072 1905 1108 et

143 1125 306 1164 consilii
352 1125 413 1166 sui
459 1125 743 1179 porrigentem
789 1131 912 1180 atque
956 1124 1193 1166 tendentem
1234 1140 1372 1167 nonne
1413 1128 1614 1183 imprimis
1653 1127 1904 1184 flagitiosum

141 1185 370 1241 putandum
401 1190 490 1239 est?

253 1250 361 1290 XLI.
413 1198 538 1290 185).
568 1251 620 1290 Et
668 1249 864 1303 quoniam
910 1250 961 1290 de
1010 1249 1265 1305 impudentia
1317 1250 1432 1300 dixi,
1485 1253 1734 1307 castigemus
1779 1255 1903 1296 etiam
1916 1265 1952 1292 15

142 1311 358 1367 segnitiem
403 1311 616 1353 hominum
661 1319 784 1367 atque
829 1313 1031 1353 inertiam.
1095 1314 1195 1353 Nam
1241 1314 1274 1353 si
1317 1319 1426 1355 esset
1464 1315 1540 1355 ista
1580 1317 1759 1370 cognitio
1801 1318 1902 1360 iuris

141 1388 288 1429 magna
325 1380 448 1429 atque
493 1374 695 1423 difficilis,
748 1381 883 1415 tamen
923 1373 1109 1415 utilitatis
1148 1375 1387 1429 magnitudo
1430 1375 1600 1419 deberet
1629 1379 1821 1420 homines
1851 1380 1904 1422 ad

141 1438 449 1492 suscipiendum
481 1437 667 1478 discendi
697 1435 882 1477 laborem
913 1436 1144 1492 impellere.
1208 1437 1319 1486 Sed,
1353 1453 1376 1479 o
1410 1437 1466 1480 dii
1498 1440 1773 1482 immortales!
1818 1457 1902 1483 non

141 1498 323 1540 dicerem
354 1501 461 1548 hoc,
517 1499 709 1540 audiente
742 1501 966 1548 Scaevola,
1017 1499 1098 1540 nisi
1139 1502 1227 1554 ipse
1269 1500 1408 1542 dicere
1439 1502 1593 1544 soleret
1622 1505 1774 1546 nullius
1804 1507 1902 1547 artis

140 1559 371 1603 faciliorem
402 1563 482 1603 sibi
513 1562 794 1616 cognitionem
826 1562 974 1604 videri.
1039 1564 1131 1604 186.
1174 1564 1297 1612 Quod
1337 1563 1505 1618 quidem
1536 1567 1656 1607 certis
1688 1569 1739 1608 de
1769 1569 1901 1609 causis
1915 1578 1950 1604 20

141 1638 165 1665 a
194 1625 405 1678 plerisque
437 1624 554 1666 aliter
584 1626 861 1674 existimatum
896 1624 1097 1680 primum,
1130 1626 1224 1679 quia
1256 1632 1417 1667 veteres
1447 1626 1527 1675 illi,
1560 1627 1630 1682 qui
1652 1629 1748 1671 huic
1768 1630 1902 1672 seien-

141 1688 221 1727 tiae
252 1688 547 1740 praefuerunt,
595 1689 846 1728 obtinendae
886 1694 1008 1743 atque
1039 1689 1252 1741 augendae
1284 1690 1493 1741 potentiae
1524 1703 1622 1731 suae
1655 1704 1776 1733 causa
1806 1707 1901 1746 per-

139 1750 298 1803 vulgari
329 1756 459 1791 artem
481 1764 594 1791 suam
618 1752 865 1799 noluerunt3
899 1749 1076 1798 deinde,
1109 1756 1378 1804 posteaquam
1400 1757 1461 1792 est
1489 1752 1666 1801 editum,
1698 1755 1899 1808 expositis

141 1824 165 1851 a
195 1813 266 1852 Cn.
298 1811 438 1852 Flavio
464 1814 642 1866 primum
665 1812 897 1853 actionibus
914 1844 924 1860 ‚
955 1812 1057 1853 nulli
1078 1810 1245 1853 fuerunt
1262 1844 1272 1862 ‚
1306 1815 1375 1868 qui
1405 1815 1476 1854 illa
1497 1813 1718 1857 artificiose
1740 1818 1899 1872 digesta

139 1874 368 1928 generatim
400 1883 711 1930 componerent.
771 1875 883 1916 Nihil
923 1880 984 1915 est
1023 1874 1152 1923 enim,
1196 1877 1308 1930 quod
1346 1877 1397 1916 ad
1428 1881 1558 1917 artem
1589 1879 1720 1932 redigi
1749 1881 1893 1934 possit,
1909 1889 1946 1917 25

138 1938 219 1978 nisi
263 1937 331 1979 ille
361 1939 500 1992 prius,
547 1939 618 1994 qui
659 1938 729 1979 illa
768 1943 905 1986 tenet,
953 1951 1130 1991 quorum
1169 1944 1298 1978 artem
1339 1939 1554 1980 instituere
1592 1939 1700 1988 vult,
1745 1942 1898 1984 habeat

137 1999 251 2040 illam
282 2001 520 2049 scientiam,
553 2007 597 2042 ut
627 2014 679 2042 ex
706 2000 757 2041 iis
787 1998 934 2048 rebus,
969 2014 1145 2054 quarum
1176 2014 1242 2041 ars
1263 2003 1447 2042 nondum
1469 2002 1543 2050 sit,
1576 2007 1707 2043 artem
1729 2002 1895 2046 efficere

137 2064 281 2116 possit.
342 2066 435 2105 187.
479 2065 570 2104 Hoc
600 2063 748 2112 video,
790 2064 887 2104 dum
917 2062 1103 2103 breviter
1140 2062 1347 2105 voluerim
1386 2066 1543 2111 dicere,
1590 2066 1745 2108 dictum
1778 2080 1802 2108 a
1831 2081 1897 2110 me

139 2139 230 2168 esse
274 2126 412 2183 paullo
460 2125 701 2176 obscurius3
754 2127 826 2166 sed
873 2124 1065 2180 experiar
1114 2131 1154 2167 et
1205 2125 1362 2175 dicam,
1415 2127 1450 2168 si
1493 2133 1667 2181 potero,
1721 2130 1896 2185 planius.

136 2189 267 2230 XLII.
301 2190 449 2230 Omnia
477 2188 588 2237 fere,
637 2202 742 2243 quae
773 2193 867 2230 sunt
896 2187 1090 2229 conclusa
1119 2202 1228 2230 nunc
1258 2191 1443 2239 artibus,
1492 2190 1678 2248 dispersa
1708 2198 1750 2233 et
1779 2193 1897 2235 dissi·
1911 2202 1946 2228 ³0

138 2256 234 2305 pata
276 2250 486 2307 quondam
526 2252 710 2302 fuerunt;
755 2257 801 2292 ut
843 2250 887 2292 in
928 2251 1094 2292 musicis
1133 2254 1297 2293 numeri
1344 2258 1384 2294 et
1423 2267 1547 2295 voces
1593 2261 1634 2296 et
1671 2256 1809 2306 modi;
1854 2255 1898 2297 in

140 2315 367 2368 geometria
395 2315 666 2362 lineamenta,
708 2313 892 2363 formae,
936 2314 1173 2362 intervalla,
1216 2315 1551 2370 magnitudines3
1600 2318 1642 2358 in
1672 2318 1899 2374 astrologia

138 2375 243 2417 caeli
274 2377 516 2426 conversio,
565 2383 709 2426 ortus,
744 2377 881 2419 obitus
911 2383 1133 2432 motusque
1164 2379 1344 2420 siderum
1362 2393 1373 2429 ;
1418 2380 1460 2420 in
1492 2383 1766 2434 grammaticis
1797 2386 1899 2435 poe-

137 2443 272 2480 tarum
302 2442 590 2495 pertractatio,
636 2440 903 2481 historiarum
934 2441 1143 2494 cognitio,
1185 2443 1410 2483 verborum
1441 2443 1757 2497 interpretatio,
1800 2457 1899 2496 pro-

137 2501 354 2543 nuntiandi
385 2504 551 2558 quidam
582 2516 733 2553 sonus;
766 2504 807 2544 in
837 2504 916 2544 hae
946 2504 1125 2558 denique
1156 2502 1246 2557 ipsa
1276 2506 1436 2546 ratione
1457 2505 1621 2547 dicendi
1642 2508 1893 2560 excogitare,
1910 2513 1945 2541 ³⁵

139 2578 313 2614 ornare,
347 2566 569 2619 disponere
584 2597 594 2615 ,
628 2566 867 2607 meminisse
886 2597 897 2615 ,
931 2580 1055 2621 agere
1087 2568 1227 2621 ignota
1247 2571 1455 2624 quondam
1477 2569 1669 2611 omnibus
1691 2574 1730 2610 et
1750 2567 1896 2609 diffusa

137 2625 218 2668 late
249 2626 508 2669 videbantur.
573 2629 665 2669 188.
708 2629 903 2669 Adhibita
944 2634 1006 2670 est
1045 2630 1171 2684 igitur
1208 2644 1274 2672 ars
1314 2634 1516 2687 quaedam
1559 2633 1812 2673 extrinsecus
1843 2645 1896 2671 ex

139 2688 219 2730 aiio
251 2704 400 2744 genere
431 2690 634 2747 quodam,
682 2692 795 2745 quod
825 2690 903 2732 sibi
935 2697 1066 2733 totum
1096 2691 1335 2747 philosophi
1374 2700 1616 2743 assumunt,
1663 2706 1767 2749 quae
1806 2705 1896 2733 rem

139 2752 381 2794 dissolutam
420 2755 705 2808 divulsamque
744 2753 1045 2807 conglutinaret
1082 2760 1122 2796 et
1158 2757 1320 2797 ratione
1360 2759 1537 2811 quadam
1578 2756 1892 2808 constringeret.

140 2813 200 2855 Sit
231 2828 330 2870 ergo
362 2815 404 2857 in
435 2817 524 2858 iure
557 2816 667 2857 civili
697 2814 790 2858 finis
819 2815 907 2865 hic,
952 2816 1162 2871 legitimae
1199 2825 1322 2874 atque
1361 2821 1534 2861 usitatae
1572 2820 1614 2860 in
1645 2817 1768 2859 rebus
1800 2830 1897 2859 cau·
1913 2831 1950 2858 4ο

231 2937 264 2968 1.
292 2936 441 2969 lustrum
474 2939 519 2969 sit
551 2937 661 2971 Codd.
689 2938 759 2971 aL:
800 2938 948 2970 lustrum
973 2939 1056 2978 (om.
1083 2936 1143 2977 sit)
1169 2939 1210 2971 E.
1247 2957 1291 2962 —
1332 2940 1366 2972 4.
1393 2944 1550 2972 mortuus
1574 2942 1657 2971 esset
1683 2939 1823 2972 Bakius.
1853 2956 1892 2963 —

139 2982 174 3016 5.
201 2992 342 3023 cumque
368 2984 410 3016 R.
440 3001 476 3007 —
517 2983 550 3016 6.
573 2987 678 3025 pueri
704 2986 741 3016 B.
773 3002 810 3009 —
855 2986 912 3017 10.
941 2990 1045 3025 atque
1068 2986 1168 3016 vultu
1195 2986 1306 3019 Codd.
1333 2988 1403 3019 ah:
1432 2996 1473 3018 ac
1498 2987 1593 3017 vultu
1618 2986 1721 3018 BRE.
1750 3002 1791 3009 -—
1835 2986 1894 3018 11.

138 3030 228 3062 illud
255 3031 294 3061 Β.
322 3046 361 3052 -
403 3040 478 3062 cum
500 3040 630 3074 maqna
656 3032 682 3064 B
709 3033 837 3072 aliique
854 3055 862 3070 ‚
889 3033 940 3064 R:
983 3041 1112 3073 mayna
1138 3041 1215 3064 cum
1243 3035 1282 3065 E.
1322 3051 1359 3057 —
1403 3034 1459 3064 13.
1488 3032 1549 3065 Vv.
1577 3037 1680 3074 atque
1704 3034 1895 3065 tendentem

138 3077 283 3110 seclusit
307 3077 456 3110 Ellendt.
494 3094 537 3099 —
579 3079 635 3111 16.
668 3082 875 3120 seqnitaeem
903 3089 942 3112 ex
969 3078 1082 3110 Nonio
1110 3078 1189 3110 174.
1219 3081 1277 3112 20.
1306 3080 1346 3111 T.
1398 3079 1554 3118 Vereor,
1598 3088 1640 3112 ne
1667 3082 1712 3113 sit
1736 3081 1779 3112 ab
1805 3081 1894 3112 nnti-

140 3127 274 3165 quario.
304 3124 368 3156 011.
396 3141 435 3146 -
462 3124 514 3155 17.
547 3128 649 3167 atque
675 3125 784 3158 Codd.
811 3127 877 3158 al.:
906 3135 947 3158 ac
974 3126 1073 3157 BRE.
1103 3141 1143 3148 —
1169 3127 1411 3168 maynitudine
1436 3127 1477 3158 R.
1502 3143 1538 3148 —
1566 3125 1625 3158 24.
1651 3127 1762 3159 Fabio
1789 3127 1830 3159 R.
1853 3143 1890 3151 —

139 3171 195 3203 26.
223 3171 323 3204 habet
348 3171 442 3203 Libri
479 3174 552 3203 noti
589 3180 730 3211 omnes,
776 3175 878 3205 etiam
906 3173 931 3204 B
959 3178 992 3204 et
1019 3173 1074 3209 R,
1118 3177 1326 3211 ceteraeque
1366 3173 1454 3205 Edd.
1492 3177 1572 3204 ante
1609 3172 1891 3212 Cratandrinnm,

141 3221 243 3251 etiarn
270 3218 394 3250 Aldina
423 3222 456 3251 et
480 3218 692 3251 Ascensiana
720 3228 815 3251 sec.:
855 3220 981 3251 habeat
1007 3227 1084 3251 cum
1111 3218 1301 3252 Cratandro
1329 3219 1400 3250 ET.
1442 3236 1478 3242 —
1519 3219 1578 3250 27.
1605 3220 1656 3252 his
1680 3220 1721 3253 R.
1749 3238 1790 3244 —
1832 3219 1890 3252 31.

141 3268 171 3296 et
195 3266 331 3297 numeri
357 3265 426 3296 BR.
454 3281 497 3286 —
538 3265 594 3296 36.
622 3264 760 3306 iynoca]
789 3266 929 3307 infinita
956 3265 1105 3297 malebat
1131 3265 1313 3298 Schutzius
1341 3268 1373 3296 in
1403 3266 1466 3298 Ed.
1494 3268 1573 3298 mai.
1603 3267 1703 3306 prob.
1729 3267 1889 3307 Madvig:

139 3313 318 3344 incondita
343 3313 449 3345 altera
475 3311 626 3345 Schiuzii
651 3314 826 3352 suspicio,
851 3315 1020 3354 iqnorata
1046 3312 1188 3346 Bakius.
1209 3328 1251 3338 —
1277 3317 1339 3346 αιιί
1364 3311 1493 3355 diffusa
1517 3312 1622 3347 idem.
1644 3329 1687 3338 -
1711 3313 1770 3346 38.
1789 3322 1892 3356 quam

139 3358 205 3392 sibi
229 3363 339 3391 totam
364 3358 503 3392 nah-ius.
