2117 3762
690 241 789 282 LIB.
823 240 894 280 111.
957 240 998 281 C.
1034 240 1097 280 13.
1132 240 1193 281 14.
1231 242 1291 281 15.
1808 242 1859 283 43

115 346 155 390 in
186 352 277 388 octo
311 346 408 388 alias
437 345 700 390 distributae,
733 348 877 386 harum
910 351 1004 386 octo
1035 349 1210 401 partium
1244 359 1346 402 quae
1378 347 1575 399 cuiusque
1599 345 1745 387 idonea
1768 360 1859 400 pro-

114 409 314 451 nuntiatio
337 411 407 455 sit,
443 410 806 449 demonstrantium
841 408 1012 449 ridetur.
1078 411 1182 449 XIV.
1219 412 1365 450 Sermo
1387 422 1477 449 cum
1500 408 1620 448 estin
1649 408 1859 459 dignitate,

113 471 245 527 plenis
291 471 476 512 saucibus
522 484 645 525 quam
684 469 936 511 sedulissima
983 478 1021 512 et
1063 471 1350 525 depressisima
1392 483 1492 511 voce
1522 472 1579 511 uti
1614 470 1859 518 conveniet;

114 536 168 576 ita
214 541 375 580 tamen,
425 539 470 574 ut
509 546 559 573 ne
599 531 650 572 ab
694 533 871 573 oratoria
918 534 1214 575 consuetudim·
1256 537 1303 574 ad
1353 535 1548 587 tragicam
1594 539 1858 573 transeamus.

115 598 216 638 Cum
246 602 380 637 autem
420 601 480 635 est
518 594 560 635 in
597 593 944 636 demonstratione
967 628 976 643 ‚
1028 610 1129 637 voce
1161 595 1385 650 paullulum
1419 601 1624 636 attenuata
1645 626 1654 641 ,
1708 596 1892 635 crebriss

112 658 337 701 intervallis
371 663 411 698 et
442 656 713 698 divisionibus
743 657 802 698 uti
834 657 1072 713 oportebit,
1124 664 1164 698 ut
1198 658 1282 712 ipsa
1315 659 1650 712 pronuntiatione
1682 670 1749 697 eas
1781 671 1860 703 res,

114 735 215 776 quas
254 717 654 766 demonstrabimus,
706 719 887 761 inserere
931 728 1052 776 atque
1092 722 1340 761 intersecare
1386 723 1598 761 videamur
1638 720 1677 759 in
1718 718 1864 759 animis

113 783 363 825 auditorum.
425 782 525 822 Cum
558 787 692 822 autem
725 796 861 822 sermo
894 784 933 823 in
964 783 1197 824 narratione
1229 788 1315 829 est,
1350 788 1434 823 tum
1466 796 1614 823 vocum
1645 783 1864 822 varietates

114 859 216 898 opus
246 852 362 891 sunt,
409 849 475 890 ut,
523 857 603 898 quo
651 843 832 899 quidque
878 851 995 899 pacto
1034 850 1193 898 gestum
1239 844 1318 891 sit,
1367 844 1421 885 ita
1461 846 1617 885 narrari
1659 844 1862 884 videatur.

114 909 287 947 Strenue
318 904 427 959 quod
460 904 647 946 volumus
677 909 896 947 ostendere
927 908 1107 953 sactum,
1141 906 1405 947 celeriusculc
1437 909 1644 955 diccmus;
1685 912 1726 947 at
1755 905 1864 946 aliud
1879 916 1913 942 10

113 968 274 1017 otiose,
321 969 638 1008 retardabimus.
715 968 875 1009 Deinde
905 968 1030 1010 modo
1060 968 1233 1016 acriter,
1283 975 1366 1009 tum
1397 970 1644 1017 clementer,
1692 973 1863 1016 maeste,

112 1031 242 1072 hilare
274 1032 315 1071 in
345 1043 490 1071 omnes
520 1036 658 1083 partes
697 1031 1039 1071 commutabimus
1086 1038 1128 1072 ut
1168 1029 1320 1078 verba,
1369 1031 1423 1071 ita
1467 1031 1862 1083 pronuntiationem.

114 1094 155 1134 Si
188 1107 268 1148 qua
297 1091 517 1134 inciderint
545 1092 587 1133 in
618 1094 894 1133 narrationem
926 1093 1058 1140 dicta,
1108 1100 1247 1146 rogata
1268 1124 1277 1139 ,
1324 1106 1520 1147 responsa
1541 1124 1550 1140 ‚
1598 1093 1630 1133 si
1662 1106 1765 1147 quae
1796 1094 1868 1133 ad-

110 1156 375 1203 mirationes,
424 1157 473 1196 de
506 1154 654 1209 quibus
684 1169 760 1196 nos
790 1155 1076 1202 narrabimus,
1123 1155 1341 1208 diligenter
1371 1154 1552 1195 animum
1584 1157 1862 1203 advertemus,

110 1224 157 1260 ut
185 1219 370 1259 omnium
401 1230 671 1269 personarum
703 1231 846 1258 sensus
877 1224 999 1271 atque
1024 1219 1183 1258 animos
1205 1231 1309 1258 voce
1331 1219 1623 1271 exprimamus.
1684 1220 1751 1258 25.
1787 1216 1859 1258 Sin
1879 1232 1909 1257 ιε

113 1281 192 1322 erit
222 1293 360 1321 sermo
391 1281 432 1319 in
463 1279 690 1327 iocatione,
735 1279 883 1320 leniter
913 1279 1184 1320 tremebunda
1214 1292 1316 1320 voce
1337 1311 1346 1327 ‚
1381 1293 1472 1320 cum
1504 1293 1630 1334 parva
1660 1279 1863 1333 significa-

111 1344 225 1384 tione
255 1343 362 1382 risus
382 1373 392 1390 ‚
442 1343 529 1382 sine
560 1341 642 1382 ulla
672 1342 904 1397 suspicione
936 1341 1085 1382 mimae
1116 1341 1442 1382 cachinnationis
1472 1341 1617 1382 leviter
1658 1340 1867 1396 oportebit

112 1419 135 1446 a
165 1417 357 1446 sermone
387 1405 498 1445 serio
529 1410 727 1458 torquere
757 1406 807 1444 ad
839 1404 1053 1444 liberalem
1090 1405 1224 1445 iocum
1257 1417 1419 1445 vocem.
1482 1405 1583 1444 Cum
1613 1410 1747 1445 autem
1771 1418 1867 1443 con-

112 1466 281 1508 tendere
311 1466 550 1521 oportebit,
603 1466 798 1520 quoniam
843 1466 884 1507 id
927 1473 996 1507 aut
1033 1480 1109 1519 per
1149 1465 1496 1507 continuationem
1531 1472 1600 1506 aut
1628 1479 1703 1521 per
1733 1466 1868 1506 distri-

112 1528 325 1571 butionem
370 1527 602 1569 faciendum
648 1535 733 1576 est,
782 1531 823 1570 in
864 1529 1197 1577 continuatione,
1251 1530 1424 1569 adaucto
1465 1528 1730 1570 mediocriter
1767 1540 1918 1569 sonoao

112 1594 250 1639 vocis,
300 1590 437 1632 verbis
469 1591 757 1632 continuandis
788 1605 933 1632 vocem
965 1605 1130 1646 quoque
1163 1593 1334 1645 iungere
1366 1590 1574 1646 oportebit
1605 1597 1645 1632 et
1673 1597 1869 1644 torquere

114 1667 260 1696 sonum
307 1658 346 1694 et
391 1652 583 1694 celeriter
627 1666 719 1694 cum
766 1653 945 1695 clamore
990 1656 1117 1694 verba
1161 1653 1394 1700 conticere,
1444 1659 1487 1693 ut
1527 1653 1609 1694 vim
1639 1654 1868 1693 volubilem

114 1715 315 1758 orationis
348 1715 590 1757 vociferatio
623 1718 820 1769 consequi
863 1716 1018 1769 possit;
1064 1717 1107 1756 in
1151 1715 1440 1757 distributione
1481 1717 1531 1756 ab
1563 1716 1655 1756 imis
1684 1716 1869 1756 faucibus

114 1778 457 1820 exclamationem
504 1791 626 1832 quam
668 1778 936 1819 clarissimam
979 1778 1176 1819 adhibere
1207 1784 1401 1833 oportet3
1454 1785 1493 1820 et
1523 1784 1718 1833 quantum
1750 1778 1868 1833 spatii

69 1866 76 1870 -
113 1855 190 1896 per
220 1840 402 1893 singulas
444 1840 766 1881 exclamationes
807 1844 1129 1895 sumpserimus,
1181 1846 1337 1882 tantum
1378 1842 1418 1880 iu
1459 1842 1618 1894 singula
1658 1839 1916 1881 intervalla2s

113 1902 234 1957 spatii
265 1916 508 1943 consumere
539 1903 746 1943 iubemur.
809 1905 853 1943 In
886 1902 1298 1958 amplificationibus,
1343 1916 1434 1943 cum
1466 1902 1747 1943 cohortatione
1780 1908 1869 1942 ute-

112 1980 205 2007 mur
233 1978 336 2006 voce
367 1966 713 2013 attenuatissima,
766 1966 950 2006 clamore
981 1965 1089 2013 leni,
1138 1978 1240 2006 sono
1272 1964 1503 2018 aequabili,
1537 1964 1868 2005 commutationi-

114 2031 191 2070 bus
221 2027 377 2068 crebris
397 2059 407 2075 ,
440 2026 617 2068 maxima
649 2027 884 2076 celeritate;
932 2029 973 2068 in
1004 2028 1300 2081 conquestione
1331 2033 1495 2067 utemur
1525 2040 1627 2068 voce
1658 2029 1867 2081 depressa,

112 2090 306 2132 inclinato
337 2102 440 2131 sono
460 2121 470 2137 ,
517 2088 676 2130 crebris
706 2089 934 2131 intervallis
954 2121 964 2138 ‚
1016 2089 1149 2143 longis
1180 2089 1320 2144 spatiis
1339 2121 1349 2137 ,
1396 2090 1556 2142 magnis
1586 2088 1872 2129 commutatio-

114 2151 248 2193 nibus.
309 2153 396 2196 XV.
440 2155 501 2193 De
540 2151 670 2206 figura
709 2153 823 2194 vocis
862 2154 959 2194 satis
999 2153 1150 2193 dictum
1183 2157 1269 2193 est:
1319 2166 1427 2192 nunc
1459 2151 1509 2193 de
1541 2153 1726 2206 corporis
1758 2156 1870 2192 motu
1885 2165 1919 2190 ³0

115 2213 334 2256 dicendum
365 2215 542 2255 videtur.

225 2278 292 2317 26.
344 2278 478 2317 Motus
509 2282 570 2317 est
600 2279 788 2331 corporis
820 2282 957 2331 gestus
989 2282 1030 2318 et
1058 2279 1195 2317 vultus
1226 2278 1454 2318 moderatio
1487 2279 1717 2331 quaedam,
1767 2289 1870 2330 quae

115 2340 396 2394 pronuntianti
443 2341 636 2380 convenit
682 2347 722 2380 et
767 2341 1051 2394 probabiliora
1082 2340 1216 2380 reddit
1261 2353 1338 2387 ea,
1393 2353 1496 2393 quae
1537 2340 1866 2392 pronuntiantur.

117 2402 318 2443 Convenit
361 2402 485 2455 igitur
529 2403 570 2441 in
616 2403 730 2442 vultu
776 2404 977 2456 pudorem
1020 2408 1060 2443 et
1090 2403 1357 2442 acrimoniam
1400 2416 1518 2451 esse;
1570 2403 1611 2442 in
1650 2408 1763 2455 gestu
1795 2414 1869 2441 nec

115 2469 370 2505 venustatem
417 2465 751 2517 conspiciendam
797 2478 873 2505 nec
918 2466 1214 2518 turpitudinem
1268 2478 1387 2513 esse,
1439 2478 1490 2505 ne
1537 2471 1606 2504 aut
1649 2465 1916 2505 histrionesss

116 2532 185 2567 aut
214 2527 392 2579 operarii
424 2527 637 2567 videamur
667 2540 772 2568 esse.
833 2529 895 2568 Ad
926 2529 1091 2568 easdem
1125 2528 1248 2581 igitur
1278 2533 1416 2579 partes
1437 2558 1446 2574 ,
1498 2528 1539 2566 in
1570 2541 1670 2581 quas
1701 2540 1779 2565 vox
1810 2530 1870 2565 est

116 2589 364 2637 distributa,
416 2594 550 2629 motus
591 2602 756 2643 quoque
797 2591 984 2643 corporis
1024 2590 1128 2630 ratio
1165 2591 1327 2629 videtur
1370 2602 1460 2629 esse
1505 2589 1865 2628 accommodanda.

116 2653 218 2691 Nam
264 2652 298 2691 si
341 2651 420 2691 erit
457 2663 593 2691 sermo
639 2665 731 2691 cum
774 2653 1000 2705 dignitate,
1045 2657 1197 2692 stantes
1237 2653 1278 2691 in
1309 2652 1513 2705 vestigio,
1565 2651 1645 2690 levi
1676 2651 1868 2689 dexterae

117 2718 231 2753 motu
260 2713 374 2766 loqui
405 2714 642 2766 oportebit,
696 2712 924 2763 hilaritate,
972 2715 1166 2762 tristitia,
1214 2715 1496 2754 mediocritate
1539 2713 1672 2751 vultus
1703 2713 1752 2751 ad
1785 2724 1868 2752 ser-

117 2775 250 2815 monis
281 2776 503 2816 sententias
534 2777 869 2826 accommodata3
903 2778 963 2816 sin
996 2779 1074 2817 erit
1103 2778 1144 2817 in
1177 2776 1525 2816 demonstratione
1557 2786 1718 2821 sermo,
1753 2774 1868 2826 paul·
1882 2787 1917 2813 40

120 2836 248 2876 lulum
280 2850 429 2890 corpus
459 2851 484 2878 a
514 2839 744 2879 cervicibus
775 2839 1060 2888 demittemus3
1112 2852 1207 2879 nam
1251 2839 1330 2878 hoc
1372 2843 1433 2878 est
1476 2850 1499 2877 a
1537 2842 1681 2876 natura
1711 2837 1866 2884 datum,

210 2995 243 3025 1.
270 2994 395 3025 harum
420 3000 495 3028 octo
517 2997 675 3036 partium
701 3006 789 3038 quae
813 2996 1025 3032 PABFT.L:
1053 3004 1138 3036 quae
1159 2995 1249 3026 E.--
1275 2994 1307 3025 8.
1335 2994 1521 3025 varietates
1539 3001 1622 3031 opus
1639 2995 1717 3023 sunt
1734 2992 1782 3023 T:
1810 3001 1869 3023 va·

118 3042 262 3073 rietates
282 3047 445 3081 opossunt
464 3042 540 3082 (sic)
559 3052 611 3083 pr.
631 3043 672 3079 P,
701 3045 890 3075 varietates
910 3045 1154 3083 ponipossunt
1178 3041 1267 3072 ΑΕΒ
1296 3045 1329 3073 et
1355 3049 1439 3071 corr.
1462 3039 1508 3074 P,
1533 3040 1705 3070 varietate
1723 3048 1805 3078 opus
1821 3044 1869 3070 est

119 3088 145 3120 E
172 3092 225 3127 et,
254 3093 290 3120 ut
315 3088 469 3125 videtur,
496 3089 536 3121 B.
560 3104 596 3109 —
624 3091 679 3121 12.
708 3091 819 3121 hilare
847 3090 984 3121 PAFT:
1013 3089 1172 3120 hilariter
1198 3088 1299 3118 BRE.
1330 3103 1364 3108 -
1400 3085 1455 3116 13.
1481 3087 1724 3117 narrationem
1751 3085 1868 3116 PBRT

120 3143 199 3166 cum
226 3136 364 3174 optimis
391 3135 480 3173 apud
507 3135 695 3168 Oudend.:
739 3138 947 3168 narratione
973 3136 1069 3166 ΑΓΕ.
1095 3151 1135 3157 -
1163 3135 1217 3166 17.
1245 3130 1384 3172 mimae]
1413 3133 1540 3163 ninziae
1565 3132 1724 3164 PAFRT.
1747 3133 1866 3170 probb.

120 3182 245 3213 Graev.
274 3186 307 3214 et
334 3181 450 3217 Oud..
477 3182 636 3213 mimicae
654 3184 696 3215 de
722 3183 803 3215 Ern.
831 3185 961 3221 susptc.
984 3182 1063 3213 Sch.
1113 3181 1156 3211 Ut
1181 3188 1262 3216 nos.
1297 3178 1380 3209 Cod.
1404 3179 1538 3210 Fabric.
1566 3184 1621 3216 et,
1650 3183 1686 3210 ut
1714 3180 1867 3217 videtur,

121 3228 161 3260 B.
197 3243 238 3249 --
278 3228 398 3259 leniter
424 3227 582 3260 PBFRT.
625 3244 665 3251 —
703 3229 759 3260 23.
789 3229 1034 3261 distributione
1057 3235 1169 3259 vocem
1193 3226 1236 3256 ab
1261 3224 1418 3257 PBFRT.
1455 3241 1490 3247 —
1534 3225 1593 3256 24.
1618 3225 1870 3257 exclamatione

119 3284 221 3316 quam
247 3274 442 3306 clarissima
472 3274 628 3306 PABFT.
671 3290 705 3296 —
749 3275 806 3307 34.
833 3278 940 3308 inesse
964 3275 1009 3314 B,
1041 3274 1080 3305 L.
1109 3289 1148 3295 —
1184 3271 1241 3304 35.
1270 3272 1543 3312 conspiciendam
1565 3271 1764 3304 PABFRT:
1791 3280 1870 3304 con-

121 3323 273 3362 spicuam
297 3329 375 3354 cum
401 3321 475 3354 altis
501 3325 536 3354 et.
561 3321 680 3353 Lamb.
708 3322 746 3355 E.
