2117 3762
782 267 880 309 LIB.
914 265 965 308 ΙΙ.
1028 266 1069 308 C.
1105 268 1170 312 33.
1202 267 1268 309 32.
1822 271 1902 311 249

154 377 385 436 pollicitus,
418 379 480 418 ius
511 375 651 422 civile,
703 374 814 430 quod
845 387 952 414 nunc
985 372 1175 416 diffusum
1207 381 1247 415 et
1277 375 1515 431 dissipatum
1547 379 1674 423 esset,
1722 374 1763 416 in
1793 382 1904 418 certa

156 454 308 496 genera
348 446 583 482 coacturum
613 438 733 479 etad
765 442 895 478 artem
937 435 1097 479 facilem
1139 440 1417 481 redacturum.
1482 439 1575 480 143.
1624 440 1675 479 Et
1713 437 1902 494 quidem,

155 504 290 558 inquit
320 503 501 550 Catulus,
538 500 851 556 haudquaquam
883 501 921 540 id
954 506 1013 542 est
1044 499 1208 542 difficile
1243 503 1408 549 Crasso,
1456 501 1527 557 qui
1557 505 1617 548 et,
1662 502 1772 555 quod
1803 500 1906 542 disci

154 567 290 622 potuit
320 565 370 608 de
402 568 512 614 iure,
558 563 699 605 didicit
729 568 792 610 et,
840 564 949 618 quod
982 563 1054 609 iis,
1103 563 1173 618 qui
1206 577 1299 605 eum
1331 566 1581 612 docuerunt,
1622 562 1770 611 defuit,
1818 565 1905 617 ipse

156 629 320 680 εὔει-οῖς
360 635 426 677 ut,
461 640 564 683 quae
595 625 675 667 sint
703 624 746 666 in
776 626 887 671 iure,
919 625 984 667 vel
1016 632 1132 667 acute
1164 624 1400 667 describere
1431 629 1495 668 vel
1527 632 1670 668 ornate
1701 625 1935 667 illustrare³

154 691 299 748 possit.
358 693 468 746 Ergo
499 691 598 737 ista,
631 690 763 744 inquit
791 691 1017 738 Antonius,
1051 695 1136 731 tum
1167 703 1190 730 a
1220 691 1367 732 Crasso
1398 691 1626 738 discemus,
1657 703 1751 732 cum
1781 703 1824 731 se
1855 691 1906 731 de

156 757 278 797 turba
308 759 348 796 et
376 768 399 795 a
429 752 633 795 subselliis
664 753 706 792 in
738 752 887 799 otium,
937 757 981 793 ut
1012 753 1188 806 cogitat,
1237 752 1473 808 soliumque
1513 754 1746 794 contulerit.
1810 752 1903 793 1124.

156 819 241 859 Iam
272 818 313 858 id
343 816 508 873 quidem
538 827 685 869 saepe,
737 815 869 868 inquit
899 816 1090 862 Catulus,
1139 828 1190 855 ex
1221 829 1271 856 eo
1304 816 1470 863 audivi,
1518 829 1609 856 cum
1642 814 1798 857 diceret
1827 815 1907 856 sibi

157 886 314 922 certum
344 892 433 920 esse
462 891 485 919 a
514 877 676 919 iudiciis
708 879 922 932 causisque
953 879 1194 926 discedere;
1246 879 1341 925 sed,
1391 883 1435 917 ut
1476 877 1551 932 ipsi
1592 878 1706 920 solco
1744 876 1905 926 dicere,

155 956 240 984 non
282 939 434 983 licebit.
495 943 639 995 Neque
686 942 793 981 enim
839 940 1037 981 auxilium
1084 954 1204 982 suum
1245 953 1366 994 saepe
1408 954 1431 980 a
1467 940 1565 981 viris
1604 942 1722 982 bonis
1754 939 1956 982 frustra¹⁰

155 1003 369 1060 implorari
399 1004 575 1057 patietur
605 1016 736 1057 neque
768 1003 807 1043 id
838 1016 972 1056 aequo
1003 1003 1140 1043 animo
1172 1002 1276 1043 seret
1306 1002 1472 1051 civitas;
1525 1016 1628 1058 quae
1660 1004 1693 1043 si
1724 1015 1825 1044 voce
1856 1004 1902 1044 L.

157 1066 290 1111 Crassi
319 1068 496 1113 carebit,
528 1071 768 1107 ornamento
802 1067 981 1118 quodam
1014 1079 1105 1105 sese
1137 1066 1353 1117 spoliatam
1384 1064 1555 1119 putabit.
1618 1067 1718 1106 Nam
1750 1064 1902 1113 hercle,

153 1130 285 1186 inquit
314 1130 535 1176 Antonius,
568 1127 602 1169 si
631 1127 730 1168 haec
759 1142 857 1168 vere
889 1141 910 1168 a
943 1127 1086 1168 Catulo
1118 1126 1223 1168 dicta
1254 1132 1368 1174 sunt,
1402 1126 1475 1167 tibi
1497 1140 1656 1168 mecum
1689 1129 1729 1168 in
1759 1125 1906 1169 eodem

155 1198 217 1234 est
253 1191 445 1248 pistrino,
494 1192 654 1237 Crasse,
701 1188 946 1240 vivendum3
1001 1196 1039 1230 et
1079 1191 1196 1230 istam
1229 1191 1471 1230 oscitantem
1515 1187 1570 1243 [et
1600 1188 1903 1244 dormitantem]

155 1255 396 1310 sapientiam
430 1252 719 1294 Scaevolarum
750 1258 790 1293 et
820 1258 1056 1293 ceterorum
1087 1254 1304 1293 beatorum
1335 1253 1421 1293 otio
1453 1253 1744 1293 concedamus.
1809 1254 1955 1293 145.1s

154 1317 303 1360 Arrisit
339 1316 404 1358 hic
442 1318 609 1358 Crassus
648 1315 795 1356 leniter
833 1321 895 1363 et,
946 1317 1122 1356 Pertexe
1152 1317 1304 1364 modo,
1357 1315 1518 1369 inquit,
1565 1314 1741 1362 Antoni,
1793 1316 1904 1369 quod

156 1393 328 1422 exorsus
360 1394 419 1421 es.
480 1382 544 1420 Me
575 1385 712 1420 tamen
742 1377 820 1418 ista
850 1378 1028 1420 oscitans
1060 1377 1281 1434 sapientia,
1329 1376 1575 1433 simulatque
1605 1379 1657 1418 ad
1687 1390 1775 1418 eam
1809 1390 1904 1418 con-

154 1444 327 1498 fugero,
360 1442 400 1483 in
431 1440 662 1483 libertatem
692 1442 935 1482 vindicabit.

266 1506 458 1546 XXXIV.
511 1505 642 1545 Huius
684 1505 851 1559 quidem
889 1503 995 1552 loci,
1049 1516 1172 1557 quem
1212 1503 1338 1544 modo
1379 1515 1468 1543 sum
1502 1516 1697 1549 exorsus,
1748 1503 1815 1542 hic
1847 1505 1908 1543 est

155 1568 268 1616 finis,
300 1569 434 1623 inquit
454 1568 671 1608 Antonius:
704 1567 899 1622 quoniam
929 1565 1170 1620 intelligitur
1198 1579 1284 1606 non
1315 1564 1356 1605 in
1386 1565 1601 1606 hominum
1625 1564 1957 1607 innumerabi-eo

154 1630 263 1673 libus
306 1631 495 1686 personis
540 1643 675 1685 neque
720 1630 762 1670 in
800 1627 958 1670 infinita
999 1634 1234 1682 temporum
1272 1628 1469 1668 varietate
1510 1630 1581 1669 sed
1621 1629 1663 1669 in
1709 1643 1907 1683 generum

156 1694 290 1735 causis
320 1698 441 1748 atque
471 1694 626 1734 naturis
657 1693 794 1734 omnia
824 1693 900 1733 sita
931 1705 1049 1739 esse,
1098 1704 1202 1746 quae
1239 1689 1282 1731 in
1313 1689 1482 1731 dubium
1513 1697 1785 1739 vocarentur;
1839 1705 1908 1745 ge-

155 1768 255 1797 nera
285 1760 422 1796 autem
454 1770 544 1797 esse
576 1754 743 1797 definita
773 1769 856 1796 non
888 1754 1020 1796 solum
1049 1767 1221 1795 numero
1250 1751 1320 1794 sed
1344 1755 1466 1794 etiam
1489 1754 1719 1808 paucitate3
1752 1759 1797 1794 ut
1817 1766 1908 1794 eam

156 1817 372 1858 materiem
414 1817 633 1864 orationis,
679 1830 784 1872 quae
830 1818 1027 1871 cuiusque
1070 1822 1178 1857 esset
1217 1815 1400 1869 generis,
1452 1816 1625 1858 studiosi
1665 1818 1733 1872 qui
1773 1820 1910 1857 essent

157 1880 341 1928 dicendi,
387 1879 577 1922 omnibus
608 1881 709 1921 locis
747 1880 1014 1933 descriptam,
1065 1879 1307 1919 instructam
1339 1883 1605 1934 ornatamque
1638 1881 1958 1934 comprehen-es

157 1945 324 1989 derent,
371 1941 494 1983 rebus
525 1942 618 1983 dico
650 1948 689 1983 et
719 1942 943 1983 sententiis.
1008 1942 1102 1981 146.
1148 1943 1209 1981 Ea
1238 1939 1278 1981 vi
1309 1953 1380 1981 sua
1410 1942 1539 1982 verba
1576 1942 1755 1995 parient,
1802 1954 1907 1996 quae

157 2019 324 2060 semper
352 2006 449 2047 satis
480 2010 624 2046 ornata
653 2006 752 2046 mihi
797 2007 963 2059 quidem
1008 2005 1139 2044 videri
1180 2002 1334 2051 solent,
1387 2003 1420 2044 si
1461 2004 1662 2044 eiusmodi
1702 2008 1815 2050 sunt,
1866 2007 1911 2043 ut

157 2084 208 2112 ea
246 2082 312 2110 res
351 2068 440 2124 ipsa
478 2070 689 2124 peperisse
730 2067 932 2109 videatur.
994 2068 1076 2114 Ac,
1129 2065 1163 2107 si
1201 2079 1345 2107 verum
1385 2065 1602 2120 quaeritis,
1655 2068 1765 2122 quod
1805 2064 1907 2105 mihi

157 2131 324 2189 quidem
363 2133 574 2173 videatur:
625 2130 740 2184 (nihil
771 2131 880 2172 enim
912 2131 1023 2171 aliud
1054 2127 1259 2170 affirmare
1290 2141 1457 2183 possum
1487 2130 1565 2170 nisi
1596 2127 1838 2170 sententiam
1871 2131 1912 2168 et

158 2194 398 2249 opinionem
418 2193 587 2248 meamz)
619 2196 698 2235 hoc
727 2195 1043 2234 instrumentum
1074 2205 1287 2233 causarum
1320 2197 1360 2232 et
1390 2205 1588 2245 generum
1618 2190 1905 2232 universorum
1924 2200 1959 2228 ³0

157 2257 201 2299 in
231 2255 368 2298 forum
400 2255 562 2297 deferre
594 2254 794 2297 debemus
831 2269 990 2310 neque,
1041 2260 1086 2296 ut
1127 2268 1315 2310 quaeque
1354 2268 1420 2295 res
1460 2253 1593 2296 delata
1623 2253 1675 2294 ad
1704 2266 1779 2294 nos
1810 2253 1909 2300 erit,

158 2325 246 2362 tum
276 2318 454 2374 denique
485 2319 657 2359 scrutari
687 2318 826 2367 locos,
859 2332 910 2359 ex
931 2316 1078 2373 quibus
1101 2323 1343 2372 argumenta
1366 2330 1579 2366 eruamus;
1612 2330 1717 2371 quae
1740 2317 1907 2371 quidem

160 2382 374 2429 omnibus,
407 2382 477 2435 qui
508 2394 555 2422 ea
586 2379 850 2422 mediocriter
878 2383 1004 2422 modo
1035 2379 1354 2426 considerarim,
1386 2381 1525 2421 studio
1546 2378 1731 2421 adhibito
1755 2384 1793 2419 et
1816 2391 1907 2426 usu,

158 2448 408 2498 pertractata
438 2456 528 2485 esse
559 2449 751 2497 possunt;
795 2445 868 2485 sed
899 2449 1035 2484 tamen
1066 2444 1226 2484 animus
1257 2441 1498 2484 referendus
1528 2448 1590 2484 est
1618 2441 1669 2483 ad
1701 2455 1746 2483 ea
1778 2440 1909 2496 capita

160 2512 202 2549 et
231 2505 282 2548 ad
313 2505 426 2552 illos,
458 2519 561 2561 quos
588 2520 711 2559 saepe
733 2508 814 2546 iam
835 2504 1064 2561 appellavi,
1097 2506 1237 2553 locos,
1271 2519 1324 2546 ex
1345 2506 1495 2560 quibus
1517 2506 1652 2547 omnia
1673 2504 1722 2546 ad
1744 2515 1907 2545 omnem
1921 2510 1956 2539 :⁵⁵

159 2570 391 2612 orationem
420 2567 587 2610 inventa
615 2567 834 2610 ducuntur.
898 2569 990 2610 147.
1035 2569 1169 2622 Atque
1208 2569 1287 2608 hoc
1326 2573 1456 2609 totum
1489 2573 1551 2609 est
1579 2569 1666 2608 sive
1696 2567 1792 2608 artis
1823 2566 1907 2606 sive

160 2630 526 2674 animadversionis
558 2632 644 2672 sive
675 2630 1008 2678 consuetudinis,
1040 2644 1161 2671 nosse
1183 2629 1398 2685 regiones,
1429 2631 1535 2671 intra
1565 2644 1666 2686 quas
1694 2641 1843 2670 venere
1867 2630 1908 2668 et

159 2695 434 2750 pervestiges‚
467 2695 578 2749 quod
599 2707 788 2749 quaeras.
850 2691 925 2734 Ubi
947 2707 1042 2734 eum
1063 2692 1200 2734 locum
1222 2706 1388 2734 omnem
1409 2693 1658 2747 cogitatione
1688 2687 1903 2744 saepseris,

255 2801 288 2833 1.
314 2802 367 2833 ius
391 2801 449 2833 ΑΒ
475 2803 626 2843 aliique:
655 2811 690 2833 se
714 2804 767 2833 ius
793 2802 864 2833 RE.
884 2818 928 2823 —
967 2806 1049 2834 esset
1075 2802 1103 2834 A
1130 2800 1178 2842 (et
1203 2804 1252 2833 sic
1269 2801 1412 2835 'volebat
1437 2800 1505 2840 T):
1543 2807 1614 2832 esse
1640 2799 1665 2829 B
1682 2822 1690 2835 ‚
1717 2802 1763 2829 esc
1792 2796 1847 2828 RE
1875 2800 1910 2828 et

163 2847 325 2880 Ellendui
353 2857 491 2888 operae.
513 2867 548 2873 -
581 2850 613 2881 2.
633 2849 695 2881 Vv.
716 2854 746 2881 et
772 2865 785 2870 -
809 2865 822 2871 -
846 2851 1071 2881 redacturum
1096 2849 1298 2881 exciderunt
1324 2858 1362 2881 ex
1382 2848 1452 2879 ΑΒ.
1478 2864 1513 2870 -
1541 2846 1680 2887 facilem
1706 2844 1816 2875 Codd.
1837 2842 1904 2874 ab:

162 2894 264 2934 facile
289 2894 358 2926 RE.
388 2912 423 2919 -
454 2896 489 2927 5.
516 2895 656 2937 afferret
682 2896 721 2927 R.
749 2909 791 2918 —
817 2896 861 2926 sit
887 2896 929 2927 A.
955 2910 998 2918 —
1039 2899 1140 2926 acute
1164 2896 1222 2935 Lg.
1252 2904 1372 2927 omnes
1400 2898 1538 2934 praeter
1562 2901 1612 2931 pr.
1641 2891 1721 2928 32..
1749 2891 1799 2922 R:
1829 2892 1909 2928 apte

163 2941 190 2973 E
229 2938 301 2981 (et.
340 2944 377 2973 ut
410 2942 569 2981 videtur,
606 2941 693 2983 ΑΒ.)
719 2959 763 2964 —
802 2941 837 2972 7.
865 2945 904 2973 ut
929 2942 1059 2982 coquat
1086 2950 1153 2972 om.
1182 2942 1254 2972 ΑΒ.
1293 2959 1330 2964 -
1374 2939 1662 2978 solitudinemque
1689 2938 1727 2968 R.
1765 2954 1799 2960 --
1847 2937 1903 2969 10.

163 2988 334 3020 auxilium
358 2986 416 3018 ΑΒ
442 2988 595 3029 aliique:
623 2990 695 3029 ipse
722 2989 893 3020 auxilium
918 2987 987 3019 RE.
1015 3004 1058 3008 —
1084 2988 1139 3019 12.
1165 2996 1198 3020 se
1225 2996 1301 3020 cum
1329 2988 1442 3019 multis
1471 2986 1550 3025 Lag.
1571 2985 1612 3016 T.
1640 2984 1817 3026 Vulgatarn
1839 2991 1908 3015 ser-

162 3038 244 3067 vant
269 3033 372 3064 ABR.
400 3050 439 3055 —
468 3035 524 3066 12.
552 3036 684 3068 hercule
708 3036 748 3067 Β.
778 3052 817 3057 -
846 3035 901 3067 14.
926 3034 1077 3075 pristino
1103 3034 1153 3071 A,
1185 3035 1337 3074 pristino
1364 3034 1520 3064 instituto
1547 3031 1616 3062 BR.
1643 3044 1686 3053 —
1727 3034 1758 3063 et
1782 3031 1909 3062 dormi-

163 3084 298 3113 tantem
323 3088 391 3112 om.
419 3080 517 3113 Voss·
544 3081 571 3113 B
589 3105 597 3119 ,
632 3083 878 3114 dormitantem
903 3084 975 3113 sine
1001 3086 1032 3112 et
1061 3080 1184 3117 Leid.;
1211 3081 1352 3113 seclusit
1379 3078 1615 3112 Henrichseu:
1653 3079 1815 3116 expunxit
1840 3077 1905 3116 T.‚

165 3126 302 3167 (Servat
327 3125 384 3166 Α.)
414 3143 449 3149 -
493 3127 549 3160 16.
578 3128 694 3161 leviter
718 3129 787 3160 BR.
815 3145 854 3150 —
893 3131 1074 3168 praetexte
1098 3127 1150 3164 A,
1175 3131 1331 3167 pertenere
1355 3126 1394 3156 Β.
1424 3142 1463 3147 -
1504 3124 1560 3155 17.
1588 3123 1644 3155 Me
1668 3132 1737 3155 om.
1765 3124 1836 3155 ΑΒ.
1866 3140 1904 3147 -

164 3175 222 3206 20.
247 3174 498 3214 intelliqeretur
523 3174 593 3206 ΑΒ.
619 3191 664 3197 -
688 3176 726 3207 in
749 3178 828 3206 ante
855 3176 1030 3206 hominnm
1056 3178 1091 3204 et
1115 3177 1193 3205 ante
1218 3174 1363 3215 infinitis
1389 3179 1457 3203 om.
1486 3171 1525 3202 B.
1554 3187 1595 3194 -
1620 3169 1677 3202 26.
1713 3171 1766 3202 Εα
1792 3170 1904 3202 ABR:

165 3221 237 3253 Eae
260 3220 301 3252 E.
331 3236 367 3242 —
394 3221 430 3252 υἱ
452 3223 491 3250 ut
514 3229 579 3252 sua
603 3220 644 3253 R.
673 3239 714 3244 —
737 3223 883 3260 pariant
907 3222 947 3253 R.
976 3236 1018 3242 —
1044 3218 1099 3250 31.
1127 3221 1164 3251 in
1186 3220 1301 3260 forum
1326 3227 1393 3250 om.
1423 3217 1494 3248 ΑΒ.
1525 3233 1563 3239 -
1602 3215 1658 3247 33.
1687 3218 1908 3249 considerant

165 3266 208 3298 R.
233 3283 278 3288 —
301 3265 358 3298 36.
385 3267 547 3299 dicuntur
573 3266 612 3299 R.
642 3285 679 3291 —
705 3267 762 3298 37.
790 3270 860 3299 sive
885 3266 1137 3298 consuetudinis
1163 3274 1231 3298 om.
1258 3266 1330 3296 ΑΒ.
1357 3280 1398 3287 -·
1423 3272 1543 3296 venere
1568 3259 1612 3302 et]
1638 3265 1753 3296 venire
1777 3268 1808 3296 et
1833 3263 1903 3299 AB,

165 3314 283 3345 venire
305 3313 452 3346 debeas:
485 3318 524 3346 ut
549 3313 591 3346 R.
629 3328 673 3337 -
709 3314 765 3346 38.
790 3322 854 3355 per
878 3315 1000 3346 vesties
1024 3314 1066 3345 Α.
1108 3327 1145 3334 -
1184 3313 1278 3353 quod
1302 3308 1464 3353 quaeras]
1487 3319 1645 3353 quoquae
1667 3318 1720 3342 res
1746 3310 1776 3342 A
1792 3333 1801 3349 ,
1839 3317 1905 3351 quo

167 3367 311 3402 quaeres
336 3359 376 3393 B.
