2117 3762
242 194 325 236 472
1022 182 1214 225 TOPICA

243 304 315 342 aut
344 298 467 341 animi
497 299 565 339 aut
592 293 776 349 corporis
805 292 876 332 aut
906 292 1078 331 externa
1108 287 1174 330 vel
1203 288 1420 332 commoda
1438 289 1504 331 vel
1523 290 1799 333 incommoda.
1863 293 1986 334 Item-

246 376 328 419 que
358 374 450 403 cum
481 362 531 401 de
561 359 736 399 honesto
765 353 960 407 turpique
990 349 1222 405 quaeritur,
1253 354 1304 394 ad
1333 351 1460 394 animi
1489 355 1597 394 bona
1626 358 1696 394 aut
1724 352 1831 394 mala
1854 354 1990 396 omnis

247 426 382 467 oratio
423 421 634 475 dirigenda
672 422 746 458 est.
805 417 872 457 90.
919 415 1020 457 Cum
1061 418 1200 454 autem
1238 413 1289 456 de
1328 428 1463 470 aequo
1501 420 1544 456 et
1581 414 1726 470 iniquo
1757 416 1988 467 disseritur,

247 486 461 542 aequitatis
488 482 569 524 loci
589 479 845 533 colligentur.
903 475 960 518 Hi
989 480 1214 517 cernuntur
1236 476 1455 532 bipertito,
1487 483 1528 519 et
1548 483 1696 520 natura
1715 483 1758 521 et
1786 480 1988 522 instituto.

217 553 399 592 sNatura
436 550 574 601 partes
612 540 739 584 habet
783 542 911 588 duas,
964 539 1183 580 tuitionem
1225 540 1286 579 sui
1326 544 1367 580 et
1401 540 1629 582 ulciscendi
1658 539 1738 582 ius.
1798 542 1992 585 Instituto

247 617 382 654 autem
411 608 595 662 aequitas
626 604 832 658 tripertita
862 606 942 653 est;
990 615 1073 644 una
1101 614 1196 656 pars
1224 600 1408 654 legitima
1437 609 1520 651 est,
1565 603 1694 645 altera
1722 605 1990 655 conveniens,

246 674 369 716 tertia
398 672 521 712 moris
550 672 750 711 vetustate
779 665 953 707 firmata.
1014 665 1150 718 Atque
1189 663 1314 704 etiam
1356 662 1528 721 [rursus]
1573 668 1756 721 aequitas
1786 668 1995 723 tripertita

248 735 395 778 dicitur
423 745 541 781 esse3
587 743 668 771 una
697 731 748 770 ad
778 740 952 784 superos
984 729 1103 773 deos,
1150 724 1278 767 altera
1308 727 1361 767 ad
1401 741 1567 778 manes,
1615 730 1736 771 tertia
1773 731 1824 771 ad
1862 729 1995 772 homi-

247 811 318 839 nes
359 795 584 850 pertinere.
660 793 796 833 Prima
839 791 993 843 pietas,
1052 789 1233 831 secunda
1278 790 1492 840 sanctitas,
1555 793 1674 833 tertia
1718 791 1874 833 iustitia
1921 798 1995 834 aut

199 872 234 899 10
246 858 426 914 aequitas
471 857 720 898 nominatur.
796 852 944 895 XXIV.
987 854 1048 894 De
1086 852 1302 906 proposito
1350 852 1448 894 satis
1499 855 1649 902 multa,
1702 854 1895 909 deinceps
1943 854 1994 896 de

247 935 369 963 causa
414 920 613 973 pauciora
661 915 835 959 dicenda
879 920 989 958 sunt.
1062 914 1262 970 Pleraque
1303 916 1412 956 enim
1453 920 1548 957 sunt
1586 917 1624 958 ei
1655 931 1748 960 cum
1777 916 1994 973 proposito

246 996 495 1026 commuma.

358 1047 427 1087 91.
460 1045 557 1086 Tria
585 1047 680 1085 sunt
708 1041 835 1096 igitur
864 1052 1016 1096 genera
1046 1051 1287 1080 causarum:
1332 1038 1498 1089 iudicii,
1541 1039 1870 1092 deliberationis,
1909 1042 1997 1085 lau-

248 1107 438 1152 dationis,
501 1107 687 1156 Quarum
715 1104 817 1146 fines
847 1103 927 1159 ipsi
957 1101 1192 1150 declarant,
1226 1102 1375 1156 quibus
1404 1105 1604 1146 utendum
1633 1103 1733 1146 locis
1764 1105 1830 1147 sit.
1892 1108 1995 1148 Nam

198 1170 390 1215 asiudicii
418 1169 511 1211 finis
542 1174 602 1210 est
631 1168 718 1217 ius3
760 1182 811 1209 ex
842 1179 925 1221 quo
956 1166 1080 1207 etiam
1109 1178 1276 1206 nomen.
1338 1166 1444 1206 Iuris
1474 1171 1611 1209 autem
1640 1173 1779 1223 partes
1809 1173 1896 1210 tum
1927 1183 1998 1210 ex-

246 1236 427 1292 positae,
450 1247 543 1274 cum
564 1231 794 1286 aequitatis.
854 1227 1122 1270 Deliberandi
1144 1226 1236 1270 finis
1258 1227 1433 1277 utilitas,
1466 1231 1582 1271 cuius
1605 1244 1679 1272 eae
1698 1236 1859 1286 partes,
1891 1246 1997 1288 quae

246 1301 371 1341 modo
405 1295 636 1350 expositae,
668 1307 809 1335 rerum
840 1293 1182 1348 expetendarum.
1242 1290 1509 1333 Laudationis
1543 1291 1662 1348 [finis]
1694 1295 1914 1344 honestas;
1948 1293 1998 1336 de

247 1375 328 1417 qua
356 1360 454 1402 item
487 1362 548 1399 est
577 1364 669 1399 ante
700 1355 868 1398 dictum.
927 1357 995 1396 92.
1031 1353 1113 1396 Sed
1143 1352 1337 1396 definitae
1368 1354 1632 1408 quaestiones
1663 1369 1685 1397 a
1705 1356 1790 1398 suis
1810 1371 1999 1413 quaeque

245 1424 347 1466 locis
379 1421 495 1476 quasi
524 1419 705 1475 propriis
735 1420 1024 1467 instruuntur,
1071 1431 1178 1472 quae
1216 1419 1259 1458 in
1290 1416 1596 1459 accusationem
1627 1417 1998 1476 defensionemque

196 1499 232 1524 20
245 1487 436 1545 partitae.
496 1486 544 1526 In
574 1482 723 1539 quibus
755 1483 962 1523 exsistunt
980 1482 1083 1522 haec
1104 1493 1284 1535 genera,
1316 1485 1361 1522 ut
1381 1487 1594 1523 accusator
1615 1495 1836 1538 personam
1856 1487 2002 1538 arguat

246 1550 372 1599 facti,
419 1547 613 1590 defensor
641 1543 798 1601 aliquid
828 1548 1011 1599 opponat
1048 1545 1098 1584 de
1129 1541 1287 1584 tribus:
1334 1548 1407 1584 aut
1435 1558 1521 1585 non
1552 1558 1642 1586 esse
1682 1546 1863 1595 factum,
1912 1550 1997 1594 aut,

257 1613 291 1654 si
311 1611 363 1654 sit
383 1610 556 1657 factum,
587 1607 697 1649 aliud
719 1608 807 1648 eius
836 1606 931 1648 facti
961 1618 1113 1647 nomen
1143 1619 1254 1654 esse,
1287 1610 1356 1647 aut
1386 1607 1477 1648 iure
1508 1621 1596 1649 esse
1625 1607 1796 1650 factum.
1857 1610 2000 1664 Itaque

256 1684 325 1720 aut
353 1678 532 1720 infitialis
562 1683 633 1719 aut
662 1675 953 1718 coniecturalis
983 1675 1116 1731 prima
1136 1675 1385 1730 appelletur;
1418 1671 1648 1721 definitiva,
1680 1671 1830 1724 altera;
1860 1675 1998 1725 tertia,

253 1742 440 1796 quamvis
474 1740 693 1783 molestum
723 1752 877 1780 nomen
908 1737 988 1779 hoc
1026 1739 1097 1787 sit,
1144 1737 1385 1780 iuridicialis
1425 1740 1610 1778 vocetur.
1666 1737 1797 1778 XXV.
1845 1738 2001 1779 Harum

199 1809 234 1836 ²⁵
251 1818 468 1848 causarum
497 1803 667 1860 propria
697 1805 938 1856 argumenta
969 1814 1020 1843 ex
1048 1802 1098 1842 iis
1129 1807 1293 1855 sumpta
1321 1800 1448 1848 locis,
1491 1811 1595 1853 quos
1627 1799 1916 1854 exposuimus,
1959 1802 2003 1842 in

249 1868 481 1924 praeceptis
512 1865 704 1907 oratoriis
735 1866 939 1920 explicata
968 1869 1075 1906 sunt.
1134 1866 1197 1908 93.
1228 1863 1438 1905 Refutatio
1469 1866 1605 1903 autem
1635 1862 1929 1911 accusationis,
1960 1864 2003 1905 in

249 1944 329 1986 qua
365 1935 428 1971 est
467 1929 655 1986 depulsio
695 1927 904 1976 criminis,
951 1927 1147 1983 quoniam
1180 1929 1334 1970 Graece
1365 1924 1517 1973 στάσις
1548 1925 1721 1973 dicitur,
1770 1925 2004 1979 appelletur

247 1992 391 2035 Latine
424 1997 579 2043 status3
626 1993 669 2033 in
699 2004 782 2047 quo
812 1989 994 2044 primum
1024 1989 1175 2031 insistit
1204 1988 1321 2045 quasi
1350 1990 1403 2029 ad
1433 1988 1751 2042 repugnandum
1782 2001 2001 2043 congressa

251 2054 449 2099 defensio,
507 2058 640 2111 Atque
681 2052 804 2095 etiam
843 2052 887 2094 in
927 2051 1295 2094 deliberationibus
1336 2056 1375 2092 et
1404 2048 1710 2092 laudationibus
1741 2049 1866 2092 iidem
1897 2050 2005 2092 exsi-

202 2122 362 2161 ³⁰stunt
391 2122 529 2162 status.
586 2119 689 2158 Nam
719 2122 758 2158 et
789 2120 995 2170 negantur
1025 2128 1147 2171 saepe
1178 2129 1227 2156 ea
1255 2113 1418 2162 futura,
1450 2127 1556 2167 quae
1587 2111 1640 2153 ab
1670 2113 1808 2168 aliquo
1839 2112 1882 2154 in
1912 2126 2004 2154 sen-

252 2183 376 2224 tentia
405 2180 512 2222 dicta
542 2185 638 2222 sunt
667 2179 779 2226 fore,
818 2180 852 2220 si
882 2184 955 2220 aut
984 2179 1151 2219 omnino
1183 2176 1275 2218 fieri
1307 2189 1390 2217 non
1418 2180 1596 2231 possunt
1624 2179 1696 2216 aut
1725 2174 1814 2216 sine
1845 2188 2005 2217 summa

253 2244 492 2287 difficultate
535 2257 620 2284 non
665 2247 853 2297 possunt.
924 2243 972 2282 In
1017 2255 1100 2296 qua
1145 2237 1506 2294 argumentatione
1546 2243 1675 2280 status
1716 2238 2004 2280 coniecturalis

255 2307 430 2349 exsistit.
492 2308 560 2349 94.
593 2307 666 2355 At,
699 2319 791 2346 cum
813 2305 968 2360 aliquid
990 2302 1041 2345 de
1070 2302 1266 2350 utilitate,
1297 2304 1535 2349 honestate,
1566 2302 1771 2357 aequitate
1792 2300 2006 2342 disseritur

255 2372 388 2426 deque
424 2369 474 2411 iis
513 2371 659 2416 rebus,
704 2382 810 2424 quae
848 2368 912 2409 his
951 2372 1046 2408 sunt
1087 2367 1348 2415 contrariae,
1395 2364 1618 2406 incurrunt
1647 2369 1774 2405 status
1805 2369 1874 2406 aut
1901 2364 2004 2405 iuris

207 2433 240 2459 ³⁵
255 2438 323 2475 aut
351 2432 558 2483 nominis;
607 2434 720 2488 quod
761 2433 872 2473 idem
912 2430 1116 2483 contingit
1152 2429 1195 2470 in
1230 2426 1551 2470 laudationibus.
1610 2429 1713 2468 Nam
1754 2431 1824 2469 aut
1861 2426 2005 2481 negari

255 2500 391 2550 potest
420 2497 462 2537 id
491 2496 645 2538 factum
675 2508 791 2543 esse,
823 2495 936 2549 quod
964 2492 1179 2542 laudetur,
1226 2496 1296 2534 aut
1324 2505 1407 2533 non
1437 2503 1488 2533 eo
1520 2491 1688 2533 nomine
1719 2488 2001 2540 afficiendum,

349 2727 384 2758 2.
412 2728 474 2758 aut
498 2734 516 2758 a
535 2725 555 2757 d
573 2725 609 2764 f,
636 2725 685 2765 B,
711 2725 808 2758 Valla
828 2749 836 2764 ‚
863 2725 947 2758 BV:
982 2725 1034 2758 vel
1058 2725 1079 2757 b
1097 2734 1114 2758 e
1130 2724 1170 2756 E.
1214 2739 1248 2744 —
1292 2723 1326 2755 3.
1354 2724 1470 2754 oratio
1497 2721 1681 2762 diriqenda
1706 2728 1724 2752 a
1743 2720 1763 2752 b
1783 2720 1803 2752 d
1826 2720 1861 2758 l',
1895 2720 2004 2758 Valla,

261 2774 342 2807 BV:
369 2773 553 2813 diriyenda
581 2773 696 2804 oratio
723 2781 740 2804 e
762 2772 802 2803 E.
823 2789 865 2795 —-
890 2773 924 2804 [ι.
953 2773 1159 2813 colliyentur
1184 2780 1202 2803 a
1221 2771 1241 2802 b
1261 2771 1281 2802 d
1298 2794 1307 2809 ‚
1336 2770 1393 2802 Gr.
1417 2771 1442 2800 B
1459 2793 1468 2808 ,
1494 2769 1576 2800 BV:
1604 2769 1815 2809 colliyuntur
1840 2775 1857 2798 e
1875 2767 1942 2798 ΥΕ.
1963 2783 2007 2788 ——

262 2823 295 2853 5.
325 2820 486 2852 Instituta
512 2822 625 2851 autem
650 2820 808 2860 aequitas
834 2819 1040 2851 Schutzius:
1070 2820 1234 2851 Instituta
1260 2822 1375 2849 autem
1399 2816 1586 2858 aequitatis
1611 2815 1643 2849 l',
1688 2814 1863 2846 Institutio
1888 2818 2003 2845 autem

264 2867 444 2908 aequitatis
464 2867 489 2898 E
512 2874 590 2898 cum
610 2867 732 2898 ceteris
753 2865 863 2898 Codd.
885 2870 918 2897 et
939 2866 1029 2897 Edd.
1051 2882 1091 2888 —
1117 2866 1152 2897 7.
1179 2866 1323 2906 firmata
1348 2874 1366 2897 a
1385 2864 1405 2895 b
1425 2864 1444 2895 d
1465 2873 1482 2895 e
1500 2886 1508 2900 ‚
1538 2862 1597 2893 Gr·
1616 2885 1624 2900 ‚
1652 2862 1691 2895 B,
1712 2861 1741 2894 N
1761 2870 1770 2892 ι
1799 2861 2008 2902 confirmata

265 2914 319 2945 ΤΕ
345 2920 420 2944 cum
446 2914 568 2945 ceteris
593 2914 677 2945 meis
708 2912 796 2944 Edd.
828 2916 963 2952 praeter
986 2913 1029 2945 N.
1080 2912 1147 2945 Cl'r.
1177 2912 1219 2944 de
1245 2912 1360 2943 Divin.
1389 2912 1405 2942 1
1423 2935 1431 2950 ,
1457 2910 1474 2941 1
1492 2933 1502 2946 ,
1531 2910 1563 2940 1.
1599 2925 1638 2930 —
1684 2910 1788 2939 ettam
1815 2916 1885 2939 om.
1913 2907 1935 2938 l'.
1966 2923 2004 2930 —

265 2968 384 2990 ‘rursus
409 2969 477 2991 om.
505 2968 523 2991 a
541 2960 561 2990 b
580 2959 601 2990 d
619 2968 635 2992 e
651 2982 660 2997 ‚
690 2958 748 2990 Gr.
766 2982 775 2996 ,
802 2959 865 3004 Βρ
881 2982 889 2996 ,
916 2959 1102 2992 Victorius.
1152 2959 1220 2991 Nos
1246 2958 1463 2990 seclusimus.
1508 2954 1582 2996 (Vv.
1610 2954 1722 2996 Atque
1747 2956 1852 2986 ettam
1875 2960 1926 2977 -’-
1951 2962 2007 2984 ae-

268 3007 381 3047 quitas
406 3006 607 3037 nominatur
641 3010 817 3046 tamquam
843 3005 991 3038 absurda
1016 3007 1158 3038 seclusit
1184 3003 1279 3045 Sch.)
1323 3019 1355 3025 -
1404 3003 1456 3034 16.
1485 3011 1559 3033 cum
1585 3010 1601 3033 a
1619 3002 1656 3041 l‘,
1686 3002 1771 3034 BV:
1809 3006 1883 3033 tum
1908 3000 1929 3032 b
1948 3001 1968 3032 d
1989 3009 2007 3032 e

270 3052 312 3084 E.
334 3068 372 3074 —
399 3060 457 3083 eae
481 3060 498 3083 a
517 3052 537 3083 d
556 3052 589 3090 Γ,
617 3053 815 3085 Victorius:
841 3053 906 3083 hae
932 3061 1009 3084 cum
1034 3055 1156 3086 ceteris
1178 3053 1218 3083 E.
1237 3069 1273 3074 —-
1303 3050 1359 3081 17.
1386 3049 1495 3082 Locus
1521 3049 1736 3080 laudationis
1762 3048 1781 3078 b
1799 3071 1808 3086 ‚
1837 3047 1930 3079 unde
1956 3055 2007 3079 se-

272 3098 431 3130 clusimus
452 3107 484 3130 v.
508 3100 597 3140 finis.
613 3115 656 3122 —
682 3099 739 3131 19.
764 3101 984 3131 instruuntur
1009 3109 1054 3145 (²²
1082 3100 1273 3131 instiuntur
1293 3096 1370 3137 (sic)
1397 3106 1414 3128 a
1430 3120 1438 3134 ,
1465 3097 1698 3128 instituuntur
1723 3095 1743 3126 b
1762 3096 1782 3126 d
1803 3104 1821 3126 e
1841 3095 1855 3126 l'
1875 3094 1900 3125 E
1929 3102 2006 3126 cum

272 3144 359 3176 Edd.
389 3144 557 3176 omnibus.
584 3162 626 3167 —-
667 3155 754 3186 quae
778 3147 816 3177 in
840 3154 859 3177 a
876 3146 896 3177 d
916 3155 933 3178 e
950 3169 959 3184 ,
986 3146 1012 3176 B
1032 3157 1077 3192 ρ,
1118 3146 1212 3178 Valla
1229 3168 1237 3182 ‚
1280 3144 1363 3175 BV:
1401 3145 1438 3175 in
1475 3144 1558 3181 (om.
1588 3139 1692 3183 quae)
1719 3142 1739 3173 b
1758 3148 1794 3184 ψ
1813 3142 1852 3173 Ε.
1880 3156 1920 3163 -
1947 3139 2004 3171 27.

273 3190 437 3230 quoniam
461 3199 479 3221 a
495 3190 514 3221 b
531 3192 550 3222 d
569 3199 586 3223 e
603 3215 611 3229 ‚
653 3192 711 3223 Gr.
729 3215 739 3227 ,
779 3192 860 3223 BV:
903 3202 989 3234 quae
1014 3192 1050 3231 s,
1089 3192 1202 3230 Valla,
1231 3192 1271 3222 E.
1311 3207 1351 3213 —
1394 3190 1590 3231 appelletur
1616 3189 1739 3220 Latine
1764 3197 1783 3220 a
1801 3188 1820 3219 d
1836 3210 1846 3223 ,
1885 3186 2004 3221 Valla,

271 3237 332 3316 Βζ
349 3290 367 3315 e
384 3236 580 3315 gpssellamr
603 3238 727 3272 Latine
751 3238 786 3280 l',
813 3240 935 3273 Latine
960 3239 1153 3280 appelletur
1178 3239 1198 3271 b
1219 3246 1236 3270 e
1256 3238 1295 3269 E.
1325 3254 1361 3261 —
1399 3237 1455 3269 314.
1484 3237 1536 3268 his
1561 3235 1590 3275 f,
1622 3235 1719 3268 Valla
1735 3259 1744 3275 ,
1770 3235 1824 3272 N,
1851 3233 1936 3266 BV:
1963 3232 2007 3264 iis

273 3292 293 3317 a
455 3305 463 3316 .
