2117 3762
269 251 324 292 74
947 249 1016 290 AD
1047 249 1351 291 HERENNIUM

269 361 369 400 tur?
391 356 503 414 quod
525 371 687 399 causam
709 361 887 399 vestram
908 368 1031 396 nemo
1052 356 1274 410 suscipiat?
1297 357 1409 410 quod
1427 369 1470 397 se
1486 368 1609 397 nemo
1623 355 1748 396 vestri
1761 353 2025 397 defensorem

272 420 540 477 profiteatur?
590 419 636 461 Id
674 419 841 460 tribuite
872 423 1031 459 vestrae
1070 416 1215 471 culpae
1246 423 1368 474 atque
1399 419 1571 459 desinite
1603 418 1759 458 mirari.
1823 418 1931 467 Quid
1964 426 2026 460 est

271 484 408 533 enim,
442 497 569 538 quare
600 496 684 523 non
716 493 860 521 omnes
889 479 1009 520 istam
1039 493 1127 520 rem
1158 478 1302 533 fugere
1333 495 1379 522 ac
1409 483 1538 523 vitare
1570 479 1780 521 debeant?
1819 483 2025 524 Recorda-

270 546 392 595 mini,
437 560 540 602 quos
570 543 795 586 habueritis
826 541 1091 591 defensores3
1143 543 1276 583 studia
1307 557 1452 584 eorum
1482 545 1602 585 vobis
1633 548 1724 584 ante
1755 543 1898 584 oculos
1928 557 2025 598 pro-

242 609 434 666 ⁵p0nite;
477 610 625 650 deinde
663 608 798 647 exitus
829 606 1013 646 omnium
1045 605 1319 645 considerate.
1381 609 1484 647 Tum
1516 607 1632 648 vobis
1662 606 1802 647 veniet
1839 605 1881 646 in
1911 621 2027 647 men-

271 680 381 722 tem,
427 677 470 714 ut
500 685 596 712 vere
628 671 784 716 dicam,
833 667 1083 722 negligentia
1112 671 1249 708 vestra
1279 668 1365 708 sive
1396 669 1560 722 ignavia
1590 669 1725 721 potius
1757 667 1848 709 illos
1880 681 2027 710 omnes

272 741 365 777 ante
396 733 537 775 oculos
568 736 730 774 vestros
759 733 987 772 trucidatos
1019 744 1134 778 esse,
1167 729 1356 770 inimicos
1388 744 1533 770 eorum
1563 732 1711 772 vestris
1744 730 1953 785 suffragiis
1985 732 2027 772 in

272 798 569 853 amplissimum
601 796 739 835 locum
770 795 1026 849 pervenisse.
1088 796 1213 834 Item:
1261 794 1363 832 Nam
1394 794 1492 847 quid
1522 792 1622 841 suit,
1666 793 1847 841 iudices,
1899 806 2027 848 quare

272 862 314 902 in
345 859 558 901 sententiis
589 856 771 898 serendis
803 855 1087 897 dubitaveritis
1120 860 1189 896 aut
1225 856 1349 895 istum
1380 856 1593 896 hominem
1624 856 1827 897 nefarium
1859 857 2030 911 amplia-

222 933 256 957 10
272 924 440 964 veritis?
471 934 555 961 non
586 920 870 974 apertissimae
901 934 967 959 res
999 923 1115 959 erant
1145 917 1307 957 crimini
1338 916 1486 958 datae?
1517 932 1601 958 non
1631 932 1775 959 omnes
1806 920 1883 959 hae
1914 917 2029 959 testi-

272 988 348 1026 bus
387 985 714 1036 comprobatae?
763 996 848 1023 non
896 986 1039 1022 contra
1078 979 1257 1021 tenuiter
1297 984 1337 1020 et
1373 980 1588 1033 nugatorie
1626 984 1900 1035 responsum?
1952 981 2029 1021 Hic

271 1060 344 1088 vos
375 1047 495 1087 veriti
524 1045 650 1094 estis,
695 1045 729 1085 si
759 1046 894 1100 primo
927 1050 1048 1085 coetu
1079 1041 1451 1089 condemnassetis,
1495 1057 1547 1083 ne
1588 1044 1775 1085 crudeles
1816 1045 2027 1085 existima-

272 1111 449 1151 rcmini‘?
508 1112 615 1150 Dum
664 1122 755 1149 eam
801 1107 956 1148 vitastis
994 1106 1367 1160 vituperationem,
1415 1119 1519 1160 quae
1556 1105 1679 1159 longe
1725 1120 1747 1147 a
1786 1106 1905 1148 vobis
1946 1112 2033 1149 erat

272 1171 457 1218 afutura,
490 1185 581 1212 eam
613 1170 845 1218 invenistis,
876 1176 923 1211 ut
952 1170 1083 1210 timidi
1115 1175 1236 1223 atque
1267 1168 1404 1223 ignavi
1435 1169 1700 1223 putaremini.
1761 1171 1960 1210 Maximas
1991 1175 2033 1210 et

223 1244 257 1269 1⁵
273 1236 450 1291 privatas
481 1239 521 1275 et
551 1233 735 1289 publicas
766 1232 1016 1275 calamitates
1047 1231 1282 1285 accepistis3
1317 1245 1410 1271 cum
1442 1230 1564 1271 etiam
1588 1231 1765 1272 maiores
1787 1233 2030 1285 impendere

271 1299 513 1346 videantur,
547 1299 699 1338 sedetis
731 1302 771 1337 et
792 1296 1040 1338 oscitamini.
1102 1297 1211 1335 Luce
1245 1300 1428 1341 noctem,
1463 1299 1584 1335 nocte
1608 1294 1741 1335 lucem
1767 1293 2029 1348 exspectatis.

272 1360 439 1416 Aliquid
470 1362 654 1415 quotidie
685 1362 823 1401 acerbi
854 1365 977 1414 atque
1008 1358 1261 1398 incommodi
1293 1358 1504 1398 nuntiatur
1536 1362 1576 1398 et
1608 1372 1725 1404 eum,
1758 1359 1872 1398 cuius
1903 1370 2032 1410 opera

272 1422 392 1464 nobis
422 1424 526 1463 haec
556 1425 770 1470 accidunt,
822 1436 896 1462 vos
936 1421 1203 1462 remoramini
1244 1422 1397 1461 diutius
1437 1426 1475 1461 et
1515 1420 1619 1461 alitis
1658 1422 1707 1460 ad
1747 1421 1808 1461 rei
1844 1420 2032 1474 publicae

273 1487 500 1541 perniciem
535 1485 760 1540 [retinetiS,
806 1483 943 1540 quoad
974 1485 1163 1538 potestis,
1213 1484 1254 1523 in
1296 1482 1489 1537 civitate].
1549 1485 1757 1524 XXXVIl.
1804 1485 1871 1524 49.
1915 1484 2034 1523 Eius-

224 1557 260 1582 20
275 1548 386 1590 modi
418 1550 581 1590 licentia
613 1551 646 1590 si
678 1550 850 1589 nimium
881 1547 1090 1588 videbitur
1120 1547 1368 1587 acrimoniae
1410 1547 1565 1587 habere
1585 1578 1593 1591 ‚
1636 1545 1774 1586 multis
1815 1546 2036 1600 mitigatio-

273 1612 394 1654 nihus
426 1613 618 1653 lenietur.
680 1614 783 1651 Nam
831 1611 1027 1650 continuo
1072 1609 1225 1663 aliquid
1270 1609 1509 1649 huiusmodi
1555 1607 1698 1649 licebit
1726 1607 1908 1649 inferre:
1958 1609 2035 1649 Hic

275 1690 352 1730 ego
384 1677 578 1716 virtutem
608 1680 785 1716 vestram
819 1687 972 1729 quaero
992 1705 1001 1720 ‚
1049 1674 1289 1727 sapientiam
1323 1673 1538 1718 desidero,
1586 1678 1774 1713 veterem
1815 1677 2037 1712 cousuetu-

276 1741 412 1780 dinem
444 1737 628 1793 requiro.
692 1738 815 1786 Quod
855 1737 933 1777 erit
973 1741 1227 1775 commotum
1268 1735 1459 1782 licentia,
1510 1734 1550 1775 id
1591 1736 1864 1777 constituetur
1903 1734 2035 1781 laude,

275 1807 321 1843 ut
341 1803 468 1842 altera
491 1814 554 1841 res
576 1803 625 1841 ab
657 1800 868 1840 iracundia
889 1807 930 1839 et
949 1797 1137 1839 molestia
1158 1803 1391 1844 removeat,
1425 1797 1551 1838 altera
1574 1801 1623 1838 ab
1647 1803 1783 1839 errato
1805 1800 2028 1839 deterreat.

225 1872 261 1898 2⁵
277 1866 389 1905 Haec
418 1877 486 1904 res
517 1864 623 1904 sicut
651 1864 693 1903 in
724 1862 930 1907 amicitia,
963 1861 1061 1901 item
1093 1863 1134 1901 in
1165 1861 1361 1905 dicendo,
1396 1859 1429 1900 si
1462 1861 1555 1901 loco
1595 1859 1663 1910 fit,
1712 1861 1893 1902 maxime
1927 1860 2034 1907 facit,

276 1934 322 1969 ut
351 1933 392 1968 et
421 1927 498 1974 illi,
551 1927 620 1981 qui
662 1925 857 1973 audient,
906 1939 928 1965 a
971 1924 1090 1978 culpa
1129 1924 1286 1970 absint,
1337 1928 1378 1963 et
1418 1937 1514 1969 nos,
1563 1923 1631 1978 qui
1674 1923 1867 1969 dicimus,
1916 1924 2038 1964 amici

275 1994 462 2047 ipsorum
492 1996 531 2032 et
560 1989 742 2031 veritatis
764 2003 852 2029 esse
875 1987 1102 2028 videamur.
1161 1988 1234 2026 Est
1253 1990 1390 2025 autem
1414 1987 1621 2041 quoddam
1645 1999 1774 2039 genus
1796 1985 1835 2025 in
1861 1984 2036 2026 dicendo

276 2055 488 2100 licentiae,
537 2054 648 2108 quod
679 2053 876 2092 astutiore
908 2052 1068 2091 ratione
1099 2054 1387 2102 comparatur,
1435 2062 1528 2088 cum
1569 2054 1640 2089 aut
1669 2051 1722 2089 ita
1769 2050 2038 2102 Obiurgamus

280 2129 376 2165 eos,
425 2117 495 2172 qui
527 2115 725 2160 audiunt,
774 2114 983 2169 quomodo
1024 2111 1101 2166 ipsi
1134 2125 1177 2151 se
1209 2111 1380 2166 cupiunt
1420 2110 1656 2165 obiurgari,
1707 2116 1778 2152 aut
1816 2111 1878 2157 id,
1926 2112 2039 2166 quod

229 2186 264 2211 ³⁰
279 2180 430 2221 scimus
462 2178 579 2220 facile
611 2191 754 2219 omnes
785 2176 1017 2221 audituros,
1052 2174 1225 2214 dicimus
1258 2187 1330 2215 nos
1363 2175 1528 2219 timere,
1570 2176 1780 2229 quomodo
1812 2173 2035 2224 accipiant,

279 2244 352 2284 sed
384 2248 517 2283 tamen
548 2242 719 2282 veritate
751 2240 1033 2285 commoveri,
1079 2242 1123 2277 ut
1164 2236 1294 2278 nihilo
1335 2239 1468 2278 secius
1501 2236 1699 2278 dicamus.
1763 2238 1924 2281 Horum
1955 2249 2040 2276 am-

372 2410 404 2438 2.
434 2412 536 2447 atque
562 2416 629 2437 om.
660 2407 711 2437 PF
739 2410 771 2437 et
800 2415 848 2444 pr.
878 2405 918 2436 A.
949 2423 988 2426 ——
1015 2405 1110 2436 istud
1134 2405 1276 2436 desinite
1302 2405 1358 2436 BT
1388 2409 1421 2436 et
1447 2413 1533 2436 corr.
1565 2405 1635 2436 AR.
1660 2422 1695 2426 —
1726 2408 1773 2435 est
1792 2405 1881 2435 enim
1901 2404 2037 2436 NFT:

281 2457 370 2488 enim
396 2461 441 2486 est
471 2455 539 2485 BE.
572 2472 606 2476 -
638 2454 671 2485 4.
698 2455 814 2494 ponite
843 2453 927 2483 FRT
955 2456 988 2483 et
1016 2461 1064 2490 pr.
1095 2454 1135 2482 A.
1159 2470 1191 2474 —
1224 2454 1256 2483 5.
1288 2454 1401 2483 veniat
1429 2453 1515 2482 ΑΠ’
1543 2458 1576 2483 et
1604 2461 1651 2490 pr.
1684 2452 1720 2482 P.
1743 2469 1780 2473 -
1809 2451 1864 2482 14.
1894 2451 2041 2491 afutura

281 2505 402 2542 scripsi
432 2511 507 2533 cum
536 2501 688 2532 Baitero.
741 2500 852 2531 (lodd.
882 2500 1050 2530 fluctuant
1078 2503 1166 2530 inter
1193 2499 1263 2538 abf.
1294 2500 1366 2536 (E.)
1396 2504 1429 2530 et
1455 2499 1514 2540 aff.
1546 2516 1584 2521 —
1613 2499 1670 2529 16.
1704 2499 1790 2529 Luce
1816 2496 1899 2538 cet]
1931 2500 2040 2530 Locus

284 2558 453 2590 perquam
481 2548 633 2579 dubius:
674 2548 742 2578 luci
770 2548 846 2583 Pii,
885 2546 1039 2583 (tanen,
1081 2556 1146 2578 om.
1178 2546 1222 2582 F,
1265 2546 1358 2582 Em,
1400 2551 1565 2586 quattuor
1601 2546 1693 2578 Oud.
1735 2550 1768 2576 et
1795 2554 1845 2583 pr.
1875 2547 1927 2581 Α,
1969 2545 2036 2576 del.

283 2606 368 2628 cnrr.
400 2597 436 2627 P.
469 2611 507 2617 —
535 2592 645 2634 nor-te]
674 2603 743 2625 non
773 2595 841 2626 PF.
871 2593 968 2629 ΕΓΒ,
999 2600 1165 2631 (matium
1192 2593 1310 2630 Oud.,
1349 2603 1416 2624 om.
1451 2603 1500 2633 pr.
1531 2594 1569 2624 A.
1616 2594 1738 2631 (Ergoz
1779 2593 1942 2630 Noctem,
1969 2602 2040 2624 non

283 2645 389 2675 lucem
415 2643 460 2679 F,
489 2651 539 2681 pr.
570 2643 617 2677 A,
646 2651 733 2672 corr.
766 2641 812 2676 Ρ,
845 2640 939 2673 Erf..
970 2647 1133 2678 quattuor
1160 2639 1269 2678 Oud.)
1305 2657 1344 2662 ·—
1385 2640 1439 2670 18.
1479 2641 1579 2671 nobis
1606 2639 1719 2671 PBFT
1746 2639 1906 2678 aliique:
1945 2641 2041 2671 vobis

285 2691 386 2722 ΑΒΕ.
420 2707 458 2712 -
500 2698 560 2720 vos
586 2690 808 2720 remoramini
845 2687 1047 2718 PABFRT:
1092 2689 1317 2718 remoramini
1352 2686 1431 2726 (om.
1470 2688 1540 2725 vos)
1571 2688 1607 2719 E.
1649 2703 1687 2708 —-
1733 2687 1779 2717 ad
1810 2689 1860 2717 rei
1883 2687 2041 2725 publicae

283 2737 461 2769 PABFRT
488 2737 638 2775 aliique:
668 2745 708 2766 ac
735 2737 783 2766 rei
808 2735 965 2774 publicae
996 2735 1017 2764 E
1036 2758 1044 2770 ‚
1073 2739 1176 2774 atque
1203 2735 1249 2765 ud
1271 2736 1317 2765 rei
1341 2736 1497 2773 publicae
1526 2735 1561 2765 L.
1614 2734 1807 2772 Utrumque
1835 2737 2040 2767 anctoritate

286 2791 388 2816 caret.
422 2802 458 2807 —
505 2784 560 2815 19.
593 2783 652 2812 Vv.
680 2783 833 2813 retinetis
859 2801 869 2805 -
898 2800 908 2804 -
936 2784 1101 2817 civitate,
1132 2791 1218 2819 qnae
1247 2783 1469 2817 seclusimus,
1505 2784 1684 2820 antiquum
1714 2782 1875 2812 videntur
1903 2789 2042 2820 praece·

288 2835 442 2863 dentium
471 2831 571 2871 gloss.
602 2846 643 2850 —
669 2830 724 2859 23.
755 2829 854 2868 Quod
883 2828 985 2859 PxF:
1014 2833 1048 2858 ut
1076 2830 1165 2868 ‹suod
1194 2829 1310 2860 ssRTE
1328 2853 1335 2863 ,
1363 2832 1394 2860 et
1420 2829 1511 2868 quod
1538 2829 1616 2859 Son.
1648 2845 1685 2851 —
1715 2829 1928 2859 commodum
1956 2828 2038 2860 Ern.

289 2880 436 2916 Operae.
481 2893 517 2898 —-
562 2879 790 2908 constituetur
817 2883 866 2914 pr.
895 2875 940 2910 Ρ,
981 2875 1121 2914 Grypliii
1163 2876 1252 2907 dun:
1290 2878 1532 2916 comprimetur
1567 2885 1615 2914 pr.
1645 2876 1695 2910 Α,
1725 2883 1814 2907 corr.
1845 2875 1868 2906 P
1896 2879 2040 2915 aliique,

289 2928 538 2964 comprimatur
563 2925 612 2959 T,
654 2926 830 2964 mitigetur
868 2922 925 2953 RE
961 2927 993 2954 et
1032 2932 1119 2953 corr.
1152 2924 1190 2953 Α.
1228 2923 1281 2963 (V.
1312 2926 1518 2953 constituere
1545 2926 1733 2961 opponitur
1760 2932 1788 2954 v.
1819 2931 2040 2962 commovere,

289 2978 325 3004 ut
352 2972 424 3002 Liv.
454 2973 508 3004 35,
538 2971 605 3002 ²28:
639 2971 874 3009 Philopoemen
901 2978 1023 3008 aymen
1049 2972 1252 3006 constituit,
1282 2971 1312 3000 id
1342 2976 1413 3005 est,
1443 2977 1564 3001 sustere
1591 2971 1732 3009 gradum
1762 2970 1890 3006 iussit.)
1920 2985 1953 2990 —
1983 2969 2040 3001 2'4.

289 3019 399 3050 altera
424 3027 476 3048 res
502 3018 544 3048 ab
564 3018 703 3054 PBRT,
737 3018 772 3048 L.
798 3034 830 3039 ——
861 3017 916 3047 ⁶25.
945 3017 1023 3046 item
1050 3016 1129 3047 PBF
1158 3022 1190 3047 et
1218 3026 1267 3055 pr.
1289 3018 1335 3048 A:
1365 3019 1416 3047 ita
1434 3017 1523 3048 RTE
1546 3022 1578 3047 et
1598 3026 1682 3047 corr⁴
1707 3016 1748 3047 A.
1772 3034 1809 3040 ——
1839 3016 1980 3047 dicendo
2004 3017 2043 3057 fic

289 3067 436 3097 maa-ime
464 3065 507 3102 P,
534 3066 676 3095 dicendo
700 3064 851 3095 maxime
879 3063 900 3093 F
928 3068 960 3094 et
988 3072 1036 3100 pr.
1067 3064 1105 3093 A.
1139 3062 1194 3101 (Ut
1222 3073 1305 3099 nos,
1336 3073 1428 3096 corr.
1453 3063 1511 3102 Α.)
1540 3064 1658 3095 Fort.:
1702 3064 1794 3094 Haec
1821 3072 1873 3094 res
1899 3064 1928 3093 si
1953 3064 2043 3094 sicut

288 3114 326 3144 in
352 3113 511 3142 amicitia
538 3113 614 3142 vitem
641 3112 834 3142 indicendo
858 3110 914 3152 fic,
943 3110 1094 3140 marimo
1120 3110 1280 3141 ΒΑιΤ.-
1307 3111 1362 3141 26.
1394 3111 1559 3143 dicimus.
1588 3111 1689 3141 amice·
1718 3108 1798 3149 cet]
1829 3110 1938 3141 Locus·
1968 3119 2043 3147 per-

290 3167 392 3199 quam
411 3158 546 3188 dubius.
577 3158 618 3189 Ut
638 3168 697 3189 nos
713 3183 720 3196 ‚
751 3167 838 3189 corr.
860 3158 888 3188 A
908 3161 941 3188 et
960 3156 986 3187 T
1005 3180 1012 3192 ,
1042 3158 1103 3186 iii-i
1126 3158 1217 3195 quod
1240 3158 1292 3188 hic
1312 3168 1441 3189 eorum.
1465 3174 1501 3179 -
1532 3156 1693 3194 (dicimus
1712 3163 1826 3188 tamen
1843 3161 1872 3187 et
1892 3158 2044 3195 ipsorum

288 3207 445 3238 'veritatis
470 3212 539 3236 esse
563 3206 723 3235 videatur
756 3206 780 3236 P
797 3230 805 3243 ‚
841 3204 985 3235 dicimus
1019 3208 1131 3234 lamen
1165 3211 1237 3235 tam
1269 3207 1436 3237 sentencia
1462 3214 1581 3237 eornm
1606 3206 1665 3245 qui
1691 3204 1810 3235 dirum
1835 3204 1978 3242 (dicitur
2003 3204 2044 3242 A)

288 3261 393 3294 quam
419 3251 460 3282 de
485 3252 606 3290 quibus
632 3253 757 3283 dicitur
782 3261 865 3283 vera
890 3252 1058 3282 habeatur
1087 3251 1109 3282 F
1136 3256 1168 3282 et
1195 3260 1245 3290 pr.
1276 3254 1323 3287 A,
1360 3254 1453 3291 ipsos
1479 3253 1578 3283 veriti
1603 3261 1670 3283 esse
1696 3251 1876 3282 videamur
1906 3259 1970 3290 mg.
2005 3251 2041 3282 F.

291 3300 429 3331 Ceteras
457 3298 564 3328 Codd.
595 3300 712 3329 turbas
743 3300 820 3332 vide
847 3300 879 3329 in
909 3297 1182 3337 Graevio-Oud.)
1208 3315 1250 3319 ——
1283 3299 1339 3328 27.
1366 3301 1403 3329 in
1428 3300 1569 3330 dicendo
1596 3299 1753 3331 licentiae
1778 3296 1915 3330 PART:
1944 3297 2045 3330 licen-

289 3347 360 3380 tiae
393 3347 431 3377 in
455 3345 598 3377 dicendo
625 3345 722 3377 BFE.
751 3363 793 3370 —
819 3345 875 3378 ⁶29.
905 3348 1050 3387 cupiunt
1077 3345 1180 3378 libri:
1210 3347 1352 3387 capiant
1380 3346 1404 3377 E
1435 3348 1525 3379 coni.
