2117 3762
732 261 829 300 LlB.
865 261 934 300 111.
997 260 1040 300 C.
1079 261 1114 303 l.
1145 261 1186 301 2.
1220 262 1260 301 3.
1791 268 1869 308 295

120 380 209 410 sum
239 368 413 409 instituit
444 373 652 409 coarcere.
714 367 806 416 Quo
846 366 1011 420 quidem
1051 368 1139 420 ipso
1180 368 1220 408 in
1251 369 1344 410 loco
1375 368 1503 411 multa
1532 382 1555 410 a
1587 370 1732 410 Crasso
1765 370 1870 413 divi-

121 433 227 472 nitus
268 430 375 471 dicta
413 429 715 477 efferebantur,
765 442 856 467 cum
899 427 976 469 sibi
1020 428 1133 470 illum
1174 433 1385 472 consulem
1426 446 1517 472 esse
1559 438 1754 485 negaret,
1804 435 1869 475 cni

119 499 286 535 senator
315 494 402 547 ipse
432 508 515 535 non
542 497 663 534 esset.
729 492 832 530 «An
866 495 937 538 tu,
972 505 1084 532 rum
1116 507 1317 534 omnem
1347 495 1726 536 auctoritatem
1757 496 1872 537 uni-

120 555 260 597 versi
310 556 511 598 ordinis
554 568 650 611 pro
695 553 928 609 pignore
973 554 1182 607 putaris
1229 570 1440 612 eamque
1485 556 1535 598 in
1577 565 1870 610 conspectu

119 618 299 675 populi
344 619 556 661 Romani
605 618 930 663 concideris,
980 631 1052 658 ine
1099 618 1179 658 his
1230 620 1505 660 existimas
1550 621 1900 675 pignoribuss

119 682 340 724 terreri?
390 684 496 723 Non
541 681 638 722 tibi
687 679 778 720 illa
823 685 939 720 sunt
987 678 1277 726 caedenda,
1327 681 1371 722 si
1418 684 1463 722 L.
1508 684 1747 724 Crassum
1792 684 1871 723 vis

120 750 399 794 coercere3
449 745 574 785 haec
610 740 710 782 tibi
751 747 827 782 est
866 741 1159 783 excidenda
1198 742 1401 797 lingua3
1450 758 1545 800 qua
1576 745 1656 786 vel
1687 746 1872 786 evulsa

119 808 319 862 spiritu
348 806 466 860 ipso
498 803 779 846 libidinem
813 810 946 845 tuam
979 804 1200 845 libertas
1239 818 1349 846 mea
1380 805 1678 847 refutabit.»
1740 808 1792 847 11.
1828 811 1868 849 5.

120 868 327 910 Permulta
356 874 442 909 tum
472 866 835 908 vehementissima
865 867 1128 907 contentione
1159 867 1308 915 animi,
1345 867 1521 921 ingenii,
1553 869 1704 910 virium
1736 871 1787 910 ab
1820 882 1871 911 eo

119 931 226 973 dicta
255 943 345 972 esse
376 932 591 971 constabat
620 929 948 985 sententiamque
980 942 1093 978 eam,
1129 943 1252 983 quam
1284 937 1448 971 senatus
1479 932 1674 986 frequens
1705 938 1912 974 secutusm

119 1000 180 1035 est
209 992 480 1034 ornatissimis
511 999 551 1033 et
588 992 840 1047 gravissimis
879 993 1043 1040 verbis,
1096 993 1153 1032 Ut
1193 992 1392 1046 populo
1433 996 1663 1035 Romano
1708 995 1871 1034 satis-

118 1055 308 1103 fieret,
357 1068 614 1109 nunquam
654 1061 870 1095 senatus
901 1067 1069 1108 neque
1101 1053 1380 1096 consilium
1411 1055 1484 1096 rei
1515 1055 1759 1111 publicae
1790 1069 1871 1097 ne·-

117 1131 214 1172 que
245 1116 406 1159 fidem
439 1118 704 1164 defuisse,
751 1114 801 1156 ab
835 1129 884 1156 eo
916 1114 1066 1156 dictam
1099 1121 1139 1155 et
1170 1117 1372 1165 eundem,
1406 1116 1447 1158 id
1478 1121 1588 1172 quod
1619 1120 1660 1159 in
1691 1118 1871 1160 auctori-

115 1180 267 1222 tatibus
296 1179 560 1236 praescriptis
592 1185 742 1227 exstat,
776 1177 996 1220 scribendo
1028 1176 1223 1219 adfuisse.
1285 1181 1324 1219 6.
1371 1179 1443 1220 Illa
1480 1186 1687 1235 tamquam
1719 1193 1870 1236 cycnea

114 1241 192 1284 fuit
230 1242 357 1284 divini
396 1243 576 1283 hominis
617 1255 700 1283 vox
737 1246 778 1282 et
817 1240 973 1289 oratio,
1026 1254 1149 1295 quam
1189 1242 1305 1295 quasi
1344 1248 1629 1297 exspectantes
1660 1251 1751 1299 post
1782 1245 1918 1287 eius1⁵

115 1305 326 1347 interitum
356 1304 622 1346 veniebamus
653 1305 693 1345 in
724 1304 904 1351 curiam,
951 1309 996 1345 ut
1025 1303 1245 1357 vestigium
1276 1304 1378 1345 illud
1408 1306 1568 1360 ipsum,
1614 1305 1657 1347 in
1688 1320 1768 1360 quo
1800 1308 1870 1347 ille

114 1374 371 1424 postremum
401 1367 633 1416 institisset,
683 1373 988 1408 contueremur.
1050 1368 1235 1422 Namque
1266 1372 1352 1408 tum
1385 1368 1490 1409 latus
1521 1367 1559 1408 ei
1592 1368 1741 1409 dicenti
1773 1381 1871 1409 con-

116 1431 296 1473 doluisse
326 1430 604 1485 sudoremque
636 1429 809 1470 multum
841 1434 1110 1470 consecutum
1143 1443 1232 1471 esse
1263 1431 1557 1480 audiebamus;
1592 1444 1643 1472 ex
1664 1444 1745 1486 quo
1777 1446 1870 1473 cum

116 1493 418 1542 cohorruisset,
453 1508 545 1534 cum
577 1491 683 1533 febri
714 1493 881 1533 domum
913 1490 1036 1532 rediit
1066 1493 1215 1545 dieque
1246 1494 1421 1547 septimo
1444 1494 1582 1534 lateris
1605 1493 1747 1535 dolore
1772 1508 1870 1535 con-

115 1563 302 1612 sumptus
333 1563 408 1598 est.
470 1559 510 1596 7.
558 1556 591 1596 O
632 1554 819 1596 fallacem
862 1554 1074 1596 hominum
1114 1568 1231 1608 spem
1270 1554 1541 1610 fragilemque
1581 1557 1789 1598 fortunam
1830 1565 1870 1600 et
1885 1573 1919 1599 2⁰

114 1619 257 1661 inanes
277 1625 437 1660 nostras
458 1618 742 1660 contentiones
761 1619 769 1657 1
804 1631 907 1673 quae
928 1617 969 1658 in
991 1616 1127 1659 medio
1150 1619 1284 1671 spatio
1309 1632 1431 1671 saepe
1453 1619 1697 1673 franguntur
1718 1625 1758 1660 et
1778 1634 1871 1661 eor-

114 1687 241 1722 ruunt
261 1687 331 1722 aut
361 1688 454 1723 ante
484 1683 526 1722 in
555 1683 647 1735 ipso
679 1695 802 1722 cursu
832 1683 1087 1729 obruuntur,
1123 1695 1246 1735 quam
1275 1688 1441 1736 portum
1464 1681 1703 1736 conspicere
1725 1689 1871 1738 potue-

114 1749 225 1785 runt.
286 1747 406 1791 Nam,
439 1745 635 1800 quamdiu
659 1744 794 1784 Crassi
815 1742 892 1783 fuit
921 1743 1160 1784 ambitionis
1193 1742 1334 1785 labore
1364 1743 1445 1785 vita
1477 1744 1680 1793 districta,
1714 1747 1870 1787 tamdiu

114 1806 285 1862 privatis
325 1809 454 1860 magis
495 1805 641 1847 officiis
681 1812 721 1847 et
756 1806 911 1860 ingenii
950 1807 1070 1846 laude
1101 1805 1239 1848 floruit
1268 1820 1391 1862 quam
1421 1808 1557 1849 fructu
1588 1808 1869 1861 amplitudinis

114 1874 184 1909 aut
219 1869 282 1909 rei
321 1868 510 1922 publicae
552 1868 764 1923 dignitate.
828 1870 908 1918 Qui
950 1875 1086 1910 autem
1126 1883 1256 1911 annus
1294 1869 1333 1910 ei
1372 1871 1530 1923 primus
1572 1873 1621 1911 ab
1662 1872 1868 1911 honorum
1883 1885 1918 1910 25

113 1929 402 1987 perfunctione
443 1933 598 1972 aditum
640 1931 823 1972 omnium
863 1945 1062 1972 concessu
1091 1931 1142 1973 ad
1173 1946 1375 1972 summam
1406 1932 1691 1974 auctoritatem
1722 1932 1866 1982 dabat,

113 1995 148 2035 is
169 1992 257 2035 eius
278 2006 443 2035 omnem
465 2007 579 2047 spem
601 2000 724 2049 atque
758 1995 896 2035 omnia
926 1993 1032 2035 vitae
1063 1993 1234 2035 consilia
1265 2000 1398 2036 morte
1429 1996 1642 2050 pervertit.
1704 1997 1743 2036 8.
1777 1995 1870 2036 Fuit

113 2058 194 2098 hoc
221 2056 456 2098 luctuosum
476 2056 582 2105 suis,
617 2058 812 2098 acerbum
836 2057 1018 2111 patriae,
1052 2070 1177 2110 grave
1199 2059 1322 2098 bonis
1345 2057 1557 2105 omnibus,
1589 2061 1661 2100 sed
1682 2057 1711 2099 ii
1732 2063 1868 2098 tamen

113 2121 176 2161 rei
208 2118 400 2174 publicae
431 2133 547 2161 casus
577 2121 706 2160 secuti
736 2125 854 2168 sunt,
892 2125 937 2160 ut
965 2120 1065 2161 mihi
1095 2134 1178 2162 non
1210 2127 1353 2174 erepta
1382 2123 1428 2165 L.
1453 2121 1599 2162 Crasso
1630 2134 1652 2161 a
1684 2121 1760 2161 diis
1791 2122 1868 2162 im-

115 2181 358 2224 mortalibus
395 2183 502 2231 vita‚
552 2184 625 2223 sed
666 2181 816 2223 donata
846 2195 957 2224 mors
989 2196 1079 2224 esse
1110 2182 1312 2225 videatur.
1374 2185 1465 2224 Non
1496 2182 1597 2225 vidit
1628 2181 1868 2237 flagrantem
1884 2198 1918 2222 ³0

115 2243 224 2285 bello
256 2245 441 2293 Italiam,
474 2259 559 2286 non
589 2243 800 2286 ardentem
832 2244 987 2286 invidia
1016 2251 1224 2295 senatum,
1271 2259 1355 2287 non
1384 2247 1550 2287 sceleris
1582 2245 1728 2287 nefarii
1758 2246 1870 2299 prin-

116 2305 228 2362 cipes
256 2306 430 2349 civitatis
451 2321 571 2356 reOS,
604 2321 687 2348 non
717 2308 871 2348 luctum
902 2306 1035 2358 filiae,
1068 2323 1154 2350 non
1175 2308 1366 2350 exsilium
1387 2308 1553 2360 generi,
1585 2322 1669 2350 non
1691 2308 1869 2350 acerbis-

115 2368 258 2410 simam
304 2371 344 2414 C.
379 2371 499 2411 Marii
539 2369 696 2424 fugam,
743 2384 825 2411 non
868 2370 979 2411 illam
1019 2377 1112 2427 post
1150 2372 1327 2413 reditum
1366 2371 1453 2412 eius
1485 2370 1654 2412 caedem
1685 2372 1867 2412 omnium

116 2430 466 2481 crudelissimam,
498 2446 581 2474 non
612 2434 790 2488 denique
822 2432 863 2474 in
894 2434 1007 2475 omni
1038 2448 1188 2488 genere
1221 2434 1492 2476 deformatam
1524 2447 1614 2476 eam
1646 2433 1864 2481 civitatem,

115 2493 157 2536 in
186 2507 266 2550 qua
295 2495 383 2550 ipse
413 2494 703 2537 florentissima
735 2496 909 2536 multum
940 2498 1133 2537 omnibus
1164 2497 1298 2552 gloria
1326 2497 1613 2552 praestitisset.
1883 2508 1917 2533 ³⁵

231 2558 302 2598 III.
344 2560 384 2599 9.
433 2561 484 2600 Et
522 2560 718 2614 quoniam
753 2559 870 2613 attigi
908 2560 1156 2612 cogitatione
1187 2559 1271 2599 vim
1302 2558 1625 2615 varietatemque
1655 2557 1867 2606 fortunae,

210 2699 243 2730 1.
270 2699 396 2730 institit
421 2698 618 2731 Manutius.
648 2716 685 2721 —
714 2698 811 2738 Quod
837 2698 877 2729 B.
898 2714 940 2721 —
966 2700 1003 2730 in
1028 2699 1104 2738 ipso
1131 2698 1172 2730 B.
1197 2715 1231 2721 -
1261 2699 1294 2729 2.
1321 2699 1520 2740 serebantur
1546 2707 1585 2731 ex
1612 2699 1765 2738 quinque
1785 2697 1866 2738 Lag.

119 2744 349 2778 deterioribus
376 2745 424 2782 Τ,
464 2751 497 2777 et
522 2748 566 2778 ita
594 2746 730 2777 volebat
755 2745 944 2776 Lambinus
970 2750 1075 2786 atque
1101 2745 1296 2777 Ernesuus.
1345 2746 1507 2778 Nostrum
1535 2746 1670 2777 firmant
1695 2744 1796 2775 ABR.
1830 2761 1865 2766 —

120 2790 189 2831 cui]
216 2793 381 2831 quoniam
407 2792 452 2829 B,
480 2794 536 2823 cui
561 2795 664 2825 eciam
691 2794 742 2828 R,
768 2794 851 2832 quoi
877 2792 917 2823 T.
949 2808 984 2814 —-
1024 2793 1058 2824 4.
1085 2800 1151 2831 pro
1174 2793 1335 2833 pignore]
1360 2801 1583 2832 propuqnare
1609 2792 1650 2822 R.
1679 2808 1720 2812 —
1757 2792 1790 2823 5.
1816 2799 1869 2822 me

119 2836 186 2878 his]
213 2839 295 2868 meis
320 2838 392 2870 AB.
432 2855 468 2860 —
506 2841 684 2876 existimas
706 2839 913 2879 piynoribus
938 2838 996 2870 ΑΒ
1023 2839 1174 2879 aliique,
1202 2840 1256 2870 n:
1296 2840 1507 2880 piynoribus
1544 2838 1720 2870 existimas
1746 2837 1785 2868 E.
1828 2854 1865 2860 —

118 2886 152 2917 6.
181 2885 304 2916 terreri
329 2885 388 2915 ΑΒ
415 2885 570 2925 aliique:
607 2894 708 2926 posse
734 2887 856 2917 terreri
882 2885 957 2917 RE.
1003 2901 1041 2907 —
1080 2886 1256 2917 caedenda
1295 2886 1406 2919 Codd.
1450 2885 1519 2917 ³1.:
1563 2884 1773 2915 concidenda
1810 2881 1869 2923 (Α)

119 2932 200 2968 RE,
228 2931 445 2963 concedenda
470 2932 509 2963 B.
539 2950 575 2956 —
605 2934 644 2964 L.
673 2932 834 2964 Crassum
860 2932 886 2962 B
912 2933 1064 2972 aliique,
1093 2932 1144 2963 R:
1174 2933 1338 2964 Crassum
1364 2932 1407 2972 (Α
1420 2931 1448 2971 2)
1476 2931 1514 2962 E.
1548 2947 1583 2953 —
1624 2931 1658 2961 7.
1688 2930 1870 2962 incidenda

119 2979 146 3011 B
173 2982 207 3010 et
233 2977 428 3009 Schutzius.
455 2977 520 3018 (De
547 2980 576 3010 Α
603 2987 672 3010 non
700 2977 838 3018 liquet.)
865 2995 909 3000 ——
934 2979 967 3009 9.
997 2979 1225 3011 concitatione
1243 2979 1286 3010 R.
1315 2996 1358 3001 -
1386 2979 1441 3009 12.
1470 2986 1531 3008 nec
1554 2977 1654 3018 fidem
1678 2976 1717 3007 B.
1745 2992 1788 3001 —
1811 2976 1869 3008 13.

120 3026 216 3058 dicta
244 3025 283 3055 Β.
310 3039 352 3044 -
380 3023 436 3055 14.
466 3034 593 3066 cygnea
619 3026 661 3057 R.
689 3042 732 3047 --
774 3026 828 3056 15.
857 3023 945 3065 eius]
973 3026 1002 3056 ei
1027 3025 1068 3056 A.
1100 3042 1137 3048 —
1176 3026 1232 3057 16.
1259 3023 1328 3066 ille]
1354 3027 1424 3064 ipse
1449 3023 1550 3054 ABR.
1583 3039 1619 3044 —
1657 3022 1712 3054 17.
1737 3028 1872 3063 postre-

118 3081 175 3104 mo
203 3072 240 3103 R.
273 3087 309 3094 —
340 3067 384 3110 ei]
410 3071 483 3102 eius
500 3073 542 3103 R.
572 3090 609 3095 —
638 3073 766 3104 dicenti
792 3081 860 3104 om.
881 3072 983 3103 ABR.
1004 3087 1045 3092 —
1071 3072 1220 3103 doluisse
1238 3072 1296 3102 ΑΒ
1323 3077 1356 3104 et
1380 3080 1418 3103 ex
1444 3071 1516 3102 abis
1542 3069 1583 3100 Τ.
1612 3069 1666 3110 (tn
1694 3078 1724 3102 v.
1754 3073 1870 3102 minus

119 3119 295 3158 frequenti
322 3117 542 3150 offenderunt
566 3121 751 3158 scriptores
779 3119 937 3158 librarii.)
965 3135 1005 3140 —
1032 3117 1088 3149 19.
1116 3119 1302 3150 corruisset
1327 3119 1367 3150 R.
1397 3132 1436 3138 —
1471 3116 1528 3147 20.
1555 3120 1604 3147 est
1630 3125 1699 3148 om.
1727 3115 1798 3148 ΑΒ.
1826 3133 1872 3138 —-

117 3167 175 3198 21.
203 3165 242 3195 in
263 3160 384 3202 medio]
410 3165 574 3196 mediocre¹
591 3166 633 3202 Α,
659 3166 825 3197 mediocri
849 3167 886 3197 in
905 3166 943 3197 Β.
964 3183 1005 3188 -
1031 3164 1087 3195 22.
1106 3168 1167 3196 aut
1185 3165 1299 3196 ABR:
1328 3169 1358 3196 et
1379 3163 1417 3194 E.
1440 3179 1475 3185 —-
1506 3161 1562 3193 23.
1584 3163 1752 3195 distracta
1770 3163 1810 3195 R.
1833 3179 1867 3184 —

119 3212 178 3244 24.
204 3212 352 3249 fructum
376 3210 449 3241 ΑΒ.
478 3226 519 3232 -
559 3211 616 3243 25.
643 3221 754 3243 annus
779 3213 810 3243 ei
838 3212 952 3243 ABR:
992 3213 1020 3244 ei
1046 3220 1159 3242 annus
1186 3211 1223 3243 E.
1253 3227 1293 3233 —
1335 3211 1391 3242 27.
1420 3206 1504 3248 eius]
1533 3209 1563 3240 εἰ
1590 3210 1628 3240 Β.
1655 3225 1699 3233 -
1736 3210 1794 3241 29.
1821 3211 1872 3242 rei

117 3259 277 3300 publicae
297 3256 406 3288 Codd.
427 3256 498 3288 ab:
525 3265 596 3288 rem
617 3258 793 3297 publicam
817 3258 891 3290 RE.
919 3258 984 3298 (De
1004 3258 1061 3290 ΑΒ
1080 3267 1148 3289 non
1175 3258 1313 3297 liquet.)
1332 3271 1375 3279 -
1402 3255 1457 3288 31.
1484 3255 1626 3287 Italiam
1651 3255 1735 3288 bello
1760 3257 1800 3288 B.
1828 3272 1870 3278 —

119 3313 191 3336 non
215 3309 294 3337 ante
320 3303 498 3335 ardentem
523 3311 591 3335 om.
618 3304 691 3335 ΑΒ.
719 3321 764 3326 -
789 3303 846 3338 33.
874 3305 937 3337 illa
963 3305 1002 3336 B.
1032 3321 1074 3327 —-
1100 3303 1157 3338 35.
1185 3305 1255 3344 ipse
1280 3312 1347 3336 om.
1367 3302 1408 3335 B.
1438 3317 1478 3325 —
1503 3302 1621 3345 qloria
1646 3311 1714 3336 om.
1735 3303 1807 3335 ΑΒ.
1827 3318 1870 3327 «-

121 3351 179 3384 36.
205 3352 251 3384 Et
274 3350 387 3383 ABR:
417 3349 484 3382 Sed
509 3349 550 3382 Ε.
