2117 3762
834 273 931 313 LtB.
969 274 1017 312 ll.
1081 274 1124 312 C.
1160 276 1226 312 157.
1817 279 1895 315 275

147 378 218 420 dit
248 384 295 418 et
326 385 528 419 taurum
561 376 863 418 immolavit.
923 377 950 428 ἥ-
972 380 1099 418 'santa
1130 379 1308 430 suspicio
1342 383 1426 422 est,
1461 383 1503 418 ut
1534 377 1729 429 religione
1761 379 1897 419 civita-

148 448 229 482 tem
259 442 529 481 obstrinxisse
562 438 749 480 videatur
778 440 1018 484 Mummius,
1052 442 1162 493 quod
1194 439 1375 481 Asellum
1408 439 1631 492 ignominia
1664 441 1822 480 levarit.

260 504 422 543 valt.
456 504 552 542 269.
607 502 767 540 L'rbana
798 500 921 541 etiam
954 500 1225 542 dissimulatio
1256 508 1339 549 est,
1379 514 1472 542 cum
1503 501 1581 541 alia
1611 502 1823 548 dicuntur,
1855 515 1899 541 ac

148 564 322 611 sentias,
372 580 455 604 non
495 563 565 604 illo
603 575 777 616 genere,
829 566 878 604 de
910 578 993 617 quo
1023 569 1117 603 ante
1149 563 1257 611 dixi,
1310 577 1402 604 cum
1433 565 1636 605 contraria
1666 563 1805 610 dicas,
1857 571 1902 604 ut

150 628 313 667 Lamiae
345 627 537 672 Crassus,
568 623 640 665 sed
671 639 764 665 cum
797 631 880 666 toto
913 639 1066 677 genere
1098 625 1297 666 orationis
1327 639 1471 666 severe
1501 624 1639 672 ludas,
1670 638 1763 666 cum
1784 624 1928 665 alitem

148 688 323 734 sentias,
369 701 415 728 ac
446 687 637 742 loquare;
687 694 730 728 ut
760 695 900 729 noster
931 687 1125 729 Scaevola
1155 687 1437 742 Septumuleio
1469 687 1525 728 illi
1555 686 1791 741 AnagninO,
1837 687 1903 727 cui

150 765 224 803 pro
257 750 300 790 C.
324 747 498 790 Gracchi
529 748 662 802 capite
693 756 780 790 crat
810 764 956 790 aurum
989 763 1235 804 repensum,
1288 751 1470 800 roganti,
1518 755 1563 790 ut
1601 762 1644 790 se
1684 748 1726 790 in
1764 750 1903 788 Asiam

149 812 403 866 praesectum
433 813 626 856 duceret,
660 811 799 859 Quid
831 810 929 852 tibi
961 813 1058 857 vis,
1091 811 1244 865 inquit,
1287 812 1502 852 insane?
1549 813 1710 852 Tanta
1741 810 1904 852 malo-

148 887 258 915 rum
290 878 371 913 est
403 871 690 913 multitudo
721 873 936 919 civium,
980 880 1034 914 ut
1076 873 1172 914 tibi
1212 886 1308 926 ego
1346 873 1446 913 hoc
1486 874 1819 919 confirmem,
1864 874 1903 913 si

148 940 332 978 Romae
364 934 635 982 manseris,
669 941 717 975 te
749 937 927 988 paucis
958 936 1108 976 annis
1139 933 1198 975 ad
1230 933 1481 975 maximas
1511 937 1762 989 pecunias
1793 948 1953 976 esseio

149 1002 442 1038 venturum.
504 998 600 1035 270.
649 998 692 1036 In
733 999 811 1038 hoc
843 1011 995 1051 genere
1026 997 1205 1037 Fannius
1236 995 1278 1036 in
1309 994 1524 1037 annalibus
1554 996 1637 1036 suis
1668 996 1904 1038 Africanum

148 1062 255 1100 hunc
293 1058 565 1099 Aemilianum
605 1057 704 1099 dicit
743 1060 771 1111 ἦ·
803 1059 930 1100 fuisse
972 1064 1012 1100 et
1043 1072 1138 1099 eum
1171 1059 1330 1099 Graeco
1362 1059 1493 1098 verbo
1523 1058 1702 1113 appellat
1730 1062 1902 1112 εἴρωνα,

146 1120 240 1168 sed,
272 1121 332 1162 uti
362 1119 522 1167 ferunt,
555 1121 625 1174 qui
656 1121 804 1162 melius
835 1121 937 1162 haec
967 1125 1138 1165 norunt,
1173 1121 1385 1160 Socratem
1416 1121 1564 1174 opinor
1595 1121 1635 1160 in
1665 1122 1741 1161 hac
1770 1120 1905 1162 ironia

147 1181 526 1238 dissimulantiaque
557 1184 681 1236 longe
711 1184 852 1238 lepore
873 1189 913 1224 et
934 1182 1185 1224 humanitate
1215 1179 1406 1221 omnibus
1437 1182 1705 1236 praestitisse.
1768 1184 1906 1223 Genus

148 1251 210 1286 est
250 1244 496 1298 perelegans
536 1251 576 1285 et
613 1258 706 1286 cum
746 1245 945 1300 gravitate
980 1245 1130 1285 salsum
1159 1256 1336 1297 cumque
1380 1245 1574 1284 oratoriis
1619 1244 1952 1291 dictionibus,¹5

149 1312 235 1348 tum
265 1305 433 1347 urbanis
464 1305 726 1347 sermonibus
756 1306 1126 1360 accommodatum,
1188 1307 1284 1346 271.
1331 1307 1383 1345 Et
1411 1304 1578 1346 hercule
1611 1308 1751 1347 omnia
1781 1308 1905 1352 haec,

148 1381 255 1422 quae
275 1381 299 1408 a
322 1381 388 1408 me
410 1369 461 1408 de
482 1367 639 1408 facetiis
670 1367 951 1423 disputantur,
983 1382 1066 1410 non
1097 1369 1255 1409 maiora
1285 1365 1515 1408 sorensium
1544 1367 1752 1409 actionum
1783 1382 1906 1423 quam

149 1429 333 1471 omnium
363 1443 602 1470 sermonum
633 1430 894 1472 condimenta
926 1436 1035 1472 sunt.
1096 1432 1199 1470 Nam
1221 1428 1326 1470 sieut
1346 1430 1458 1483 quod
1479 1431 1588 1484 apud
1612 1432 1808 1472 Catonem
1828 1436 1904 1477 est,

149 1492 220 1546 qui
263 1493 391 1532 multa
432 1491 606 1538 rettulit,
657 1505 709 1532 ex
739 1493 890 1547 quibus
921 1507 944 1533 a
973 1506 1039 1533 me
1077 1490 1255 1546 exempli
1293 1504 1414 1532 causa
1444 1491 1473 1543 ἦ·
1504 1491 1630 1532 multa
1668 1499 1904 1547 ponuntur,

150 1566 226 1608 per
265 1552 367 1594 mihi
408 1554 555 1594 scitum
592 1554 756 1594 videtur
786 1556 830 1596 C.
854 1554 1085 1595 Publicium
1126 1553 1291 1594 solitum
1322 1554 1485 1599 dicere,
1535 1555 1580 1594 P.
1605 1554 1951 1596 Mummiumzo

150 1615 320 1656 cuivis
352 1616 578 1670 tempori
609 1615 874 1657 hominem
907 1630 1043 1657 esse:
1093 1616 1151 1656 sie
1182 1614 1370 1669 profecto
1400 1628 1444 1656 se
1473 1628 1538 1655 res
1568 1618 1717 1664 habet,
1750 1616 1906 1657 nultum

151 1682 196 1717 ut
225 1678 278 1718 sit
306 1678 413 1718 vitae
443 1684 626 1731 tempus,
658 1677 701 1718 iu
731 1692 812 1733 quo
844 1692 928 1719 non
959 1680 1102 1719 deceat
1126 1679 1314 1732 leporem
1336 1678 1717 1733 humanitatemque
1738 1679 1907 1719 versari.

151 1740 248 1779 272.
283 1738 363 1780 Sed
393 1741 520 1780 redeo
550 1741 600 1780 ad
631 1745 783 1780 cetera.
842 1742 915 1780 Est
943 1741 1040 1781 huic
1069 1740 1289 1780 finitimum
1319 1738 1660 1788 dissimulationi,
1713 1754 1806 1781 cum
1836 1740 1908 1781 ho-

151 1805 270 1841 nesto
300 1802 428 1842 verbo
460 1800 609 1842 vitiosa
637 1814 706 1842 res
735 1800 988 1856 appellatum
1036 1807 1083 1842 ut
1121 1814 1215 1842 cum
1252 1802 1471 1842 Africanus
1502 1814 1651 1842 censor
1679 1803 1792 1843 tribu
1819 1815 1908 1843 mo-

152 1865 275 1904 vebat
304 1877 399 1904 eum
429 1864 734 1911 centurionem,
786 1865 857 1917 qui
887 1866 930 1904 in
960 1863 1090 1905 Paulli
1118 1876 1257 1918 pugna
1287 1876 1370 1904 non
1399 1862 1591 1910 affuerat,
1640 1876 1733 1904 cum
1763 1864 1832 1904 ille
1863 1877 1906 1904 se
1921 1875 1954 1899 2⁵

151 1924 365 1966 custodiae
406 1938 528 1965 causa
568 1924 726 1966 diceret
764 1927 806 1966 in
835 1927 979 1966 castris
1017 1925 1265 1967 remansisse
1296 1931 1624 1979 quaereretque,
1666 1938 1741 1965 cur
1770 1926 1821 1965 ab
1855 1938 1904 1966 eo

152 1992 388 2028 notaretur:
437 1987 542 2026 Non
582 1999 721 2035 amo,
772 1987 930 2042 inquit,
982 1988 1196 2029 nimium
1228 1986 1536 2040 diligentes,
1597 1988 1692 2027 273.
1734 1990 1908 2028 Acutum

152 2048 275 2091 etiam
295 2049 399 2090 illud
419 2054 502 2095 est,
534 2060 627 2088 cum
658 2061 710 2089 ex
740 2048 906 2089 alterius
938 2049 1126 2090 oratione
1158 2047 1269 2089 aliud
1299 2048 1508 2101 excipias,
1542 2054 1666 2104 atque
1697 2050 1766 2089 ille
1798 2051 1906 2097 vult3

152 2117 198 2152 ut
229 2110 450 2153 Salinatori
479 2111 707 2159 Maximus,
740 2123 857 2167 cum,
888 2112 1066 2151 Tarento
1099 2112 1272 2158 amisso,
1310 2124 1448 2151 arcem
1478 2116 1615 2152 tamen
1646 2110 1785 2152 Livius
1815 2113 1911 2151 reti-

154 2172 312 2214 nuisset
352 2171 563 2225 multaque
604 2185 656 2213 ex
700 2185 750 2213 ea
789 2172 950 2225 proelia
989 2172 1201 2226 praeclara
1244 2171 1429 2220 fecisset,
1476 2186 1570 2214 cum
1615 2173 1773 2226 aliquot
1819 2178 1911 2225 post
1926 2189 1959 2212 ³0

154 2247 285 2276 annos
326 2235 530 2275 Maximus
569 2232 611 2274 id
650 2233 851 2289 oppidum
891 2233 1119 2288 recepisset
1159 2240 1414 2288 rogaretque
1459 2247 1553 2275 eum
1595 2234 1820 2281 Salinator,
1869 2240 1913 2274 ut

157 2295 414 2337 meminisset
445 2308 573 2350 opera
603 2309 676 2336 sua
706 2309 750 2336 se
771 2298 995 2336 Tarentum
1017 2296 1256 2350 recepisse:
1291 2295 1514 2345 Quidni,
1546 2296 1700 2351 inquit,
1733 2296 1913 2337 memi-

157 2357 350 2398 nerim?
381 2369 642 2410 nunquam
675 2357 814 2398 enim
844 2359 1187 2412 recepissem,
1218 2357 1321 2399 nisi
1351 2363 1403 2398 tu
1422 2357 1762 2413 perdidisses.
1821 2359 1914 2400 274.

158 2421 262 2460 Sunt
305 2419 428 2459 etiam
465 2418 537 2459 illa
573 2417 850 2466 subabsurda,
896 2418 969 2460 sed
1007 2432 1057 2460 eo
1098 2421 1192 2473 ipso
1228 2421 1397 2462 nomine
1436 2433 1558 2475 saepe
1589 2419 1785 2467 ridicula,
1833 2432 1913 2460 non

157 2482 292 2522 solum
323 2480 460 2522 mimis
491 2482 753 2536 perapposita
782 2481 855 2523 sed
885 2481 1011 2523 etiam
1041 2484 1348 2536 quodammodo
1379 2480 1522 2523 nobis:
1929 2496 1961 2520 ³5

715 2575 845 2615 Homo
870 2577 1032 2628 fatuus,

381 2638 595 2690 Postquam
624 2649 707 2676 rem
735 2638 873 2677 habere
901 2639 1046 2690 coepit,
1080 2644 1135 2678 est
1163 2644 1374 2678 emortuus.

162 2705 232 2739 et:
741 2700 845 2749 Quid
873 2706 928 2740 esc
958 2700 1029 2739 tibi

256 2825 289 2856 1.
319 2822 446 2864 Tanta]
476 2825 598 2856 Tacita
623 2824 804 2857 Schutzius
821 2847 829 2862 ,
858 2826 957 2856 lacta
975 2825 1115 2857 Bakius.
1143 2824 1282 2860 (Omnia
1300 2824 1386 2856 haec
1406 2824 1521 2854 Tanta
1539 2840 1552 2845 -
1568 2840 1581 2845 ·
1599 2823 1721 2853 lot-arii
1747 2831 1814 2853 non
1842 2824 1916 2854 sine

165 2878 267 2904 causa
285 2875 444 2910 suspecta
462 2875 561 2902 erant
577 2870 764 2910 Ernestio.)
786 2887 825 2893 —
851 2872 884 2902 2.
913 2871 1075 2904 videatur
1103 2876 1219 2902 noster
1243 2871 1428 2902 Mummius
1448 2870 1488 2900 R.
1511 2886 1548 2893 —
1575 2869 1609 2900 [ι.
1637 2871 1818 2899 contraria
1842 2877 1918 2899 cum

164 2918 206 2949 R.
224 2934 262 2941 -
289 2917 323 2948 5.
350 2917 474 2948 laudas
491 2917 531 2949 R.
551 2933 592 2939 —
618 2918 652 2949 6.
681 2918 817 2958 loquere
835 2918 874 2949 B.
900 2933 934 2938 —
963 2919 1019 2948 11.
1046 2919 1084 2948 in
1109 2917 1293 2949 annalibus
1317 2933 1332 2941 -
1356 2934 1370 2939 -
1394 2917 1498 2947 verbo
1518 2924 1586 2946 om.
1613 2915 1650 2945 B.
1682 2931 1720 2936 —
1748 2915 1805 2947 12.
1833 2914 1918 2946 dicit

163 2963 308 2995 multum
330 2961 438 3001 fuisso
459 2964 585 2995 mavolt
610 2964 766 3001 Ellendt,
792 2965 876 2995 dicit
900 2963 1059 3006 floruisse
1085 2963 1227 2995 Bakius.
1255 2963 1325 2994 Sed
1351 2963 1433 2994 illud
1454 2965 1625 3000 praestat,
1655 2960 1757 2992 modo
1783 2963 1831 2992 sic
1850 2962 1918 2992 cot-

165 3011 280 3042 loces:
308 3008 539 3040 Aemilianum
554 3011 712 3042 multum.
740 3011 808 3043 On.
833 3026 870 3033 —
898 3011 1001 3041 irona
1020 3010 1045 3041 B
1061 3033 1070 3048 ‚
1097 3011 1250 3041 ironiam
1266 3010 1306 3041 R.
1335 3026 1372 3032 —
1402 3009 1457 3039 13.
1484 3009 1546 3038 hoc
1569 3017 1604 3037 η.
1626 3007 1668 3037 R.
1689 3022 1729 3028 —
1757 3007 1811 3038 18.
1831 3007 1919 3038 Nam

164 3058 257 3088 sicut
280 3055 373 3096 quod
397 3055 525 3087 Baktus
552 3060 587 3088 et
611 3057 768 3089 Ellendt:
794 3065 878 3088 uam
900 3062 982 3088 sunt
1006 3056 1098 3097 quod
1124 3055 1222 3087 Leid.
1250 3056 1331 3095 Lag.
1359 3055 1393 3085 2.
1419 3054 1497 3091 36„
1531 3062 1614 3084 nam
1638 3053 1730 3094 quod
1753 3054 1853 3085 BRE.
1875 3070 1917 3075 —

165 3101 275 3142 apud]
301 3105 382 3133 ante
407 3101 451 3133 R.
479 3118 520 3124 —
546 3103 602 3134 19.
628 3105 689 3144 qui
711 3112 780 3136 om.
807 3103 852 3134 R.
885 3120 919 3126 —
946 3104 1056 3133 multa
1078 3100 1270 3141 ponuntur]
1299 3099 1477 3139 complura
1500 3103 1681 3139 ponuntur
1706 3108 1745 3131 ex
1770 3100 1853 3140 Lag.
1881 3099 1915 3130 2.

166 3149 225 3182 36.
244 3149 286 3181 Τ.
314 3147 382 3180 Sed
403 3152 456 3180 est
472 3148 654 3180 arbitraria
677 3151 846 3182 correctio
870 3150 1026 3183 vocabuli
1053 3150 1175 3188 utique
1201 3148 1367 3186 corrupti.
1403 3147 1519 3177 Malim
1547 3146 1710 3185 equidem
1734 3147 1916 3177 nonnulla.

168 3196 237 3229 On.
256 3212 296 3220 ——
320 3195 377 3226 21.
399 3195 534 3234 quidvis
559 3197 705 3234 tempori
723 3195 798 3236 (sic)
817 3197 865 3233 R,
893 3197 1041 3228 cuiusvis
1061 3196 1223 3234 temporis
1244 3194 1286 3225 de
1305 3194 1420 3225 nescio
1440 3194 1536 3223 cuius
1562 3194 1653 3224 coni.
1682 3193 1775 3230 apud
1793 3193 1914 3225 Lamb.

166 3243 211 3275 T.
237 3259 280 3265 —
315 3249 351 3272 se
373 3249 431 3272 res
457 3239 565 3272 Codd.
593 3241 660 3272 aL:
686 3249 741 3273 res
764 3250 799 3273 se
822 3241 875 3283 (B)
904 3243 973 3274 RE.
1003 3259 1040 3264 —
1079 3241 1135 3272 26.
1163 3241 1339 3272 custodiae
1361 3237 1478 3278 causa]
1506 3239 1679 3270 custodem
1703 3238 1743 3269 B.
1778 3255 1815 3262 —
1858 3239 1915 3269 29.

168 3289 286 3321 Livius
309 3287 420 3319 lulius
444 3287 643 3318 retinuisset
667 3287 710 3319 B.
729 3303 769 3310 -
795 3288 853 3320 31.
881 3286 969 3328 eum]
996 3293 1070 3319 tum
1094 3288 1136 3318 R.
1166 3303 1207 3309 —
1234 3285 1291 3317 33.
1318 3282 1421 3323 enim]
1448 3293 1510 3325 eqo
1535 3285 1578 3317 R.
1606 3301 1648 3308 —
1673 3285 1845 3316 amisisses
1871 3285 1914 3314 R.

173 3352 208 3358 —
251 3334 307 3366 34.
334 3333 421 3366 Sunt
447 3336 552 3364 etiam
576 3333 650 3370 illa]
675 3333 745 3364 Sub
771 3335 833 3365 illa
859 3335 897 3366 B.
926 3351 964 3356 -
993 3335 1049 3365 37.
1077 3336 1247 3365 emortuus
1274 3332 1489 3363 Lambinus:
1516 3335 1672 3364 mortuus
1700 3331 1799 3362 BRE.
