2117 3762
699 282 797 324 LIB.
832 280 883 321 11.
945 281 988 322 C.
1022 282 1088 325 56.
1121 282 1188 322 57.
1221 282 1289 324 58.
1789 284 1861 326 171

116 394 190 432 tas.
251 390 353 430 Nam
397 388 516 431 aliter
560 386 697 429 dicere
742 386 951 429 solemus:
1001 391 1176 429 Necesse
1216 395 1276 431 est
1316 388 1588 430 Casilinenses
1626 403 1670 430 se
1715 391 1866 432 dedere

116 452 356 502 llannibali;
388 452 506 493 aliter
535 457 694 492 autem:
729 452 904 490 Necesse
937 457 997 492 est
1028 451 1248 493 Casilinum
1280 455 1423 494 ventre
1456 453 1496 492 in
1528 452 1767 492 Hannibalis
1797 465 1868 506 po-

115 521 319 556 testatem.
382 515 489 562 lllic,
528 515 569 554 in
600 514 842 567 superiore,
884 513 1093 554 adiunctio
1124 521 1184 555 est
1217 514 1343 556 baec:
1395 514 1482 556 Nisi
1512 515 1545 555 si
1575 514 1730 555 malunt
1761 514 1868 555 same

113 579 279 633 perire;
328 577 362 619 si
393 577 502 618 enim
533 575 575 617 id
606 577 787 623 lnalnnt,
835 589 918 616 non
965 583 1025 617 est
1055 590 1245 626 necesse;
1296 576 1373 618 hoc
1412 576 1586 618 inferius
1629 590 1711 617 non
1751 577 1865 624 item,

112 647 336 695 propterea
366 640 501 693 quod,
548 637 635 678 sive
674 637 800 678 velint
842 638 1112 680 Casilinenses
1151 652 1194 679 se
1225 638 1377 680 dedere
1408 639 1496 680 sive
1527 638 1676 680 samem
1709 638 1897 694 perpeti5

113 709 237 756 atque
268 701 323 742 ita
354 701 518 756 perire,
552 714 722 741 neeesse
754 706 814 740 est
845 701 1070 741 Casilinum
1101 704 1241 741 venire
1274 702 1313 741 in
1347 701 1587 743 Hannibalis
1609 707 1868 754 potestatem.

114 765 224 815 Quid
255 765 382 819 igitur
411 762 512 804 haec
543 761 745 818 perticere
777 769 910 818 potest
931 762 1244 803 necessitudinis
1266 763 1530 805 distributio?
1562 766 1696 818 Prope
1718 762 1864 811 dicam,

111 827 362 883 plurimum,
412 840 505 866 cuin
551 825 666 866 locus
711 825 1022 866 necessitudinis
1066 823 1274 866 videbitur
1319 825 1546 867 incurrere.
1624 828 1724 866 Nam
1773 838 1866 866 cum

111 888 286 944 simplex
317 889 395 928 erit
424 886 705 934 necessitudo,
738 887 838 928 nihil
871 889 949 928 erit
980 889 1091 941 quod
1125 889 1248 928 multa
1280 887 1483 937 dieamus,
1516 903 1607 929 eum
1630 902 1721 929 eam
1753 887 1866 928 nulla

110 953 271 993 ratione
301 949 433 991 lenire
464 951 700 1004 possimus3
756 952 849 990 172.
883 963 975 989 eum
1016 955 1154 990 antem
1194 950 1248 990 ita
1287 965 1455 992 necesse
1495 952 1595 999 erit,
1639 951 1671 991 si
1711 949 1918 1004 aliquid10

111 1012 294 1066 effugere
325 1018 394 1053 aut
424 1011 595 1067 adipisci
628 1013 801 1054 velimus
822 1045 832 1061 ‚
885 1018 971 1053 tum
1011 1013 1219 1052 adiunctio
1262 1012 1329 1054 illa
1372 1014 1470 1067 quid
1506 1016 1654 1055 habeat
1683 1012 1867 1054 utilitatis

109 1080 178 1117 aut
208 1073 307 1130 quid
335 1074 590 1122 honestatis,
639 1076 716 1115 erit
760 1076 1124 1116 considerandum.
1187 1077 1287 1115 Nam
1327 1077 1361 1116 si
1393 1077 1494 1117 velis
1524 1077 1754 1122 attendere,
1799 1072 1868 1126 (ita

107 1143 275 1185 tamen,
306 1142 351 1178 ut
381 1139 421 1178 id
455 1151 649 1191 quaeras,
691 1140 802 1192 quod
833 1137 1051 1178 conveniat
1080 1138 1131 1177 ad
1161 1151 1280 1178 usum
1312 1137 1524 1190 civitatis,)
1564 1139 1747 1194 reperias
1777 1137 1868 1177 nul-

106 1200 188 1243 lam
227 1212 317 1240 esse
357 1214 469 1248 rem,
517 1213 639 1254 quam
676 1201 812 1241 facere
851 1212 1020 1240 necesse
1058 1200 1109 1239 sit
1145 1201 1223 1240 nisi
1260 1206 1432 1256 propter
1467 1201 1644 1257 aliquam
1683 1216 1863 1251 causam,

106 1275 230 1318 quam
269 1260 577 1303 adiunctionem
622 1264 907 1310 nominamus3
956 1268 1123 1314 praeter
1159 1263 1262 1302 haec
1301 1268 1437 1304 antem
1477 1277 1567 1304 esse
1612 1265 1759 1305 multas
1798 1278 1866 1306 res
1881 1283 1915 1309 1⁵

109 1322 423 1380 [necessitatis],
469 1326 520 1365 ad
552 1338 653 1379 quas
684 1325 830 1366 similis
861 1324 1071 1365 adiunctio
1102 1336 1185 1364 non
1216 1324 1387 1366 accedit.
1447 1326 1569 1375 Quod
1601 1340 1748 1379 genus,
1792 1324 1862 1380 [ut]

106 1388 308 1428 Homines
339 1388 534 1428 mortales
566 1400 735 1428 necesse
767 1394 829 1428 est
857 1387 1047 1434 interire,
1080 1385 1169 1427 sine
1191 1387 1472 1438 adiunctione;
1504 1393 1549 1428 ut
1570 1389 1662 1429 cibo
1683 1395 1863 1437 utantur,

105 1462 190 1491 non
219 1462 388 1490 necesse
421 1455 482 1490 est
511 1449 587 1490 nisi
619 1463 710 1491 cum
742 1449 811 1490 illa
842 1449 1115 1502 exceptione:
1165 1451 1293 1490 Extra
1324 1463 1472 1504 quam,
1523 1449 1557 1491 si
1588 1450 1719 1492 nolint
1759 1451 1865 1492 same

103 1512 258 1568 perire.
323 1514 416 1552 173.
449 1514 584 1565 Ergo,
616 1518 662 1554 ut
692 1512 797 1559 dixi,
830 1511 952 1559 illud,
985 1510 1095 1565 quod
1126 1511 1386 1566 adiungitur,
1420 1526 1605 1568 semper,
1636 1514 1864 1555 cuiusmodi

104 1576 179 1623 sit,
227 1575 306 1615 erit
345 1574 709 1616 considerandum.
779 1578 880 1616 Nam
921 1575 1034 1615 omni
1074 1579 1262 1628 tempore
1307 1575 1349 1616 id
1386 1575 1632 1629 pertinebit,
1688 1574 1772 1630 [aut
1812 1578 1862 1618 ad
1878 1593 1915 1620 ευ

103 1634 380 1690 honestatem]
421 1642 465 1677 ut
502 1638 581 1677 hoc
620 1636 746 1678 modo
787 1639 1032 1692 exponenda
1062 1638 1324 1678 necessitudo
1361 1638 1436 1678 sit:
1489 1640 1666 1679 Necesse
1697 1644 1783 1686 est,
1829 1638 1865 1681 si

103 1702 275 1741 honeste
297 1700 488 1740 volumus
509 1701 650 1740 vivere
672 1715 680 1740 z
718 1698 801 1754 [aut
823 1703 874 1741 ad
903 1700 1250 1748 incolumitatem,
1275 1700 1353 1741 hoc
1379 1699 1543 1754 m0d0:]
1578 1703 1754 1743 Necesse
1785 1707 1861 1751 est,

103 1762 138 1803 si
159 1763 417 1804 incolumnes
441 1763 632 1803 volumus
654 1776 765 1810 esse,
801 1761 884 1817 [aut
914 1766 963 1804 ad
995 1761 1348 1809 commoditatem,
1379 1765 1459 1803 hoc
1492 1765 1616 1805 modo
1629 1762 1654 1818 ε]
1688 1766 1863 1806 Necesse

103 1829 190 1872 est,
223 1825 257 1865 si
288 1825 376 1864 sine
406 1823 674 1865 incommodo
705 1825 895 1867 volumus
926 1825 1079 1866 vivere.
1138 1827 1281 1867 LVIII.
1319 1828 1375 1866 Ac
1407 1839 1564 1866 summa
1595 1829 1760 1880 quidem
1793 1840 1864 1868 ne-

103 1885 311 1928 cessitudo
342 1887 505 1927 videtur
536 1899 626 1927 esse
657 1886 903 1938 honestatis;
935 1889 1031 1928 huic
1060 1889 1277 1942 proxima,
1310 1887 1620 1938 incolumitatis;
1668 1889 1786 1930 tertia
1817 1902 1862 1930 ac
1876 1904 1911 1930 2⁵

100 1947 328 1996 levissima,
379 1949 708 1999 commoditatis;
761 1964 867 2005 quae
910 1963 1002 1991 eum
1040 1950 1105 1990 his
1144 1963 1355 2002 nunquam
1392 1950 1546 2005 poterit
1575 1950 1734 1992 duabus
1765 1965 1863 1993 con-

101 2012 288 2053 tendere.
350 2011 443 2052 175».
495 2012 629 2052 Hasce
660 2017 797 2053 autem
827 2012 934 2053 inter
965 2025 1008 2053 se
1040 2025 1162 2065 saepe
1200 2025 1368 2053 necesse
1407 2018 1467 2054 est
1505 2015 1759 2066 comparari,
1799 2020 1858 2062 ut,

101 2087 352 2129 quamquam
381 2078 562 2129 praestet
591 2075 786 2116 honestas
815 2074 1108 2123 incolumitati,
1159 2080 1315 2123 tamen,
1365 2075 1446 2116 utri
1475 2075 1731 2130 potissimum
1764 2090 1862 2117 con-

101 2136 318 2178 sulendum
349 2137 421 2185 sit,
463 2135 733 2179 deliberetur.
795 2136 919 2180 Cuius
950 2137 1012 2178 rei
1042 2142 1198 2178 eertum
1231 2140 1438 2193 quoddam
1467 2138 1768 2192 praescriptum
1801 2138 1862 2179 vi-

101 2198 221 2241 detur
250 2200 293 2239 in
322 2204 568 2254 perpetuum
599 2199 689 2241 dari
719 2213 855 2256 posse,
932 2202 1053 2247 Nam,
1085 2215 1165 2254 qua
1195 2201 1237 2241 in
1267 2215 1314 2241 re
1345 2199 1435 2242 fieri
1464 2203 1639 2255 poterit,
1672 2207 1734 2247 ut,
1767 2215 1859 2242 cum
1875 2219 1910 2245 30

99 2260 373 2303 incolumitati
403 2262 759 2311 consuluerimus,
811 2265 923 2318 quod
962 2262 1013 2304 sit
1042 2264 1083 2303 in
1114 2265 1346 2315 praesentia
1380 2266 1430 2304 de
1460 2264 1676 2305 honestate
1708 2263 1862 2304 deliba-

100 2329 208 2372 tum,
238 2323 391 2365 virtute
414 2323 634 2378 aliquando
667 2331 708 2366 et
736 2325 938 2367 industria
966 2331 1258 2381 recuperetur,
1290 2324 1581 2367 incolumitatis
1610 2325 1715 2367 ratio
1748 2325 1859 2366 vide-

99 2383 210 2427 bitur
267 2384 478 2436 habenda;
528 2401 619 2427 cum
652 2393 789 2428 autem
820 2387 860 2428 id
891 2401 975 2429 non
1004 2387 1203 2443 potuerit,
1243 2388 1487 2429 honestatis.
1549 2390 1607 2429 Ita
1648 2389 1689 2428 in
1721 2387 1861 2428 huius-

99 2447 215 2490 modi
245 2461 412 2503 quoque
444 2461 510 2497 re,
545 2463 636 2489 cum
666 2449 939 2490 incolumitati
970 2450 1207 2491 videbimur
1238 2451 1479 2499 consulere,
1512 2464 1608 2493 vere
1631 2452 1857 2505 poterimus

100 2513 239 2552 dicere
269 2525 346 2551 nos
376 2512 602 2552 honestatis
631 2514 836 2553 rationem
874 2510 1049 2560 habere,
1100 2515 1296 2566 quoniam
1335 2514 1423 2555 sine
1455 2514 1735 2555 incolumitate
1767 2527 1855 2554 eam
1871 2530 1905 2556 ³5

97 2573 213 2616 nullo
242 2579 430 2628 tempore
459 2587 677 2629 possumus
708 2573 896 2627 adipisci.
960 2576 1050 2624 Qua
1080 2574 1122 2616 in
1153 2588 1197 2616 re
1227 2575 1291 2617 vel
1321 2578 1552 2618 concedere
1582 2576 1698 2618 alteri
1721 2577 1783 2616 vel
1806 2577 1856 2616 ad

100 2635 381 2677 conditionem
421 2636 589 2678 alterius
627 2635 880 2678 descendere
919 2636 986 2678 vel
1016 2636 1057 2677 in
1087 2639 1318 2690 praesentia
1349 2638 1564 2693 quiescere
1595 2644 1714 2693 atque
1746 2637 1855 2678 aliud

100 2703 262 2752 tempus
293 2704 535 2754 exspectare
556 2699 779 2754 oportebit.
844 2701 934 2743 175.
968 2698 1026 2754 [Ιη
1054 2702 1357 2743 commoditatis
1388 2715 1488 2743 vero
1519 2699 1693 2754 ratione]
1729 2702 1853 2740 modo

191 2819 225 2849 2.
254 2820 449 2853 Hannibali
473 2822 560 2853 PAT
587 2822 741 2862 ubique:
770 2820 934 2852 Annibali
960 2822 1032 2853 RE.
1077 2837 1110 2843 -
1156 2821 1188 2853 3.
1226 2822 1351 2854 malint
1376 2823 1427 2860 R,
1467 2827 1505 2853 ut
1531 2822 1569 2854 L.
1598 2826 1631 2853 et
1657 2821 1780 2853 Graev.
1811 2835 1852 2844 -

99 2865 133 2897 4.
161 2874 232 2896 non
258 2871 305 2897 est
330 2876 462 2900 necesse
487 2868 632 2900 PART:
671 2877 742 2899 non
765 2876 895 2900 necesse
921 2871 1005 2904 (om.
1033 2867 1092 2908 est)
1117 2869 1156 2900 E.
1185 2883 1221 2891 -
1247 2869 1281 2900 7.
1308 2870 1392 2900 haec
1412 2870 1572 2910 perficere
1602 2872 1708 2908 potest
1738 2868 1848 2899 PAT:

97 2911 256 2954 perficere
279 2918 393 2952 potest
417 2915 497 2946 haec
521 2916 594 2947 RE.
626 2932 663 2938 —
707 2915 740 2946 8.
769 2924 843 2946 cum
868 2915 1013 2946 PART:
1056 2925 1130 2947 cum
1155 2916 1184 2945 is
1211 2915 1249 2946 E.
1280 2932 1319 2938 —
1364 2917 1417 2947 10.
1447 2917 1476 2945 si
1502 2915 1560 2945 ΑΤ
1588 2919 1620 2946 et
1647 2923 1696 2954 pr.
1725 2915 1770 2945 P:
1813 2919 1852 2946 ut

99 2960 126 2992 E
153 2967 230 2990 cum
257 2959 286 2990 R
313 2964 347 2991 et
373 2969 459 2993 corr.
487 2961 525 2993 P.
565 2978 604 2984 —
645 2961 700 2993 11.
729 2962 876 2999 adipisci
900 2965 963 2993 aut
988 2961 1132 3003 effaycre
1157 2961 1270 2996 ΛΒΤ.
1310 2966 1348 2993 ut
1380 2961 1416 3001 §.
1445 2962 1523 2992 175.
1574 2961 1641 2992 Sed
1677 2970 1780 3000 saepe
1816 2964 1851 2993 ln

99 3006 224 3038 talibus
250 3008 359 3038 variat
384 3006 518 3040 Cicero.
557 3023 601 3030 —
643 3010 698 3040 12.
739 3011 801 3038 aut
835 3007 934 3049 quid]
970 3012 1072 3048 atquc
1099 3008 1197 3039 PAT.
1227 3008 1283 3047 (Ut.
1309 3018 1389 3043 nos.
1432 3007 1540 3038 Codd.
1571 3007 1680 3039 Oud.)
1710 3023 1743 3029 -
1790 3008 1848 3040 15.

96 3057 239 3094 praeter
264 3053 345 3084 haec
371 3053 432 3085 VR
459 3059 492 3086 et
518 3063 605 3086 corr.
634 3054 682 3086 P:
706 3055 843 3094 partim
869 3064 918 3094 pr.
947 3054 996 3092 P,
1020 3059 1157 3093 partem
1182 3054 1264 3089 ΑΤ.
1289 3056 1423 3093 pariter
1449 3054 1554 3085 Palat.
1583 3054 1627 3084 ll.
1658 3054 1696 3085 E.
1723 3070 1754 3076 -
1785 3063 1852 3086 csse

98 3100 227 3131 multas
259 3100 416 3131 invenias
449 3102 524 3140 (sic)
552 3101 593 3139 V,
621 3110 690 3134 esse
722 3103 873 3132 invenies
899 3100 975 3140 (sic)
1002 3102 1128 3132 multas
1148 3109 1234 3132 corr.
1253 3101 1290 3137 P,
1322 3102 1471 3132 invenies
1491 3108 1559 3130 esse
1575 3100 1702 3131 mullas
1720 3100 1761 3131 R.
1789 3100 1854 3141 (Ut.

99 3155 175 3181 nos.
201 3145 260 3176 ΑΤ
287 3150 320 3177 et
346 3154 396 3185 pr.
423 3145 477 3187 P.)
503 3164 545 3170 —
585 3148 642 3179 16.
667 3149 882 3180 necessitatis
907 3148 1050 3179 PAR'r:
1092 3147 1354 3179 necessitudinis
1380 3147 1417 3177 E·
1467 3146 1536 3178 Nos
1562 3147 1780 3179 seclusiniuS.
1811 3163 1848 3169 —

99 3197 139 3225 ut:
165 3192 247 3224 Ern.
276 3189 415 3225 auctore
452 3194 671 3226 seclusimus.
708 3211 751 3216 --
793 3194 848 3226 19.
877 3195 954 3225 dico
980 3194 1039 3225 AT
1067 3199 1100 3226 et
1126 3204 1178 3234 pr.
1206 3194 1244 3224 P.
1284 3207 1326 3214 -
1363 3193 1420 3223 20.
1460 3194 1512 3224 An
1537 3192 1585 3225 ad
1609 3193 1674 3224 id?
1712 3194 1778 3225 On.
1812 3211 1847 3216 —

98 3243 139 3271 ut
163 3240 209 3271 ad
233 3238 318 3270 AT:
346 3244 385 3270 ut
410 3244 471 3271 aut
497 3239 545 3270 ad
569 3240 616 3277 P,
641 3245 678 3272 ut
703 3240 750 3271 ad
767 3241 849 3279 RE,
870 3240 953 3272 Ern.
985 3245 1124 3272 auctore
1144 3242 1229 3272 haec
1253 3238 1468 3270 seclusimus.
1490 3257 1531 3262 —
1556 3239 1613 3270 22.
1634 3239 1695 3271 Vv.
1718 3241 1850 3273 seclusa

100 3294 169 3317 om.
190 3285 216 3317 E
235 3294 311 3318 cum
332 3286 404 3324 ΛΤ,
425 3294 476 3325 pr.
498 3286 523 3317 P
537 3287 695 3326 aliisque.
718 3304 759 3309 -
787 3287 843 3318 31.
863 3289 956 3328 quod
976 3288 1019 3318 sit
1037 3304 1050 3309 -
1067 3305 1078 3310 -
1097 3287 1280 3318 delibatum
1299 3294 1366 3316 om.
1388 3294 1476 3317 corr.
1496 3286 1535 3317 Ρ.
1557 3303 1594 3309 -
1624 3286 1851 3318 detibtratum

97 3331 200 3364 PAT.
237 3348 271 3354 —
311 3333 367 3365 33.
401 3333 554 3373 potuerit
578 3333 687 3364 PAT:
724 3335 854 3373 poterit
879 3334 950 3364 RE.
985 3349 1021 3355 —
1049 3333 1244 3364 huiusmodi
1269 3332 1411 3371 PART,
1441 3332 1490 3364 L:
1530 3334 1699 3364 eiusmodi
1732 3334 1770 3364 E.
1809 3350 1846 3356 —

98 3377 157 3411 38.
184 3377 247 3413 Vv.
274 3387 292 3412 a
318 3379 416 3412 nohis
441 3379 576 3412 seclusa
595 3388 662 3412 om.
682 3379 771 3411 PAT
787 3402 796 3419 ,
824 3379 940 3414 Schol.
965 3379 1058 3413 Oud.
1086 3379 1185 3412 Leid.
1206 3378 1269 3410 111.
1295 3378 1404 3412 Palat.
1424 3379 1470 3413 11.
1498 3378 1566 3413 Alii
1585 3382 1676 3415 varie
1695 3380 1845 3412 turbant.
