2117 3762
267 277 346 318 102
922 272 991 314 DE
1020 273 1345 316 INVENTIONE

264 399 356 427 cum
387 383 516 438 ipsius
546 382 606 423 rei
637 383 774 435 gestae
807 378 1012 431 expositio
1043 390 1231 432 magnam
1265 380 1417 434 excipit
1447 380 1746 431 offensionem,
1793 397 1916 437 quam
1947 398 2012 424 ar-

264 445 541 502 gumentando
580 450 621 485 et
657 455 820 483 causam
861 443 1020 492 agendo
1060 439 1179 480 leniri
1219 445 1441 496 oportebit.
1505 446 1626 494 Quod
1665 458 1757 485 cum
1796 445 2008 492 acciderit,

263 509 522 552 membratim
554 504 760 561 oportebit
789 508 926 557 partes
956 503 1017 543 rei
1048 507 1186 555 gestae
1217 503 1456 559 dispergere
1486 506 1526 547 in
1560 520 1723 548 causam
1756 511 1797 547 et
1817 508 1867 547 ad
1888 521 2012 548 unam

266 585 470 628 quamque
502 569 717 610 confestim
748 567 949 606 rationem
982 567 1321 615 accommodare,
1373 573 1418 609 ut
1446 570 1607 610 vulneri
1638 573 1804 622 praesto
1835 569 2013 611 medica-

236 639 449 675 smentum
495 631 544 672 sit
584 636 623 671 et
667 630 806 669 odium
849 627 984 669 statim
1023 627 1209 669 defensio
1248 629 1423 684 mitiget.
1452 632 1593 673 Nihil
1634 631 1800 685 prodest
1829 633 2012 674 narratio

266 702 377 744 tum,
425 709 517 735 cum
548 697 617 733 aut
647 694 698 732 ab
729 691 974 732 adversariis
1005 705 1051 731 re
1085 692 1297 745 exposita,
1345 698 1487 734 nostra
1525 694 1626 735 nibil
1662 696 1833 736 interest
1862 697 2014 737 iterum

267 764 336 800 aut
365 758 445 799 alio
478 757 600 796 modo
632 768 822 802 narrare3
865 758 933 794 aut
965 767 1057 794 cum
1088 751 1140 793 ab
1172 754 1244 801 iiS,
1278 755 1348 808 qui
1378 756 1574 806 audiunt,
1607 758 1664 797 ita
1694 762 1858 799 tenetur
1887 771 2015 812 nego-

264 821 390 868 tium,
425 824 469 859 ut
499 823 639 858 nostra
669 816 771 857 nihil
802 816 963 857 intersit
993 830 1065 856 eos
1095 814 1176 856 alio
1207 822 1328 868 pacto
1358 819 1526 859 docere.
1588 819 1709 868 Quod
1741 834 1831 860 cum
1857 820 2016 861 accide-

265 883 339 930 rit,
373 880 539 922 omnino
571 878 807 920 narratione
839 880 1195 931 supersedendum
1229 884 1304 919 est.
1366 881 1458 920 Non
1487 882 1578 921 loco
1611 882 1783 931 dicitur,
1817 897 1908 924 cum
1931 897 2016 924 non

216 947 307 986 acin
348 957 394 984 ea
432 948 547 997 parte
589 943 788 982 orationis
830 941 1078 989 collocatur,
1124 942 1166 980 in
1205 955 1286 996 qua
1317 954 1381 981 res
1412 943 1614 994 postulat3
1668 959 1749 999 quo
1782 947 1832 985 de
1866 960 2015 998 genere

266 1019 434 1060 agemus
464 1011 574 1053 tum,
625 1018 718 1045 cum
749 1003 799 1045 de
832 1003 1101 1058 dispositione
1133 1004 1336 1052 dicemus;
1383 1018 1476 1044 nam
1509 1007 1586 1045 boc
1618 1008 1669 1046 ad
1700 998 2015 1060 dispositionem

264 1069 456 1125 pertinet.
517 1071 608 1109 Non
653 1068 1002 1123 quemadmodum
1044 1079 1165 1106 causa
1205 1067 1407 1119 postulat,
1456 1072 1669 1116 narratur,
1717 1083 1808 1110 cum
1850 1076 1919 1112 aut
1949 1071 2013 1119 id,

266 1133 376 1186 quod
421 1132 660 1172 adversario
704 1131 896 1185 prodest,
943 1127 1121 1169 dilucide
1161 1133 1200 1168 et
1239 1134 1383 1169 ornate
1424 1130 1646 1182 exponitur
1684 1136 1754 1171 aut
1791 1132 1857 1181 id,
1905 1134 2015 1188 quod

264 1196 399 1250 ipsum
435 1196 625 1243 adiuvat,
668 1193 844 1235 obscure
885 1192 1035 1233 dicitur
1076 1197 1114 1233 et
1146 1192 1417 1245 negligenter.
1480 1193 1644 1241 Quare,
1689 1200 1735 1234 ut
1764 1197 1842 1235 hoc
1873 1194 2016 1236 vitium

215 1272 250 1297 15
266 1257 438 1304 vitetur,
484 1260 623 1298 omnia
652 1258 885 1311 torquenda
915 1259 1010 1295 sunt
1040 1256 1090 1295 ad
1123 1254 1386 1296 commodum
1423 1268 1519 1295 suae
1561 1269 1732 1304 causae,
1782 1259 2015 1305 contraria,

265 1334 369 1376 quae
400 1320 618 1376 praeteriri
649 1324 867 1374 poterunt,
901 1316 1230 1371 praetereund03
1269 1331 1373 1372 quae
1405 1317 1513 1358 illius
1545 1325 1689 1366 erunt,
1723 1317 1868 1359 leviter
1898 1320 2019 1359 attin-

266 1383 425 1437 gendo,
474 1398 546 1424 sua
586 1383 804 1436 diligenter
841 1386 881 1421 et
923 1382 1099 1421 enodate
1130 1383 1351 1421 narrando.
1413 1386 1469 1421 Ac
1500 1382 1550 1421 de
1583 1382 1819 1422 narratione
1850 1383 2019 1436 quidem

266 1446 362 1487 satis
393 1447 545 1489 dictum
576 1447 759 1494 videtum
794 1443 990 1498 deinceps
1022 1445 1073 1483 ad
1103 1442 1368 1497 partitionem
1401 1448 1670 1484 transeamus.

375 1512 510 1552 XXII.
544 1513 611 1551 31.
659 1511 782 1549 Recte
821 1506 959 1547 habita
998 1506 1039 1546 in
1079 1518 1201 1546 causa
1241 1505 1409 1558 partitio
1451 1506 1651 1547 illustrem
1684 1513 1723 1548 et
1754 1506 2015 1561 perspicuam

217 1584 252 1609 20
267 1580 393 1617 totam
424 1573 546 1615 efficit
574 1571 819 1614 orationem.
881 1571 1023 1610 Partes
1053 1567 1141 1608 eius
1171 1574 1265 1608 sunt
1295 1567 1419 1615 duae,
1458 1582 1633 1622 quarum
1663 1575 1837 1625 utraque
1869 1583 2019 1622 magno

268 1653 397 1692 opere
435 1637 486 1678 ad
526 1633 791 1689 aperiendam
832 1646 995 1673 causam
1036 1636 1076 1671 et
1111 1630 1436 1671 constituendam
1469 1631 1647 1685 pertinet
1678 1631 2019 1675 controversiam.

267 1705 353 1743 Una
381 1715 478 1755 pars
510 1705 591 1745 est,
637 1710 766 1752 quae,
800 1695 897 1750 quid
938 1707 1030 1735 cum
1060 1692 1307 1734 adversariis
1339 1693 1555 1734 conveniat
1585 1700 1623 1734 et
1654 1696 1751 1749 quid
1783 1694 1825 1735 in
1857 1701 2023 1736 contro-

267 1765 403 1806 versia
431 1763 712 1816 relinquatur,
746 1757 948 1806 ostendit3
982 1771 1035 1797 ex
1064 1769 1144 1811 qua
1175 1761 1331 1796 certum
1362 1755 1556 1812 quiddam
1579 1756 1805 1798 destinatur
1824 1756 2018 1806 auditori,

268 1828 310 1869 in
350 1840 432 1883 quo
472 1827 653 1866 animum
694 1821 843 1864 debeat
882 1822 1035 1860 habere
1080 1824 1339 1873 occupatum.
1398 1819 1534 1859 Altera
1566 1824 1650 1867 est,
1698 1820 1740 1859 in
1774 1834 1853 1874 qua
1883 1833 2020 1860 rerum

218 1898 434 1938 2⁵earum‚
469 1889 519 1931 de
551 1887 699 1943 quibus
731 1881 1089 1930 erinnis'dicturi,
1134 1881 1320 1922 breviter
1350 1881 1554 1934 expositio
1584 1884 1752 1937 ponitur
1781 1880 2018 1930 distributa3

269 1970 321 1995 ex
352 1968 430 2009 qua
461 1950 698 1997 conficitur,
730 1952 775 1989 ut
806 1951 936 1987 certas
967 1944 1105 1985 animo
1136 1957 1203 1984 res
1235 1949 1372 1984 teneat
1401 1944 1585 1992 auditor,
1634 1944 1782 1999 quibus
1813 1944 1931 1984 dictis
1961 1943 2022 1984 in-

268 2017 420 2071 telligat
449 2015 539 2057 fore
568 2016 822 2066 peroratum.
883 2011 996 2048 Nunc
1026 2012 1204 2060 utroque
1235 2020 1386 2059 genere
1417 2006 1648 2059 partitionis
1675 2005 2022 2062 quemadmodum

270 2080 489 2121 conveniat
520 2077 601 2125 uti,
646 2073 827 2115 breviter
865 2070 1083 2111 dicendum
1123 2068 1298 2109 videtur.
1359 2070 1473 2117 Quae
1504 2068 1694 2122 partitIO,
1742 2070 1840 2123 quid
1872 2083 2023 2110 conve-

270 2143 354 2184 niat
383 2148 452 2183 aut
482 2139 579 2196 quid
611 2151 695 2178 non
726 2133 961 2180 conveniat,
996 2133 1194 2179 ostendit,
1228 2132 1329 2171 haec
1361 2130 1483 2172 debet
1512 2131 1635 2179 illud,
1671 2130 1780 2185 quod
1813 2131 2018 2178 convenit,

222 2205 468 2246 50inclinare
510 2204 561 2243 ad
600 2214 696 2242 suae
738 2211 884 2239 causae
916 2197 1203 2242 commodum,
1249 2194 1326 2235 boc
1359 2193 1503 2235 modo:
1556 2194 1815 2235 Interl'ectam
1846 2199 2020 2234 matrem

272 2283 363 2309 esse
395 2281 418 2307 a
448 2265 530 2306 filio
573 2264 765 2305 convenit
807 2261 906 2301 mibi
949 2273 1041 2299 cum
1083 2257 1341 2298 adversariis.
1400 2259 1502 2297 Item
1544 2262 1709 2297 contra:
1757 2256 2022 2297 Interfeetum

273 2345 363 2372 esse
395 2344 416 2370 a
449 2330 770 2385 Clytaemnestra
811 2326 1163 2376 Agamemnonem
1205 2321 1411 2361 convenit.
1473 2322 1576 2361 Nam
1606 2321 1674 2360 hic
1704 2324 1878 2374 uterque
1910 2324 1950 2360 et
1979 2318 2022 2359 id

272 2395 434 2447 posuit,
481 2392 592 2447 quod
632 2386 925 2432 conveniebat,
971 2389 1012 2425 et
1050 2388 1186 2423 tamen
1223 2398 1320 2423 suae
1362 2396 1506 2423 causae
1544 2383 1763 2424 commodo
1800 2381 2019 2422 consuluit.

272 2456 456 2503 Deinde,
505 2454 602 2508 quid
643 2450 951 2492 controversiae
992 2448 1064 2493 sit,
1112 2448 1349 2499 ponendum
1389 2451 1449 2486 est
1487 2445 1528 2486 in
1566 2444 1827 2486 iudicationis
1858 2446 2024 2497 exposi-

224 2521 404 2568 ³⁵tione;
448 2531 552 2572 quae
577 2514 923 2570 quemadmodum
953 2508 1228 2556 inveniretur,
1262 2514 1354 2549 ante
1385 2508 1538 2549 dictum
1571 2512 1644 2548 est.
1703 2509 1769 2548 32.
1805 2507 1919 2555 Quae
1951 2519 2025 2546 au-

274 2588 356 2622 tem
389 2579 552 2634 partitio
586 2591 722 2620 rerum
750 2576 1008 2616 distributam
1030 2573 1215 2613 continet
1235 2571 1536 2624 expositionem
1552 2602 1562 2618 ,
1596 2571 1698 2611 haec
1720 2571 1876 2610 habere
1900 2567 2021 2609 debet

274 2644 545 2691 brevitatem,
593 2639 916 2684 absolutionem,
959 2634 1219 2689 paucitatem.
1280 2634 1465 2674 Brevitas
1495 2638 1573 2679 est,
1608 2646 1700 2673 cum
1730 2631 1807 2672 nisi
1837 2644 2025 2671 necessa-

274 2711 380 2749 rium
411 2705 568 2748 nullum
599 2700 819 2744 assumitur
848 2700 1037 2739 verbum.
1099 2698 1211 2737 Haec
1241 2695 1282 2737 in
1312 2699 1391 2737 hoc
1421 2708 1572 2749 genere
1607 2694 1762 2736 idcirco
1794 2699 1853 2734 est
1882 2693 2019 2742 utilis,

276 2773 386 2825 quod
417 2771 540 2810 rebus
570 2767 668 2822 ipsis
700 2769 738 2804 et
768 2760 952 2816 partibus
983 2773 1152 2808 causae,
1204 2773 1285 2800 non
1323 2759 1462 2800 verbis
1500 2770 1633 2812 neque
1663 2756 1870 2797 extraneis
1902 2769 2024 2797 orna-

227 2836 262 2861 ‘⁶⁰
278 2834 424 2875 mentis
454 2831 614 2872 animus
645 2825 842 2869 auditoris
873 2823 1071 2865 tenendus
1102 2827 1176 2863 est.
1237 2821 1452 2862 Absolutio
1485 2826 1564 2867 est,
1597 2834 1672 2873 per
1703 2833 1825 2873 quam
1857 2817 2020 2867 omnia,

279 2910 382 2950 quae
412 2893 596 2936 incidunt
625 2891 665 2932 in
696 2902 882 2935 causam,
917 2900 1090 2940 genera,
1124 2887 1174 2926 de
1197 2884 1346 2940 quihus
1367 2884 1583 2924 dicendum
1607 2888 1688 2928 est,
1719 2881 2018 2936 amplectimur.

278 2962 322 2998 ln
354 2971 432 3013 qua
462 2955 684 3012 partitione
716 2953 937 2992 videndum
969 2954 1051 2997 est,
1096 2962 1148 2988 ne
1186 2953 1255 2988 aut
1285 2947 1449 3000 aliquod
1481 2959 1608 2999 genus
1638 2944 1736 2985 utile
1766 2943 2023 2999 relinquatur

278 3026 347 3061 aut
377 3034 468 3060 sero
500 3023 617 3059 extra
646 3014 930 3070 partitionem,
980 3011 1021 3052 id
1059 3009 1170 3065 quod
1207 3009 1515 3051 vitiosissimum
1547 3021 1593 3048 ac
1624 3006 1905 3062 turpissimum
1937 3009 2019 3051 est,

278 3082 493 3123 inferatur.
553 3081 738 3121 Paucit'as
768 3077 808 3118 in
838 3074 1059 3131 partitione
1091 3077 1299 3119 servatur,
1331 3072 1363 3112 si
1394 3084 1544 3125 genera
1576 3070 1663 3123 ipsa
1694 3083 1833 3110 rerum
1864 3080 2023 3122 ponun-

274 3143 2008 3164 Μ

370 3190 403 3220 6.
433 3194 503 3219 tum
528 3189 670 3219 PART:
699 3191 779 3218 tunc
804 3186 846 3217 E.
878 3201 911 3205 —
953 3187 1013 3214 aut
1039 3191 1104 3212 om.
1131 3181 1208 3218 PR,
1236 3180 1356 3211 Lamb.
1388 3196 1423 3202 —
1464 3181 1590 3210 iterum
1616 3179 1730 3209 eodem
1753 3177 1853 3208 modo
1881 3175 1949 3206 Ert'.
1979 3191 2020 3197 —-

278 3236 311 3267 8.
341 3237 466 3267 accidit
492 3236 590 3265 Pu'r.
621 3253 660 3257 —
702 3236 756 3265 20.
799 3234 916 3264 Partes
941 3232 1012 3261 eius
1035 3231 1116 3260 sunt
1141 3229 1229 3258 duae
1257 3227 1367 3258 PAT:
1408 3226 1492 3256 Eius
1521 3229 1641 3265 partes
1664 3225 1754 3255 duae
1778 3227 1857 3254 sunt
1882 3222 1952 3253 RE.
1981 3239 2018 3244 —

278 3284 334 3313 ⁶21.
364 3288 394 3313 et
420 3282 696 3312 constituendam
722 3281 861 3312 PART:
891 3282 921 3308 et
948 3277 993 3308 ad
1019 3275 1293 3307 constituendam
1322 3274 1359 3304 E.
1388 3288 1429 3294 —
1456 3274 1511 3303 23.
1541 3272 1737 3302 destinatur
1763 3269 1850 3300 PAT
1868 3270 2019 3306 aliique:

278 3330 494 3370 siquificatur
520 3329 617 3360 Leid.
646 3330 713 3366 11.‚
747 3328 949 3368 desiynatur
973 3324 1051 3360 RE,
1081 3326 1266 3361 utrumque
1294 3329 1332 3353 ex
1358 3319 1457 3360 gloss.
1489 3335 1527 3341 —-
1570 3318 1625 3349 38.
1654 3322 1702 3349 esc
1725 3316 1821 3348 utilis
1848 3315 2019 3347 VPART:

277 3376 372 3407 utilis
400 3379 448 3406 est
471 3375 511 3406 Ε.
