2117 3762
248 278 328 320 396
1028 275 1226 318 BRUTUS

248 385 409 436 suavis;
441 388 578 426 motus
609 386 648 423 et
678 384 815 435 gestus
846 378 970 420 etiam
990 379 1084 432 plus
1104 382 1203 423 artis
1223 380 1423 431 habebat,
1457 395 1579 438 quam
1601 386 1690 424 erat
1710 385 1870 427 oratori
1892 387 2006 428 satis.

248 449 341 490 Hoc
371 448 497 502 igitur
525 446 769 487 florescente
801 442 971 483 Crassus
1000 447 1062 482 est
1090 448 1299 492 mortuus,
1341 446 1456 486 Cotta
1487 443 1651 497 pulsus,
1700 444 1854 487 iudicia
1883 447 2010 489 inter-

247 511 373 553 missa
402 510 536 559 bello;
568 520 644 548 nos
673 507 715 546 in
745 504 883 546 forum
913 505 1117 547 venimus.
1174 507 1402 549 LXXXIX.
1437 508 1530 551 30⁷4.
1558 509 1660 548 Erat
1680 508 1929 551 Hortensius
1968 512 2009 551 in

249 575 389 623 bello,
441 571 575 628 primo
616 581 724 609 anno
763 569 905 616 miles,
952 566 1082 608 altero
1123 566 1310 611 tribunus
1354 570 1554 619 militum;
1605 568 1810 624 Sulpicius
1850 572 2011 625 legatus

221 638 418 685 ⁵aberat‚
452 635 573 675 etiam
604 634 659 673 M.
683 631 909 680 Antonius3
943 629 1219 672 exercebatur
1247 645 1330 674 una
1349 632 1442 687 lege
1463 631 1662 675 iudicium
1682 631 1828 682 Varia,
1861 634 2011 676 ceteris

248 702 419 755 propter
447 694 603 737 bellum
632 692 900 735 intermissis:
933 694 998 734 cui
1028 692 1224 749 frequens
1254 695 1440 745 aderam,
1472 708 1721 751 quamquam
1753 708 1831 750 pro
1863 709 1906 737 se
1933 696 2013 752 ipsi

249 760 442 802 dicebant
483 761 671 798 oratores
708 769 793 797 non
830 755 889 797 illi
930 756 1101 810 quidem
1142 756 1375 811 principes,
1421 760 1465 799 L.
1492 759 1712 799 Memmius
1743 763 1783 798 et
1814 759 1865 808 Q.
1889 760 2014 800 Pom-

248 821 387 876 peius,
419 821 492 861 sed
523 823 708 860 oratores
737 824 897 866 tamen,
929 823 1032 860 teste
1064 819 1217 861 diserto
1250 826 1424 874 uterque
1444 819 1660 874 Philippo,
1693 819 1811 861 cuius
1832 819 1875 861 in
1897 821 2013 861 testi-

250 882 391 925 monio
423 883 630 923 contentio
665 887 706 923 et
734 881 818 923 vim
848 881 1100 922 accusatoris
1131 880 1310 923 habebat
1341 888 1381 923 et
1414 883 1590 938 copiam.

200 957 236 981 10
362 947 458 986 305.
509 944 698 999 Reliqui,
745 943 815 999 qui
854 948 940 984 tum
978 943 1189 998 principes
1230 947 1577 993 numerabantur,
1622 945 1664 987 in
1703 944 2014 999 magistratibus

250 1013 366 1049 erant
403 1007 673 1062 quotidieque
713 1005 799 1047 fere
839 1020 861 1047 a
899 1005 1018 1047 nobis
1060 1006 1100 1047 in
1133 1006 1396 1049 contionibus
1427 1006 1717 1053 audiebantur.
1776 1011 1874 1049 Erat
1904 1009 2015 1049 enim

248 1069 439 1113 tribunus
469 1069 525 1123 pl.
551 1076 638 1110 tum
670 1070 714 1114 C.
738 1068 886 1117 Curio,
933 1083 1182 1124 quamquam
1215 1069 1250 1110 is
1281 1068 1448 1125 quidem
1480 1068 1649 1118 silebat,
1695 1075 1741 1110 ut
1770 1075 1858 1111 erat
1887 1068 2016 1110 semel

249 1148 272 1175 a
302 1134 494 1175 contione
524 1132 718 1174 universa
747 1131 941 1181 relictus3
976 1132 1026 1181 Q.
1048 1132 1238 1173 Metellus
1271 1131 1408 1178 Celer,
1439 1145 1525 1172 non
1556 1131 1625 1172 ille
1656 1132 1823 1186 quidem
1854 1138 2012 1181 orator,

251 1198 321 1239 sed
353 1201 492 1237 tamen
522 1208 605 1236 non
634 1193 789 1243 infans;
837 1193 980 1235 diserti
1011 1199 1147 1235 autem
1182 1196 1233 1244 Q.
1258 1195 1434 1242 Varius,
1478 1194 1521 1235 C.
1552 1192 1709 1241 Carbo,
1742 1196 1814 1236 Cn.
1837 1197 2017 1249 Pompo-

199 1272 235 1297 1⁵
251 1261 363 1309 nius;
397 1264 439 1300 et
468 1257 508 1299 hi
540 1258 707 1313 quidem
739 1255 979 1298 habitabant
1007 1259 1049 1298 in
1080 1257 1255 1299 Rostris.
1318 1257 1361 1297 C.
1391 1258 1513 1297 etiam
1541 1256 1689 1304 Iulius,
1721 1256 1864 1298 aedilis
1895 1271 2017 1298 curu-

248 1321 321 1369 lis,
367 1320 552 1377 quotidie
596 1321 684 1361 fere
723 1324 934 1360 accuratas
975 1321 1191 1361 contiones
1231 1317 1425 1360 habebat.
1486 1318 1567 1360 Sed
1606 1332 1672 1359 me
1705 1319 2018 1374 cupidissimum

250 1383 446 1426 audiendi
477 1384 635 1437 primus
666 1382 786 1424 dolor
816 1382 1041 1438 percussit,
1075 1384 1192 1424 Cotta
1222 1395 1313 1422 cum
1345 1386 1407 1422 est
1436 1381 1647 1436 expulsus.
1706 1381 1904 1435 Reliquos
1933 1380 2018 1422 fre-

251 1452 430 1503 quenter
458 1445 629 1488 audiens
659 1446 866 1486 acerrimo
897 1446 1034 1486 studio
1062 1447 1236 1486 tenebar
1257 1444 1526 1499 quotidieque
1549 1449 1589 1484 et
1610 1446 1795 1485 scribens
1818 1448 1857 1484 et
1877 1443 2018 1498 legens

253 1516 294 1552 et
332 1514 615 1551 commentans
662 1507 857 1549 oratoriis
902 1512 1060 1548 tantum
1105 1506 1472 1548 exercitationibus
1513 1511 1729 1547 contentus
1768 1519 1852 1548 non
1891 1519 2018 1551 eram.

201 1586 237 1611 20
252 1573 339 1613 Iam
384 1576 663 1625 consequente
702 1583 811 1611 anno
853 1571 904 1619 Q.
943 1571 1092 1612 Varius
1133 1583 1204 1611 sua
1242 1569 1334 1623 lege
1367 1571 1583 1610 damnatus
1615 1573 1863 1609 excesserat.
1925 1570 2020 1610 306.

251 1637 342 1689 Ego
363 1640 499 1676 autem
521 1633 623 1674 iuris
644 1633 776 1674 civilis
798 1633 932 1673 studio
955 1632 1131 1674 multum
1162 1645 1313 1687 operae
1345 1630 1493 1673 dabam
1525 1632 1575 1680 Q.
1599 1630 1848 1679 Scaevolae,
1882 1631 1930 1680 Q.
1952 1633 2018 1679 F.,

253 1700 347 1753 qui,
397 1710 647 1753 quamquam
688 1695 845 1737 nemini
885 1709 930 1736 se
973 1694 1023 1736 ad
1063 1694 1297 1737 docendum
1337 1696 1483 1742 dabat,
1535 1699 1671 1734 tamen
1712 1692 2022 1734 consulentibus

252 1761 545 1813 respondendo
592 1758 802 1800 studiosos
849 1757 1046 1799 audiendi
1088 1759 1277 1798 docebat.
1335 1758 1470 1811 Atque
1514 1755 1609 1797 buic
1650 1770 1758 1796 anno
1800 1756 2021 1809 proximus

256 1822 368 1864 Sulla
408 1821 577 1864 consule
618 1827 658 1863 et
697 1822 895 1876 Pompeio
936 1820 1027 1862 suit.
1089 1823 1193 1862 Tum
1231 1823 1273 1863 P.
1301 1820 1471 1875 Sulpicii
1510 1819 1551 1861 in
1592 1819 1806 1861 tribunatu
1837 1818 2022 1874 quotidie

203 1898 242 1923 2⁵
256 1886 530 1926 contionantis
570 1889 701 1925 totum
742 1897 873 1936 genus
905 1882 1070 1925 dicendi
1101 1883 1266 1938 penitus
1297 1884 1583 1938 cognovimus.
1644 1882 1887 1937 Eodemque
1918 1887 2024 1923 tem-

253 1962 378 2004 pore,
429 1962 522 1989 cum
567 1949 761 2003 princeps
804 1947 1048 1987 Academiae
1093 1945 1209 1986 Philo
1257 1959 1351 1986 cum
1395 1947 1710 1986 Atheniensium
1755 1943 2023 2000 optimatibus

254 2010 528 2054 Mithridatico
570 2010 679 2051 bello
721 2009 846 2050 domo
886 2008 1139 2064 profugisset
1179 2011 1435 2063 Romamque
1473 2009 1673 2053 venisset,
1722 2011 1853 2048 totum
1886 2006 1926 2048 ei
1957 2019 2023 2047 me

255 2073 406 2115 tradidi
446 2072 680 2115 admirabili
720 2073 901 2126 quodam
940 2070 992 2112 ad
1030 2070 1335 2124 philosophiam
1377 2070 1512 2110 studio
1555 2069 1809 2120 concitatus;
1855 2069 1897 2110 in
1940 2083 2024 2124 quo

257 2135 334 2177 boc
366 2136 488 2177 etiam
520 2134 811 2178 commorabar
840 2134 1051 2184 attentius,
1099 2133 1233 2189 quod,
1282 2133 1358 2173 etsi
1388 2145 1531 2172 rerum
1562 2131 1746 2185 ipsarum
1776 2131 1953 2172 varietas
1985 2137 2026 2173 et

206 2208 243 2234 ³0
258 2200 497 2254 magnitudo
530 2212 692 2240 summa
721 2213 786 2238 me
819 2195 1094 2238 delectatione
1124 2194 1352 2243 retinebat,
1387 2201 1523 2236 tamen
1555 2196 1717 2235 sublata
1746 2194 1830 2235 iam
1862 2207 1952 2236 esse
1982 2195 2026 2235 in

257 2268 504 2317 perpetuum
548 2261 655 2303 ratio
699 2259 950 2301 iudiciorum
995 2257 1231 2299 videbatur.
1303 2260 1397 2298 307.
1446 2256 1665 2298 Occiderat
1708 2256 1911 2311 Sulpicius
1953 2257 2024 2298 illo

258 2339 365 2366 anno
406 2330 571 2379 tresque
610 2324 801 2377 proximo
840 2323 965 2362 trium
1004 2326 1184 2361 aetatum
1217 2325 1405 2361 oratores
1436 2327 1554 2360 erant
1584 2318 1867 2362 crudelissime
1899 2321 2027 2361 inter-

258 2387 380 2436 fecti,
426 2388 478 2436 Q.
515 2385 706 2433 Catulus,
754 2387 807 2426 M.
836 2382 1064 2432 Antonius,
1099 2384 1142 2424 C.
1172 2383 1315 2424 Iulius.
1377 2381 1537 2424 Eodem
1568 2397 1676 2424 anno
1710 2385 1832 2424 etiam
1863 2382 2020 2424 Moloni

260 2451 423 2493 Rhodio
455 2452 612 2490 Romae
645 2448 834 2489 dedimus
865 2460 1037 2501 operam
1067 2451 1107 2487 et
1137 2448 1264 2487 actori
1296 2459 1459 2487 summo
1491 2459 1707 2486 causarum
1739 2451 1778 2486 et
1808 2444 2025 2498 magistro.

209 2523 245 2548 ³5
261 2514 349 2555 XC.
383 2514 496 2554 Haec
527 2511 602 2553 etsi
633 2513 827 2553 videntur
857 2524 948 2551 esse
979 2525 1001 2550 a
1024 2509 1235 2564 proposita
1257 2509 1415 2550 ratione
1439 2508 1630 2557 diversa,
1665 2514 1799 2549 tamen
1821 2507 1977 2548 idcirco
2003 2522 2027 2548 a

262 2590 328 2617 me
349 2576 645 2632 proferuntur,
679 2578 724 2614 ut
744 2579 931 2613 nostrum
953 2586 1120 2614 cursum
1141 2572 1379 2626 perspicere
1394 2602 1404 2619 ‚
1439 2573 1636 2627 quoniam
1658 2570 1849 2617 voluisti,
1880 2573 2021 2619 Brute,

261 2638 396 2695 possis
424 2662 478 2669 ——
507 2650 599 2678 nam
621 2635 757 2677 Attico
789 2635 888 2676 baec
925 2641 1023 2675 nota
1050 2640 1146 2675 sunt
1170 2658 1224 2664 —
1248 2640 1288 2675 et
1318 2633 1482 2682 videre,
1515 2633 1865 2689 quemadmodum
1897 2634 2025 2674 simus

261 2702 305 2743 in
338 2702 468 2757 spatio
498 2700 549 2749 Q.
574 2698 843 2740 Hortensium
874 2697 1004 2752 ipsius
1033 2697 1220 2751 vestigiis
1247 2698 1472 2750 persecuti.
1534 2698 1630 2737 308.
1665 2697 1907 2736 Triennium
1936 2696 2027 2737 fere

262 2763 338 2805 fuit
369 2761 469 2805 urbs
504 2763 594 2803 sine
628 2762 779 2809 armis,
827 2763 899 2802 sed
933 2765 1146 2802 oratorum
1184 2766 1254 2801 aut
1288 2759 1457 2800 interitu
1494 2765 1564 2800 aut
1600 2758 1783 2800 discessu
1821 2763 1891 2799 aut
1927 2759 2026 2811 fuga

212 2832 317 2858 ‘⁴⁰—
336 2841 432 2867 nam
456 2827 628 2866 aberant
658 2825 779 2865 etiam
802 2823 1087 2864 adolescentes
1108 2826 1162 2864 M.
1189 2823 1359 2864 Crassus
1377 2828 1416 2863 et
1432 2823 1597 2863 Lentuli
1620 2824 1702 2862 duo
1725 2845 1779 2851 —
1804 2820 1958 2874 primas
1982 2821 2025 2861 in

265 2888 397 2930 causis
427 2889 575 2942 agebat
603 2887 874 2935 Hortensius;
906 2884 1036 2938 magis
1062 2886 1277 2939 magisque
1310 2884 1495 2939 quotidie
1523 2882 1779 2937 probabatur
1798 2884 2024 2931 Antistius3

264 2951 358 2992 Piso
396 2965 520 3006 saepe
561 2949 748 2999 dicebat;
797 2949 932 2988 minus
973 2961 1098 3003 saepe
1137 2949 1411 3002 Pomponius,
1456 2960 1550 2987 raro
1595 2948 1753 2994 Carbo,
1800 2946 1930 2986 semel
1958 2948 2030 2986 aut

360 3133 393 3164 5.
421 3134 469 3166 M.
498 3136 591 3165 recte
619 3131 789 3165 delevisse
814 3130 952 3163 videtur
980 3130 1129 3163 Ellendt.
1167 3146 1204 3152 —
1246 3144 1284 3151 —
1324 3128 1357 3160 6.
1394 3129 1452 3159 cui
1487 3128 1646 3168 frequens
1671 3128 1817 3159 aderam
1843 3126 1920 3158 libri
1955 3127 2029 3165 plu-

269 3180 346 3212 rimi
375 3183 408 3210 et
436 3181 489 3211 R:
528 3180 590 3220 qui
616 3179 665 3217 (id
693 3183 769 3215 est,
811 3177 907 3219 quoi)
942 3177 1101 3217 frequens
1138 3177 1282 3207 aderam
1309 3175 1375 3207 Gu.
1405 3178 1437 3207 1.
1467 3176 1500 3206 2.
1541 3177 1696 3216 amque,
1737 3174 1828 3205 unde
1866 3173 1927 3212 qui
1960 3172 2029 3212 fre-

270 3230 406 3267 quentes
432 3228 580 3257 aderant
607 3235 683 3257 curn
710 3225 797 3256 Aldo
823 3225 943 3256 Lamb.
966 3224 1004 3255 E.
1024 3241 1068 3246 --
1092 3224 1147 3255 15.
1176 3223 1210 3252 1ιὶ
1234 3223 1294 3261 Lg.
1323 3220 1476 3262 (praeter
1494 3223 1549 3253 20.
1573 3221 1645 3261 35.)
1673 3222 1824 3260 aliique,
1851 3219 1906 3250 R:
1935 3220 1960 3250 iz·
1986 3221 2026 3251 E.

270 3289 314 3294 --
340 3271 397 3303 19.
424 3275 540 3302 tamen
566 3272 753 3304 Corradus.
782 3287 823 3294 -—
849 3272 906 3303 21.
936 3271 975 3310 Q.
1002 3271 1042 3302 F.
1072 3279 1149 3302 cum
1176 3269 1334 3300 Fabricio
1366 3273 1400 3301 et
1427 3269 1597 3301 Wetzelio
1625 3269 1787 3300 Ellendt:
1814 3265 1854 3297 P.
1882 3265 1921 3296 F·
1950 3273 2029 3298 curn

269 3319 367 3350 libris
395 3320 554 3349 omnibus
579 3319 653 3349 RE.
694 3335 730 3342 —
776 3319 832 3350 30.
869 3315 998 3357 tamen]
1025 3318 1082 3350 sed
1108 3321 1223 3349 tamen
1248 3315 1290 3348 D.
1319 3316 1380 3358 Lg.
1409 3325 1528 3349 omnes
1555 3314 1707 3356 (praeter
1738 3310 1811 3354 35.)
1839 3311 1905 3344 Gu.
1935 3313 1968 3344 1.
1995 3313 2028 3345 2.

271 3365 395 3398 Dresd.
423 3364 655 3397 Emendatum
681 3367 784 3398 etiam
812 3367 846 3396 in
872 3365 914 3396 R.
