2117 3762
271 250 351 296 416
1042 255 1255 299 ORATOR

269 360 432 415 quitur,
477 372 570 402 cum
601 372 725 401 versu
755 359 808 400 sit
836 358 1085 401 adstrictior.
1149 364 1217 404 68.
1264 364 1351 418 Ego
1383 365 1544 412 autem,
1570 363 1739 405 etiamsi
1771 365 2031 419 quorundam

270 424 439 476 grandis
470 428 510 465 et
540 428 684 464 ornata
713 435 796 464 vox
827 427 891 463 est
920 427 1156 475 poetarum,
1201 429 1341 467 tamen
1381 427 1424 467 in
1454 439 1504 467 ca
1533 438 1628 466 cum
1658 425 1864 468 licentiam
1897 433 2029 469 statuo

267 484 467 526 maiorem
510 499 598 526 esse
641 498 764 539 quam
801 483 843 526 in
882 485 1003 526 nobis
1039 484 1325 530 faciendorum
1356 488 1747 545 iungendorumque
1777 488 2028 537 verborum,

267 552 353 588 tum
384 546 507 588 etiam
536 546 828 588 nonnullorum
859 546 1062 588 voluntati
1100 547 1273 591 vocibus
1308 551 1441 606 magis
1471 564 1595 607 quam
1625 550 1751 592 rebus
1781 551 2027 592 inserviunt.

237 612 351 651 ⁵Nec
382 623 505 659 vero,
549 611 582 651 si
624 609 723 663 quid
756 614 817 651 est
846 624 974 651 unum
1005 611 1113 652 inter
1144 625 1216 652 eos
1247 613 1379 655 simile
1408 637 1463 645 —
1495 616 1537 655 id
1568 618 1705 655 autem
1738 620 1801 655 est
1830 612 2031 655 iudicium

267 672 497 727 electioque
519 671 747 715 verborum
764 697 842 723 —,
875 679 1097 730 propterea
1119 679 1351 716 ceterarum
1372 690 1510 718 rerum
1535 675 1827 717 dissimilitudo
1854 674 2030 729 intelligi

265 749 349 777 non
379 740 539 791 potest;
591 737 664 777 sed
696 737 738 778 id
768 751 845 777 nec
876 735 1047 778 dubium
1079 742 1141 778 est
1173 743 1233 785 et,
1272 738 1306 779 si
1338 740 1437 793 quid
1467 738 1594 780 habet
1622 739 1904 794 quaestionis,
1952 740 2033 779 hoc

265 805 402 840 tamen
432 800 568 852 ipsum
599 800 651 840 ad
680 799 746 849 id,
780 801 891 854 quod
921 801 1181 855 propositum
1213 805 1298 848 cst,
1330 814 1415 841 non
1437 807 1499 843 est
1528 803 1824 844 necessarium.
1885 803 2030 842 Seiun-

265 866 352 902 ctus
382 860 510 915 igitur
539 867 680 903 orator
709 876 733 903 a
762 862 1109 916 philosophorum
1140 862 1402 918 eloquentia,
1435 877 1459 904 a
1483 866 1780 919 sophistarum,
1817 861 1868 905 ab
1901 863 2032 905 histo-

214 924 473 972 wricorum,
505 937 530 965 a
559 929 776 978 poetarum
810 927 1078 981 explicandus
1110 931 1172 967 est
1200 924 1321 966 nobis
1352 925 1484 979 qualis
1514 925 1678 969 futurus
1709 929 1777 969 sit.
2001 922 2004 926 ’

375 988 491 1028 ΧΧΙ.
525 989 592 1028 69.
625 987 714 1029 Erit
734 988 863 1041 igitur
884 988 1083 1043 eloquens
1104 1012 1158 1019 -
1179 989 1291 1029 hunc
1314 989 1424 1029 enim
1454 994 1625 1030 auctore
1656 991 1833 1032 Antonio
1867 990 2031 1046 quaeri-

263 1063 354 1092 mus
371 1073 426 1081 —
446 1051 497 1100 is,
524 1051 594 1105 qui
615 1052 658 1091 in
678 1049 772 1092 soro
795 1051 1014 1107 causisque
1031 1050 1221 1094 civilibus
1242 1050 1299 1092 ita
1320 1049 1442 1098 dicet,
1465 1056 1511 1092 ut
1530 1050 1693 1106 probet,
1714 1058 1761 1093 ut
1776 1052 1964 1100 delectet,
1986 1057 2033 1093 ut

263 1115 415 1155 flectat.
477 1114 663 1155 Probare
695 1113 952 1155 necessitatis
983 1119 1067 1162 est,
1100 1114 1305 1156 delectare
1336 1115 1568 1161 suavitatis,
1606 1113 1772 1156 flectere
1803 1115 2029 1163 victoriae;

262 1189 357 1217 nam
378 1177 419 1217 id
440 1190 569 1217 unum
591 1190 645 1217 ex
665 1177 859 1218 omnibus
879 1178 929 1218 ad
951 1175 1197 1218 obtinendas
1219 1190 1361 1218 causas
1382 1181 1519 1230 potest
1538 1178 1780 1232 plurimum.
1829 1180 1909 1219 Sed
1930 1181 2032 1234 quot

213 1247 248 1272 ¹⁵
264 1239 401 1280 officia
423 1238 626 1288 oratoris,
659 1244 720 1280 tot
742 1244 838 1280 sunt
863 1253 1015 1293 genera
1036 1239 1222 1281 dicendi:
1255 1237 1405 1281 subtile
1425 1239 1467 1279 in
1486 1238 1725 1294 probando,
1757 1240 1967 1281 modicum
1988 1238 2032 1281 in

263 1301 525 1350 delectando,
548 1304 775 1343 vehemens
796 1301 837 1342 in
858 1300 1086 1352 ssectendo;
1117 1303 1158 1343 in
1180 1315 1263 1356 quo
1285 1315 1368 1342 uuo
1392 1302 1454 1343 vis
1476 1303 1609 1343 omnis
1632 1303 1811 1343 oratoris
1833 1307 1908 1343 est.
1958 1304 2027 1342 70.

262 1364 400 1420 Magni
421 1363 548 1419 igitur
567 1363 736 1413 iudicii,
771 1378 955 1405 summae
982 1364 1107 1406 etiam
1134 1363 1340 1406 facultatis
1369 1377 1459 1406 esse
1490 1363 1661 1405 debebit
1689 1366 1933 1406 moderator
1962 1363 2032 1405 ille

265 1433 307 1468 et
336 1426 454 1484 quasi
485 1431 739 1482 temperator
768 1426 891 1468 huius
921 1427 1153 1482 tripertitae
1183 1426 1409 1472 varietatis,
1466 1430 1571 1469 Nam
1603 1432 1644 1469 et
1672 1426 1895 1477 iudicabit,
1930 1426 2031 1482 quid

264 1493 414 1546 cuique
444 1496 548 1546 o'pus
579 1491 659 1539 sit,
702 1495 742 1530 et
769 1489 948 1545 poterit,
990 1503 1241 1545 quocunque
1271 1492 1396 1532 modo
1428 1489 1656 1545 postulabit
1690 1504 1836 1539 causa,
1878 1489 2031 1531 dicere.

214 1566 249 1591 πο
265 1553 345 1595 Sed
375 1557 437 1594 est
465 1552 727 1608 eloquentiae
756 1555 862 1594 sicut
890 1552 1147 1608 reliquarum
1179 1567 1319 1594 rerum
1349 1552 1664 1595 fundamentum
1697 1553 1911 1609 sapientia.
1984 1554 2033 1594 Ut

264 1617 373 1658 enim
403 1617 447 1657 in
478 1616 583 1664 vita,
617 1615 675 1656 sic
704 1615 748 1656 in
780 1615 968 1656 oratione
998 1615 1101 1656 nihil
1131 1620 1193 1656 est
1215 1614 1421 1657 difficilius
1443 1630 1566 1672 quam
1588 1614 1687 1671 quid
1708 1617 1853 1657 deceat
1872 1614 2032 1657 videre.

263 1678 449 1735 Πρέποι)
487 1677 695 1733 appellant
722 1679 804 1719 hoc
837 1677 1005 1729 Graeci;
1054 1691 1131 1719 nos
1162 1677 1347 1720 dicamus
1377 1692 1474 1719 sane
1516 1681 1782 1720 decorum.
1854 1680 1915 1720 De
1946 1691 2029 1732 quo

262 1740 474 1797 praeclare
503 1745 544 1782 et
574 1739 701 1782 multa
729 1740 1046 1795 praecipiuntur
1075 1745 1115 1781 et
1143 1754 1210 1781 res
1239 1746 1301 1782 est
1321 1740 1556 1795 cognitione
1579 1740 1834 1794 dignissima.
1895 1742 2031 1782 Huius

262 1805 524 1857 ignoratione
545 1817 630 1845 non
650 1805 776 1844 modo
797 1804 840 1844 in
861 1804 975 1852 vita,
1002 1804 1075 1845 sed
1096 1804 1337 1859 saepissime
1358 1811 1398 1845 et
1417 1804 1461 1844 in
1481 1805 1687 1858 poematis
1708 1808 1749 1845 et
1775 1805 1817 1845 in
1842 1803 2032 1845 oratione

212 1877 248 1902 ²⁵
262 1872 473 1923 peccatur.
534 1868 603 1908 71.
636 1868 708 1908 Est
729 1871 887 1914 autem,
910 1865 1010 1921 quid
1030 1865 1196 1916 deceat,
1221 1865 1378 1908 oratori
1398 1865 1624 1908 videndum
1648 1881 1732 1908 non
1752 1868 1795 1909 in
1817 1865 2032 1908 sententiis

263 1932 400 1972 solum
430 1929 504 1972 sed
535 1930 658 1972 etiam
684 1930 728 1970 in
748 1928 903 1971 verbis.
965 1931 1058 1970 Non
1087 1931 1197 1971 enim
1229 1931 1364 1971 omnis
1393 1928 1586 1979 fortuna,
1618 1943 1704 1972 non
1725 1929 1858 1971 omnis
1879 1929 2028 1978 honos,

262 2008 346 2035 non
377 1994 512 2034 omnis
551 1991 797 2041 auctoritas,
846 2005 931 2033 non
966 1993 1100 2034 omnis
1135 1997 1245 2034 aetas
1280 2007 1357 2034 nec
1389 2007 1490 2034 vero
1521 1992 1638 2034 locus
1668 1997 1738 2034 aut
1767 1997 1928 2048 tempus
1960 1997 2031 2034 aut

262 2057 428 2099 auditor
447 2057 581 2099 omnis
602 2057 750 2097 eodem
773 2059 843 2096 aut
862 2053 1086 2097 verborum
1108 2069 1262 2110 genere
1285 2054 1519 2097 tractandus
1542 2060 1604 2096 est
1624 2060 1695 2096 aut
1713 2054 2027 2103 sententiarum,

263 2133 509 2175 semperque
539 2121 581 2161 in
612 2117 726 2161 omni
755 2123 872 2173 parte
903 2117 1102 2160 orationis
1131 2123 1176 2160 ut
1210 2120 1342 2168 vitae,
1390 2119 1489 2174 quid
1530 2116 1695 2166 deceat,
1742 2122 1804 2159 est
1841 2117 2031 2159 conside-

213 2191 249 2217 30
262 2184 465 2223 randum:
516 2183 629 2238 quod
660 2186 701 2223 et
728 2180 772 2222 in
802 2194 872 2230 re,
920 2180 971 2221 de
1002 2194 1081 2236 qua
1112 2182 1267 2235 agitur,
1311 2181 1494 2237 positum
1537 2185 1599 2222 est
1628 2185 1669 2221 et
1697 2179 1740 2221 in
1770 2179 1959 2235 personis
1989 2185 2030 2223 et

263 2257 436 2293 eorum,
487 2246 558 2298 qui
590 2246 754 2293 dicunt,
802 2248 843 2284 et
877 2256 1047 2290 eorum,
1094 2245 1165 2299 qui
1204 2243 1390 2285 audiunt.
1451 2245 1518 2284 72.
1564 2245 1706 2298 Itaque
1743 2244 1854 2284 hunc
1889 2242 2029 2285 locum

261 2308 387 2361 longe
408 2311 448 2348 et
467 2306 548 2348 late
568 2311 778 2362 patentem
807 2304 1048 2361 philosophi
1078 2307 1215 2347 solent
1243 2305 1285 2347 in
1315 2304 1462 2348 officiis
1483 2310 1659 2348 tractare
1679 2328 1734 2336 —-
1754 2319 1839 2346 non
1861 2319 1956 2347 cum
1978 2304 2029 2346 de

260 2374 377 2412 recto
401 2369 493 2425 ipso
520 2369 754 2425 disputant3
786 2382 882 2409 nam
912 2367 955 2410 id
986 2368 1154 2424 quidem
1186 2381 1316 2409 unum
1346 2373 1407 2409 est
1426 2391 1506 2418 —,
1540 2368 1796 2422 grammatici
1815 2368 1858 2408 in
1877 2368 2026 2423 poetis,

263 2434 506 2488 eloquentes
545 2433 588 2474 in
625 2431 739 2474 omni
776 2436 816 2473 et
851 2444 1003 2485 genere
1035 2437 1075 2473 et
1105 2436 1222 2486 parte
1254 2444 1488 2472 causarum.
1551 2431 1685 2480 Quam
1715 2429 1825 2471 enim
1856 2429 2028 2471 indeco-

211 2503 246 2530 ³⁵
262 2509 355 2537 rum
387 2500 466 2543 est,
499 2493 551 2537 de
583 2494 802 2536 stillicidiis
834 2509 927 2535 cum
959 2496 1069 2548 apud
1099 2508 1227 2536 unum
1256 2492 1437 2535 iudicem
1468 2493 1604 2542 dicas,
1638 2492 1904 2547 amplissimis
1934 2506 2028 2534 ver-

260 2557 326 2599 bis
357 2563 400 2599 et
429 2557 532 2599 locis
561 2557 623 2599 uti
655 2558 968 2606 communibus,
1016 2559 1066 2598 de
1107 2558 1319 2599 maiestate
1357 2555 1501 2611 populi
1531 2557 1705 2598 Romani
1736 2554 1955 2596 summisse
1986 2557 2028 2595 et

260 2620 489 2662 subtiliter!
547 2622 682 2662 XXII.
730 2621 808 2661 Hic
839 2634 995 2673 genere
1025 2625 1137 2669 toto,
1177 2624 1218 2661 at
1245 2632 1423 2674 persona
1453 2617 1523 2659 alii
1553 2622 1725 2673 peccant
1754 2623 1824 2659 aut
1854 2631 1927 2659 sua
1955 2621 2027 2659 aut

259 2684 445 2724 iudicum
475 2687 545 2724 aut
575 2684 699 2724 etiam
729 2683 1088 2732 adversariorum,
1133 2696 1210 2724 nec
1237 2696 1284 2724 re
1316 2682 1453 2722 solum
1483 2679 1557 2722 sed
1585 2694 1709 2736 saepe
1738 2679 1893 2730 verbo;
1949 2678 2027 2721 etsi

261 2745 350 2787 sine
387 2759 434 2788 re
472 2745 586 2788 nulla
624 2747 685 2788 vis
722 2745 843 2788 verbi
879 2751 964 2796 est,
1018 2751 1157 2787 tamen
1196 2744 1341 2787 eadem
1372 2758 1438 2786 res
1469 2758 1594 2799 saepe
1624 2749 1696 2786 aut
1723 2745 1928 2798 probatur
1957 2746 2027 2785 aut

357 2886 392 2917 1.
419 2885 483 2916 etsi
508 2885 606 2916 Etns.
648 2900 688 2907 —
727 2884 761 2916 2.
801 2893 877 2916 cum
902 2888 980 2918 ante
1007 2884 1186 2917 liomtiam
1211 2894 1280 2917 om.
1308 2885 1350 2917 R.
1384 2902 1418 2908 —-
1462 2884 1496 2917 4.
1526 2894 1603 2916 cum
1628 2885 1735 2917 etiam
1759 2900 1773 2907 -
1797 2899 1811 2907 -
1834 2883 2025 2915 inserviant

262 2932 303 2964 R.
333 2949 373 2955 —
415 2932 590 2963 volantati
628 2939 704 2963 cum
743 2930 837 2963 libris
863 2933 917 2964 R:
956 2933 1133 2972 voluptati
1170 2941 1248 2964 cum
1275 2933 1364 2965 Aldo
1390 2932 1430 2963 E.
1474 2929 1650 2970 (nonnulli
1682 2932 1825 2963 aurium
1849 2931 2025 2970 voluptati

263 2979 426 3011 Schtitzio
452 2983 594 3011 auctore
622 2978 760 3011 Goeller
786 2980 819 3009 in
848 2979 911 3010 Ed.
939 2978 1037 3020 mai.)
1074 2995 1115 3002 —-
1159 2980 1215 3012 10.
1257 2988 1300 3010 ac
1321 2982 1415 3021 poet.
1443 2978 1540 3011 Eius.
1579 2995 1623 3000 —
1664 2979 1720 3010 12.
1748 2978 1835 3010 dicit
1857 2978 1955 3009 Eins.
1981 2992 2020 3000 ——

262 3026 318 3057 16.
347 3025 522 3057 orationis
557 3025 624 3058 Gu.
652 3027 685 3057 1.
712 3025 746 3056 2.
765 3047 774 3063 ,
802 3026 843 3056 R.
875 3041 913 3048 --
957 3027 1014 3058 16.
1041 3035 1110 3057 uno
1136 3034 1206 3058 om.
1235 3026 1330 3058 Eins.
1368 3040 1412 3048 -
1455 3026 1513 3057 17.
1539 3025 1635 3057 illius
1661 3025 1758 3057 Eius.
1792 3041 1834 3046 —
1874 3025 1932 3056 20.
1959 3021 2021 3064 est]

263 3073 367 3103 etiam
404 3072 500 3104 Eins.
543 3089 587 3094 —
628 3072 783 3104 altarum
823 3073 917 3103 Eins.
962 3075 1002 3095 ‘—
1044 3072 1101 3103 23.
1144 3076 1176 3106 et
1209 3073 1392 3112 praeclare
1416 3073 1527 3104 ‘multa
1554 3071 1740 3104 Strebaeus
1767 3075 1800 3103 et
1826 3071 2022 3104 Schutzius.

262 3117 447 3151 Librorum
474 3119 659 3152 lectionem
686 3119 798 3150 firmat
824 3119 934 3151 Iulius
960 3119 1080 3152 Victor
1106 3128 1139 3159 p.
1169 3120 1247 3151 109.
1301 3119 1365 3150 Ed.
1404 3119 1507 3151 Rom.
1551 3119 1621 3151 Cfr.
1650 3119 1751 3150 Hand
1779 3118 1880 3149 Turs.
1907 3117 1955 3148 Π.
1984 3125 2020 3155 p.

261 3164 342 3196 476.
373 3181 412 3187 -
450 3166 509 3197 24.
538 3175 606 3199 om.
635 3169 667 3197 et
694 3165 760 3199 Gu.
789 3166 821 3196 1.
849 3166 893 3198 R.
923 3183 960 3189 —
999 3166 1221 3206 poematibus
1246 3166 1317 3198 Vit.
1345 3166 1441 3197 Eins.
1470 3166 1555 3198 Cod.
1584 3167 1671 3206 Reg.
1698 3163 1831 3202 7703.;
1858 3163 1918 3196 sed
1941 3166 2023 3204 poe·-

260 3212 365 3242 matis
390 3212 528 3244 firmant
555 3213 622 3245 Gu.
650 3213 684 3244 1.
712 3213 748 3244 2.
775 3211 843 3249 R.,
882 3216 1066 3253 praeterea
1092 3212 1269 3245 Charisius
1296 3221 1331 3253 p·
1359 3213 1440 3245 112.
1467 3213 1508 3244 P.
1537 3216 1570 3245 et
1594 3212 1704 3244 lulius
1731 3212 1850 3244 Victor
1873 3210 1895 3242 Ι.
1926 3209 1948 3241 Ι.
1977 3224 2019 3233 --

260 3257 319 3289 35.
346 3266 454 3288 unum
480 3268 547 3290 om.
575 3260 671 3291 Eins.
712 3276 754 3283 —-
795 3259 853 3292 36.
881 3261 922 3291 de
946 3261 1129 3291 maiestate
1153 3268 1235 3291 vero
1263 3259 1302 3291 P.
1328 3258 1371 3290 R.
1418 3259 1514 3292 lunt.
1542 3267 1611 3291 sec.
1641 3259 1734 3291 Crat.
1764 3267 1802 3290 ex
1830 3256 2015 3296 interpola

262 3306 368 3337 etiam
393 3304 555 3337 adversus
580 3306 787 3339 Romanam.
826 3323 871 3329 —-
910 3306 967 3338 37.
994 3306 1200 3346 suppliciter
1223 3306 1268 3339 R.
1311 3323 1352 3331 —
1393 3305 1451 3340 38.
1477 3306 1538 3340 sed
1562 3307 1668 3339 etiam
1690 3313 1792 3345 saepo
1810 3304 1935 3342 Eius„
1961 3301 2020 3337 sed

261 3359 361 3393 saepe
387 3351 492 3384 etiam
515 3351 595 3384 Ald.
623 3371 664 3378 —
690 3355 755 3388 etsi
779 3354 871 3387 enim
894 3354 968 3387 sine
991 3353 1113 3386 Lamb.
