2117 3762
532 316 601 355 Al)
633 315 688 355 M.
722 314 932 355 BltU'rt'M
966 317 1007 358 C.
1038 318 1105 358 27.
1139 318 1205 360 28.
1237 319 1303 359 29.
1711 320 1787 361 &21

39 421 346 463 immutationes
368 433 569 474 nusquam
592 420 838 462 crebriores,
889 423 956 462 95.
995 423 1039 463 In
1062 422 1170 464 idem
1195 437 1324 477 genus
1346 423 1546 465 orationis
1566 446 1620 454 —
1640 424 1791 480 loquor

41 485 151 525 enim
183 486 233 525 de
266 484 334 525 illa
365 483 526 525 modica
558 496 603 523 ac
635 488 859 535 temperata
887 507 941 514 —
972 484 1193 526 verborum
1236 488 1386 528 cadunt
1430 487 1586 528 lumina
1627 488 1788 535 omnia,

39 547 167 587 multa
211 547 332 587 etiam
377 544 692 593 sententiat-unu
742 547 848 587 latae
896 549 1164 602 eruditaeque
1211 548 1510 603 disputationes
1549 547 1600 589 ab
1642 551 1790 589 eodem

38 607 300 661 explicantur
331 614 371 650 et
400 609 480 648 loci
511 620 751 648 communes
787 609 875 649 sine
914 612 1176 651 contentione
1217 613 1425 652 dicuntur.
1490 610 1598 661 Quid
1631 612 1788 652 multa?

39 685 61 711 e
93 671 435 726 philosophorum
465 668 617 710 scholis
649 669 748 710 tales
786 671 873 711 sere
913 674 1113 721 evadnnt;
1163 678 1202 713 et
1234 673 1309 713 nisi
1343 686 1483 715 coram
1515 675 1595 714 erit
1623 684 1823 729 compa-⁵

37 739 151 774 ratus
181 732 249 775 ille
279 732 452 780 sortior,
502 744 577 786 per
607 744 649 772 se
680 733 768 780 hic,
821 747 943 787 quem
976 733 1093 782 dico,
1146 733 1406 789 probabitur.
1468 739 1534 778 96.
1579 738 1651 778 Est
1680 738 1790 778 enim

39 797 246 850 quoddam
287 796 408 836 etiam
448 794 609 847 insigne
642 799 682 834 et
713 793 867 836 florens
899 796 1097 837 orationis
1129 799 1281 852 pictum
1312 804 1351 838 et
1382 799 1612 852 expolitum
1645 812 1789 853 genus,

37 857 81 899 in
111 871 193 912 quo
225 870 370 898 omnes
400 857 642 903 verborum,
696 870 839 898 omnes
876 859 1171 899 sententiarum
1213 859 1421 913 illigantur
1461 861 1640 916 lepores.
1702 863 1793 903 1100

38 926 168 961 totum
200 933 222 961 e
252 920 531 974 sophistarum
562 918 744 960 sontibus
776 919 947 961 defluxit
977 921 1018 960 in
1048 920 1212 969 sorum,
1261 923 1334 962 sed
1365 929 1547 977 spretum
1581 937 1602 964 a
1634 924 1793 966 subtili-

37 983 140 1030 bus,
173 979 382 1034 repulsum
414 995 435 1022 a
466 982 659 1034 gravibus
692 983 730 1022 in
763 995 831 1030 ea,
868 982 918 1023 de
950 997 1032 1038 qna
1061 982 1233 1038 loquor,
1275 986 1555 1026 mediocritate
1587 985 1788 1028 consedit.
1806 999 1842 1024 10

150 1044 435 1084 xxv111s97.
485 1044 648 1085 Tertius
679 1050 741 1084 est
770 1043 838 1085 ille
877 1044 1036 1097 amplus
1077 1045 1292 1098 copiosus,
1345 1048 1479 1101 gravis
1519 1054 1705 1096 ornatus,
1751 1049 1793 1091 in

37 1120 118 1163 quo
149 1105 337 1161 profecto
371 1105 432 1146 vis
464 1107 644 1146 maxima
675 1111 748 1149 est.
805 1105 884 1147 llic
915 1113 975 1148 est
1007 1107 1137 1155 enim,
1184 1109 1300 1149 cuius
1339 1115 1526 1150 ornatum
1559 1112 1720 1153 dicendi
1753 1117 1795 1153 et

35 1169 197 1224 copiam
241 1166 466 1209 admiratae
511 1173 651 1220 gentes
695 1169 973 1221 eloquentiam
1022 1169 1064 1210 in
1110 1169 1344 1212 civitatibus
1388 1171 1610 1227 plurimum
1653 1174 1791 1216 valere

34 1244 176 1287 passae
208 1235 326 1278 sunt,
360 1231 433 1271 sed
464 1231 571 1270 hanc
602 1231 903 1284 eloquentiam,
937 1245 1043 1285 quae
1076 1246 1199 1274 cursu
1230 1247 1380 1288 magno
1410 1234 1632 1290 sonituque
1663 1235 1794 1278 serre-

36 1300 126 1342 tur,
176 1306 298 1348 quam
339 1292 598 1345 suspicerent
637 1305 801 1341 omneS,
853 1307 977 1348 quam
1018 1295 1347 1343 admirarentur,
1400 1311 1522 1351 quam
1554 1311 1598 1339 se
1628 1301 1841 1355 assequi¹⁵

34 1369 159 1410 posse
189 1353 436 1395 diffiderent.
494 1354 630 1395 Huius
671 1354 932 1410 eloquentiae
971 1362 1032 1398 est
1070 1363 1246 1398 tractare
1285 1359 1466 1408 animos,
1520 1359 1640 1401 huius
1680 1364 1793 1403 omni

35 1421 160 1460 modo
190 1430 453 1474 permovere.
518 1418 631 1457 Haec
663 1416 786 1458 modo
818 1416 1062 1472 perfringit,
1110 1420 1233 1462 modo
1272 1419 1417 1476 irrepit
1452 1422 1494 1461 in
1524 1436 1687 1473 sensus;
1734 1425 1795 1464 in-

35 1481 134 1523 serit
154 1494 281 1522 novas
304 1481 546 1533 opiniones,
580 1479 718 1521 evellit
740 1481 898 1525 insitas,
960 1483 1028 1523 98.
1066 1484 1147 1524 Sed
1178 1482 1351 1524 multum
1382 1483 1553 1525 interest
1581 1484 1694 1527 inter
1715 1484 1793 1527 hoc

36 1543 200 1585 dicendi
231 1556 360 1597 genus
391 1548 432 1583 et
461 1542 690 1597 superiora.
753 1544 832 1592 Qui
865 1546 905 1584 in
936 1544 1005 1585 illo
1045 1544 1185 1586 subtili
1217 1550 1258 1585 et
1288 1550 1409 1587 acuto
1448 1545 1701 1596 elaboravit,
1751 1552 1796 1589 ut

35 1605 181 1648 callide
211 1612 439 1660 arguteque
470 1606 629 1645 diceret
657 1619 733 1646 nec
760 1605 986 1660 quidquam
1007 1606 1127 1648 altius
1148 1609 1367 1661 cogitaret,
1399 1610 1479 1649 hoc
1499 1624 1582 1650 uno
1607 1609 1793 1665 perfecto
1808 1620 1844 1646 20

37 1683 210 1723 magnus
248 1673 388 1709 orator
425 1672 507 1714 est,
554 1666 586 1707 si
620 1681 702 1709 non
733 1670 964 1718 maximus3
1015 1669 1266 1725 minimeque
1296 1671 1338 1711 in
1368 1670 1530 1713 lubrico
1560 1675 1795 1715 versabitur

36 1738 100 1779 et,
149 1732 183 1772 si
223 1729 351 1772 semel
392 1729 647 1778 constiterit,
696 1745 905 1786 nunquam
953 1734 1084 1774 cadet.
1142 1733 1301 1774 Medius
1345 1733 1415 1775 ille
1461 1740 1620 1783 autem,
1671 1749 1795 1789 quem

35 1793 244 1835 modicum
283 1797 324 1833 et
361 1797 634 1847 temperatum
672 1806 802 1842 voco,
855 1796 888 1835 si
931 1794 1054 1836 modo
1095 1808 1215 1836 suum
1256 1795 1359 1837 illud
1397 1796 1494 1837 satis
1532 1796 1792 1846 instruxerit,

36 1870 118 1898 non
172 1854 411 1896 extimescet
464 1854 664 1909 ancipites
710 1855 873 1897 dicendi
916 1856 1181 1912 incertosque
1212 1870 1350 1898 casus:
1407 1858 1529 1900 etiam
1560 1861 1791 1914 siquando

34 1918 170 1959 minus
215 1919 426 1964 succedet,
477 1923 524 1958 ut
563 1931 685 1972 saepe
723 1917 790 1968 fit,
844 1933 1037 1973 magnum
1073 1926 1210 1961 tamen
1245 1920 1479 1975 periculum
1509 1935 1593 1963 non
1633 1922 1842 1972 adibit32⁵

35 1980 113 2022 alte
145 1980 253 2021 enim
284 1981 432 2020 cadere
463 1993 546 2021 non
575 1986 726 2034 potest.
796 1983 863 2023 99.
911 1987 962 2023 At
991 1996 1089 2023 vero
1120 1983 1186 2022 hie
1216 1987 1375 2031 noster,
1409 1997 1531 2037 quem
1563 1984 1794 2040 principem

34 2042 249 2097 ponimus,
294 2041 456 2095 graviS,
504 2055 624 2090 acer,
667 2045 840 2092 ardens,
884 2044 916 2085 si
948 2046 998 2085 ad
1029 2047 1108 2086 hoe
1139 2058 1266 2085 unum
1297 2050 1359 2086 est
1388 2050 1505 2086 natus
1539 2051 1609 2088 aut
1638 2046 1681 2088 in
1710 2048 1792 2088 hoc

35 2107 127 2148 solo
157 2118 201 2146 se
233 2104 424 2146 exercuit
453 2110 523 2146 aut
551 2104 647 2146 huic
678 2106 822 2159 generi
864 2105 1001 2148 studet
1041 2106 1111 2148 uni
1142 2121 1219 2147 nec
1249 2120 1364 2148 suam
1395 2109 1560 2162 copiam
1591 2121 1683 2148 cum
1713 2107 1794 2149 illis

36 2166 198 2209 duobus
243 2168 466 2221 generibus
512 2168 784 2222 temperavit,
837 2168 1014 2210 maxime
1062 2173 1125 2210 est
1164 2172 1507 2211 contemnendus.
1568 2169 1641 2211 Ille
1684 2171 1794 2212 enim

36 2228 299 2276 summissus,
330 2228 439 2283 quod
471 2236 589 2271 acute
620 2236 661 2271 et
690 2232 939 2272 veteratorie
971 2231 1092 2279 dicit,
1123 2233 1285 2287 sapiens
1315 2233 1417 2279 iam,
1449 2233 1610 2274 medius
1640 2234 1791 2281 suavis,
1808 2242 1843 2268 ³0

36 2294 103 2333 hic
131 2297 268 2332 autem
300 2291 631 2345 copiosissimus,
671 2292 705 2333 si
737 2292 838 2334 nihil
869 2298 931 2334 est
960 2293 1090 2340 aliud,
1129 2295 1199 2334 vix
1228 2295 1324 2335 satis
1356 2308 1476 2335 sanus
1507 2296 1640 2336 videri
1673 2295 1790 2336 solet.

38 2353 121 2404 Qui
151 2353 261 2394 enim
292 2352 396 2394 nihil
426 2358 559 2407 potest
597 2354 842 2408 tranquille,
888 2354 990 2396 nihil
1027 2355 1200 2405 leniter,
1252 2356 1355 2397 nihil
1384 2358 1554 2409 partite,
1601 2355 1791 2405 definite,

38 2416 249 2464 distincte,
301 2414 433 2456 facete
473 2417 633 2463 dicere,
680 2416 926 2469 praesertim
967 2431 1059 2459 cum
1102 2432 1249 2459 causae
1286 2419 1437 2472 partim
1474 2424 1584 2460 totae
1628 2419 1706 2460 sint
1744 2432 1794 2460 eo

38 2480 186 2527 modo,
218 2477 366 2533 partim
398 2477 534 2532 aliqua
565 2492 618 2519 ex
648 2483 763 2531 parte
794 2482 1053 2530 tractandae;
1095 2480 1129 2522 si
1159 2480 1194 2521 is
1226 2495 1308 2521 non
1340 2483 1594 2536 praeparatis
1625 2481 1793 2522 auribus

36 2540 294 2582 inflammare
334 2553 421 2580 rem
461 2539 623 2592 coepit,
673 2539 812 2581 furere
851 2540 961 2596 apud
997 2555 1119 2583 sanos
1150 2548 1191 2583 et
1219 2545 1335 2600 quasi
1366 2545 1476 2585 inter
1504 2545 1667 2586 sobrios
1699 2546 1793 2585 bac-
1807 2556 1841 2583 35

39 2605 151 2646 chari
180 2602 412 2645 vinolentus
441 2604 618 2644 videtur.

153 2668 246 2707 100.
294 2667 500 2706 Tenemus
530 2664 678 2718 igitur,
726 2666 870 2712 Brute,
919 2678 1043 2720 quem
1082 2667 1334 2721 quaerimus,
1383 2670 1455 2710 sed
1485 2669 1635 2709 animo.
1693 2670 1793 2709 Nam

40 2742 162 2770 manu
191 2728 225 2770 si
255 2729 585 2784 prehendissem,
636 2740 685 2767 ne
726 2728 814 2781 ipse
852 2728 1020 2782 quidem
1058 2741 1130 2769 sua
1162 2734 1272 2770 tanta
1303 2729 1538 2786 eloquentia
1568 2729 1666 2770 mihi
1698 2742 1792 2782 per-

41 2792 256 2838 suasisset,
298 2796 343 2831 ut
371 2803 414 2832 se
446 2789 710 2831 dimitterem.
772 2791 926 2831 XXlX.
961 2788 1043 2831 Sed
1074 2791 1262 2831 inventus
1294 2792 1480 2845 profecto
1513 2796 1574 2832 est
1602 2791 1669 2832 ille
1703 2792 1790 2832 elo-

133 2927 166 2959 3.
194 2928 304 2959 laetae
330 2927 438 2958 lulius
464 2928 583 2959 Victor
610 2936 642 2965 p.
671 2927 748 2958 108.
777 2927 840 2959 Ed.
865 2927 981 2964 Rom„
1010 2931 1047 2959 ut
1072 2927 1228 2959 voluerat
1257 2928 1473 2960 Gulielmius.
1505 2944 1545 2950 —
1571 2927 1663 2959 latae
1686 2929 1792 2960 etiam

43 2974 264 3014 eruditaeque
279 2974 319 3005 R.
342 2990 381 2995 —
408 2974 443 3004 lt.
465 2975 734 3013 eat-plicabuntur
751 2990 763 2995 -
781 2990 792 2995 -
812 2974 972 3004 dicentur
989 2990 1004 2997 -
1022 2990 1035 2997 -
1060 2974 1205 3006 evadent
1224 2974 1265 3005 Α.
1285 2973 1569 3014 (explicabuntur
1587 2976 1690 3006 etiam
1714 2974 1787 3007 Gu-

43 3022 100 3059 3.,
139 3021 298 3051 dicentur
330 3022 433 3051 etiam
467 3021 574 3052 lulius
603 3021 718 3051 Victor
754 3027 785 3058 ρ.
815 3020 894 3050 257.
939 3019 1004 3050 Ed.
1033 3025 1183 3053 nostrae.
1218 3021 1284 3052 Pro
1320 3021 1384 3052 hoc
1426 3030 1456 3052 v.
1492 3021 1708 3052 inducuntur
1746 3030 1788 3054 ex

44 3068 136 3100 coni.
164 3064 386 3107 Lambinus.)
417 3082 452 3088 —-
490 3067 546 3098 Μ.
575 3066 692 3106 fassae
722 3067 790 3098 vn.
821 3067 863 3097 L't.
888 3075 973 3103 nos,
1002 3066 1108 3098 multo
1136 3067 1310 3099 efficacius
1335 3068 1464 3105 ceteri,
1494 3068 1595 3098 etiam
1623 3067 1717 3100 EtnS.
1744 3067 1789 3103 P..

45 3115 184 3146 Dictum
212 3117 285 3149 est,
328 3117 366 3143 ut
391 3113 464 3143 Liv.
493 3114 606 3145 Praei.
634 3112 672 3154 ἕ.
700 3114 746 3145 7:
786 3118 857 3144 tam
881 3118 911 3144 et
937 3113 998 3143 Ιιοσ
1024 3116 1172 3152 {lentes
1207 3115 1376 3145 humanae
1405 3114 1657 3152 patiantur
1681 3123 1788 3155 aequo

45 3163 185 3197 animo,
211 3168 314 3199 quam
338 3160 520 3198 imperium
543 3162 802 3198 patiuntur.
831 3176 874 3181 -—
912 3159 968 3190 17.
996 3157 1106 3198 Ilaec]
1133 3159 1193 3191 hoc
1219 3161 1258 3191 ῐὶ.
1290 3177 1327 3182 -
1366 3159 1423 3190 20.
1453 3163 1619 3201 acuteque
1643 3160 1692 3198 Α,
1719 3161 1789 3193 Gu-

44 3208 78 3238 3.
108 3223 145 3230 -—
186 3206 342 3246 profecto
369 3205 436 3236 Gu.
464 3206 498 3235 3.
525 3207 621 3238 Mon.
650 3208 696 3242 n,
725 3206 766 3237 L.
804 3222 844 3228 —-
887 3205 945 3236 2'4.
984 3207 1173 3237 eaetimescit
1212 3206 1281 3238 vn.
1310 3206 1406 3237 Eins.
1435 3205 1496 3237 Dr.
1526 3205 1592 3238 Gu.
1620 3207 1652 3238 1.
1680 3207 1714 3238 2.
1744 3208 1788 3239 R.

44 3254 88 3285 Ut
112 3261 199 3289 nos,
227 3252 293 3283 Gn.
323 3251 356 3282 3.
386 3268 421 3274 -
452 3251 507 3282 26.
537 3253 645 3283 Aliter
671 3253 711 3283 R.
740 3268 780 3274 —
807 3252 864 3284 28.
891 3252 1024 3282 studuit
1049 3252 1101 3287 Α,
1145 3251 1210 3283 Gu.
1238 3252 1272 3283 3.
1300 3251 1339 3282 L.
1380 3269 1417 3275 —
1459 3261 1535 3284 cum
1561 3261 1629 3285 om.
1659 3253 1724 3285 Gu.
1753 3253 1787 3284 3.

45 3301 84 3332 L.
115 3316 153 3321 —
183 3298 239 3330 31.
268 3299 298 3328 is
323 3298 352 3328 st·
380 3297 527 3329 malebat
557 3299 636 3329 ΕΠ]-
665 3314 705 3319 -
736 3296 894 3338 oneribus]
922 3299 1047 3329 animis
1073 3298 1168 3329 Eins.
1210 3315 1246 3321 —
1285 3297 1340 3330 35.
1369 3301 1518 3339 coeperit
1542 3314 1556 3320 —
1579 3315 1594 3322 -
1617 3299 1790 3332 videbitur

47 3355 65 3378 e
97 3345 183 3377 Cod.
212 3353 274 3377 suo
301 3344 517 3383 Stephanus.
545 3344 584 3376 L.
621 3361 661 3366 —
698 3343 755 3376 37.
783 3347 916 3380 animo,
944 3353 1014 3375 non
1037 3352 1169 3375 manu:
1207 3345 1236 3374 si
1263 3344 1331 3376 Vit.
1359 3344 1453 3377 Eins.
1480 3345 1567 3383 Dr.,
1595 3345 1661 3378 Gu.
1692 3347 1723 3377 1.
1753 3346 1788 3380 2.

57 3393 107 3430 R,
135 3393 248 3424 Peter.
299 3391 342 3423 L't
367 3399 452 3429 nos,
482 3390 548 3422 Gu.
571 3391 603 3422 3.
632 3390 755 3429 Steph.
785 3391 832 3431 L,
860 3391 898 3422 E.
928 3388 1075 3431 (animo,
1102 3398 1173 3422 non
1196 3399 1324 3431 marum
1347 3400 1454 3425 manu
1477 3393 1508 3425 si
1531 3392 1652 3435 Meyer
1677 3390 1785 3432 coni.)
