2117 3762
748 275 847 316 LlB.
882 276 930 316 ΙΙ.
991 277 1034 319 C.
1068 278 1108 319 8.
1142 279 1182 319 9.
1221 280 1284 320 10.
1823 283 1902 322 229

155 383 318 438 potest?
367 380 457 436 quis
500 393 729 423 maerorem
772 379 909 422 levare
955 382 1091 425 mitius
1133 383 1414 427 consolando?
1463 386 1533 427 36.
1581 384 1766 429 Historia
1803 403 1902 432 vero

154 445 266 486 testis
297 450 552 499 temporum,
598 443 668 485 lux
700 443 901 492 veritatis,
950 446 1030 486 vita
1062 451 1305 494 memoriae,
1353 449 1546 502 magistra
1589 450 1714 497 vitae,
1763 453 1900 493 nuntia

153 507 382 554 vetustatis,
416 521 495 561 qua
530 519 627 547 voce
657 506 733 546 alia
764 507 839 548 nisi
872 508 1045 549 oratoris
1078 510 1369 552 immortalitati
1402 513 1743 554 commendatur?
1799 517 1899 556 Nam

152 570 186 612 si
218 584 296 624 qua
327 575 387 610 est
417 583 481 610 ars
511 569 613 616 alia,
665 582 770 622 quae
809 570 1030 612 verborum
1070 578 1139 612 aut
1171 572 1451 614 faciendorum
1483 580 1551 615 aut
1581 573 1898 629 deligendorum

153 632 363 674 seientiam
403 631 668 687 proliteatur;
719 638 788 672 aut
824 632 856 673 si
888 633 1104 689 quisquam
1136 635 1288 676 :licitur
1318 637 1394 677 nisi
1426 642 1567 678 orator
1596 636 1778 679 formare
1809 653 1930 681 ora-5

152 695 305 736 tionem
336 708 508 749 eamque
539 694 698 734 variare
730 700 769 735 et
799 694 1052 749 distinguere
1083 699 1196 751 quasi
1226 697 1469 751 quibusdam
1493 697 1716 741 verborum
1738 706 1902 742 senteu-

152 757 380 812 tiarumque
422 756 669 811 insignibus;
721 763 789 798 aut
828 759 860 799 si
893 759 956 800 via
987 761 1070 801 ulla
1103 759 1179 800 nisi
1210 759 1260 799 ab
1291 762 1365 800 hac
1396 774 1476 801 una
1508 768 1595 803 arte
1627 764 1801 805 traditur
1831 769 1902 806 aut

152 825 486 873 argumentorum
517 824 585 859 aut
616 820 908 861 sententiarum
941 827 1009 863 aut
1039 822 1217 875 denique
1249 821 1537 877 descriptionis
1568 829 1689 878 atque
1720 825 1898 868 ordinis:

151 882 355 924 fateamur
384 887 452 923 aut
481 882 580 929 boc,
613 881 723 937 quod
754 884 853 924 haec
885 898 949 924 ars
981 884 1247 937 profiteatur,
1281 884 1459 926 alienum
1492 899 1580 926 esse
1612 893 1680 928 aut
1710 901 1802 929 cum
1822 889 1898 930 alia

149 945 283 1000 aliqua
323 949 410 984 arte
453 957 542 985 esse
585 958 816 986 commune.
878 947 945 986 37.
993 948 1044 986 Et
1083 946 1117 986 si
1158 945 1198 986 in
1238 948 1314 987 hac
1352 961 1430 988 una
1469 953 1529 989 est
1565 963 1611 990 ea
1642 951 1747 990 ratio
1778 957 1949 1007 atquem

148 1006 360 1053 doctrina,
394 1018 502 1053 non,
536 1005 570 1046 si
601 1006 670 1060 qui
701 1008 872 1048 aliarum
904 1008 1053 1049 artium
1085 1007 1192 1049 hene
1222 1008 1348 1050 locuti
1379 1016 1492 1058 sunt,
1526 1024 1575 1052 eo
1601 1012 1734 1054 minus
1766 1013 1808 1054 id
1839 1019 1901 1055 est

147 1071 266 1110 huius
296 1068 417 1108 unius
446 1068 681 1124 p1·op1·ium;
711 1069 782 1110 sed
813 1076 857 1110 ut
886 1077 1028 1112 orator
1058 1070 1107 1111 de
1128 1071 1177 1111 iis
1199 1070 1340 1118 rebus,
1373 1087 1477 1128 quae
1499 1080 1726 1116 ceterarum
1749 1077 1898 1117 artium

146 1138 261 1179 sunt,
307 1130 343 1172 si
382 1132 507 1171 modo
553 1145 621 1171 eas
662 1135 882 1185 cognovit,
935 1139 978 1174 ut
1015 1134 1103 1173 heri
1135 1134 1306 1175 Crassus
1337 1134 1523 1185 dicebat,
1575 1137 1731 1190 optime
1763 1144 1899 1191 potest

146 1193 308 1242 dicere;
360 1194 419 1234 sic
450 1200 681 1235 ceterarum
713 1195 860 1236 artium
891 1195 1080 1236 homines
1111 1197 1296 1237 ornatius
1326 1195 1393 1237 illa
1424 1212 1498 1239 sua
1529 1197 1687 1248 dicunt,
1735 1199 1768 1241 si
1799 1202 1896 1254 quid

145 1255 196 1298 ab
227 1260 302 1298 bac
332 1262 419 1297 arte
451 1257 698 1300 didicerunt.
759 1260 825 1299 38.
871 1261 1014 1312 Neque
1056 1257 1165 1299 enim
1196 1260 1228 1299 si
1261 1258 1311 1299 de
1350 1260 1512 1301 rusticis
1552 1259 1677 1302 rebus
1718 1263 1897 1316 agricola
1912 1281 1946 1306 1⁵

144 1319 347 1375 quispiam
379 1325 447 1360 aut
477 1320 622 1367 etiam,
653 1320 694 1361 id
725 1320 835 1375 quod
867 1320 1002 1368 multi,
1035 1320 1218 1362 medicus
1240 1323 1290 1362 de
1322 1323 1478 1364 morbis
1508 1330 1577 1365 aut
1607 1323 1658 1364 de
1688 1324 1896 1379 pingendo

142 1383 277 1438 pictor
306 1381 450 1436 aliquis
481 1381 632 1424 diserte
663 1383 816 1424 dixerit
851 1388 919 1424 aut
954 1383 1187 1436 scripserit,
1236 1384 1391 1426 idcirco
1432 1385 1540 1427 illius
1577 1385 1675 1427 artis
1716 1390 1895 1442 putanda

144 1451 205 1487 est
242 1444 499 1499 eloquentia3
549 1445 591 1486 in
635 1458 714 1500 qua
758 1444 852 1499 quia
896 1445 959 1487 vis
998 1460 1146 1500 magna
1185 1452 1246 1487 est
1286 1446 1327 1487 in
1359 1446 1571 1489 bominum
1604 1449 1798 1502 ingeniis,
1845 1463 1895 1491 eo

142 1507 259 1550 multi
289 1508 412 1549 etiam
442 1506 529 1548 sine
561 1508 745 1548 doctrina
777 1507 933 1562 aliquid
964 1509 1146 1550 omnium
1179 1522 1376 1562 generum
1409 1515 1530 1565 atque
1569 1511 1717 1552 artium
1750 1526 1894 1554 conse-

142 1576 343 1626 quuntur;
395 1571 489 1615 sed,
534 1569 632 1624 quid
669 1569 867 1625 cuiusque
897 1570 948 1612 sit
978 1573 1212 1626 proprium,
1258 1571 1335 1613 etsi
1367 1587 1419 1613 ex
1451 1586 1501 1614 eo
1531 1572 1704 1615 iudicari
1735 1580 1943 1628 potest,2o

141 1645 233 1674 cum
263 1631 440 1681 videris,
471 1631 570 1686 quid
601 1645 787 1687 quaeque
817 1631 1013 1683 doceant,
1048 1640 1182 1675 tamen
1214 1633 1292 1676 hoc
1322 1637 1473 1677 certius
1504 1635 1606 1677 nihil
1629 1650 1719 1677 esse
1741 1642 1891 1691 potest,

142 1708 264 1750 quam
309 1695 420 1749 quod
465 1707 607 1735 omnes
650 1699 757 1735 artes
795 1694 899 1736 aliae
935 1697 1023 1737 sine
1062 1696 1296 1751 eloquentia
1335 1711 1455 1738 suum
1493 1711 1640 1740 munus
1682 1704 1893 1751 praestare

140 1762 333 1810 possunt,
365 1761 506 1798 orator
536 1756 623 1797 sine
654 1770 702 1798 ea
731 1770 881 1798 nomen
912 1773 1032 1800 suum
1064 1759 1252 1800 obtinere
1283 1773 1365 1800 non
1395 1764 1550 1814 potest;
1598 1766 1642 1801 ut
1673 1760 1822 1810 ceteri,
1857 1761 1891 1803 si

140 1819 284 1860 diserti
314 1819 415 1867 sint,
456 1818 610 1874 aliquid
641 1821 693 1860 ab
723 1822 802 1861 hoc
832 1822 1032 1870 habeant,
1073 1821 1160 1867 hic,
1205 1822 1284 1862 nisi
1315 1821 1550 1863 domesticis
1579 1835 1624 1863 se
1653 1822 1892 1865 instruxerit

139 1881 292 1937 copiis,
323 1880 488 1922 aliunde
520 1881 682 1922 dicendi
712 1882 873 1936 copiam
904 1888 1044 1938 petere
1074 1898 1156 1924 non
1186 1885 1329 1939 possit.
1905 1909 1939 1934 25

249 1944 307 1984 X.
341 1946 411 1985 39.
459 1946 562 1985 Tum
594 1946 782 1993 Catulus,
834 1945 945 1994 Etsi,
992 1946 1145 2001 inquit,
1191 1945 1359 1993 Antoni,
1405 1948 1573 1988 minime
1602 1949 1891 2004 impediendus

139 2010 202 2046 est
242 2004 574 2061 interpellatione
620 2005 697 2047 iste
743 2020 887 2048 cursus
931 2008 1132 2049 orationis
1167 2012 1282 2055 tuae,
1333 2008 1490 2063 patiere
1527 2015 1663 2051 tamen
1704 2011 1889 2067 mihique

138 2067 342 2122 ignosces.
403 2070 511 2109 Non
542 2067 672 2109 enim
702 2081 943 2124 possum,
985 2070 1107 2124 quin
1138 2070 1441 2119 exclamem,
1472 2076 1516 2112 ut
1547 2073 1603 2114 ait
1630 2072 1700 2114 ille
1728 2073 1773 2114 in
1802 2073 1893 2115 Tri-

137 2143 331 2172 nummo:
382 2129 437 2171 ita
466 2130 645 2172 oratoris
675 2131 775 2172 mihi
806 2134 888 2173 vim
929 2145 1023 2173 cum
1063 2133 1300 2187 exprimere
1330 2132 1534 2176 subtiliter
1562 2135 1674 2177 visus
1705 2150 1772 2185 es,
1804 2141 1890 2177 tum

138 2191 308 2234 laudare
338 2192 644 2246 copiosissime;
686 2192 798 2248 quod
827 2193 995 2249 quidem
1025 2196 1288 2250 eloquentem
1320 2198 1383 2237 vel
1415 2197 1570 2252 optime
1599 2198 1736 2239 facere
1767 2212 1940 2254 opor-30

138 2260 217 2303 tet,
258 2261 302 2296 ut
331 2254 605 2311 eloquentiam
637 2255 795 2305 laudet;
842 2255 967 2297 debet
996 2258 1106 2298 enim
1137 2259 1189 2298 ad
1221 2271 1310 2299 eam
1340 2258 1586 2300 laudandam
1618 2260 1749 2315 ipsam
1780 2261 1890 2302 illam

138 2315 360 2366 adhibere,
403 2331 524 2373 quam
554 2316 706 2359 laudat.
767 2320 848 2359 Sed
877 2332 1005 2372 perge
1035 2332 1184 2375 porr03
1232 2319 1307 2361 tibi
1337 2320 1448 2362 enim
1477 2323 1682 2363 assentior
1710 2328 1890 2364 vestrum

139 2393 229 2422 esse
267 2381 347 2421 hoc
386 2384 517 2421 totum
558 2379 709 2421 diserte
748 2379 910 2428 dicere,
959 2380 1084 2436 idque
1119 2382 1153 2423 si
1184 2384 1274 2437 quis
1304 2382 1348 2424 in
1377 2383 1456 2425 alia
1485 2390 1572 2425 arte
1601 2385 1744 2433 faciat,
1795 2399 1887 2427 eum

138 2449 347 2498 assumpto
376 2444 542 2484 aliunde
571 2442 632 2483 uti
662 2444 794 2490 bono,
828 2457 912 2484 non
941 2443 1114 2498 proprio
1144 2458 1221 2486 nec
1249 2459 1342 2486 suo.
1402 2449 1470 2488 40.
1501 2450 1550 2488 Et
1572 2450 1765 2497 Crassus,
1798 2452 1887 2490 Nox

137 2513 200 2554 te,
232 2504 387 2561 inquit,
420 2504 540 2547 nobis
555 2536 566 2554 ,
590 2505 763 2553 Antoni,
787 2505 988 2561 expolivit
1003 2507 1298 2561 hominemque
1315 2509 1511 2550 reddidit.
1572 2513 1673 2552 Nam
1691 2513 1883 2552 hesterno
1901 2530 1934 2556 ³5

137 2580 328 2609 sermone
365 2567 485 2609 unius
522 2570 733 2609 cuiusdam
763 2568 925 2622 operis,
971 2574 1016 2610 ut
1053 2571 1108 2610 ait
1145 2570 1368 2620 Caecilius,
1420 2573 1664 2627 remigem
1707 2573 1886 2627 aliquem

137 2634 224 2670 aut
262 2628 495 2672 baiulum
535 2631 655 2671 nobis
686 2635 894 2672 oratorem
924 2629 1221 2687 descripseraS,
1267 2632 1433 2688 inopem
1464 2637 1668 2689 quendam
1699 2635 1886 2677 humani-

139 2694 229 2733 tatis
260 2697 381 2747 atque
411 2690 674 2733 inurbanum.
735 2695 838 2734 Tum
874 2694 1099 2742 Antonius,
1145 2695 1245 2735 Heri
1283 2695 1416 2745 enim,
1468 2697 1620 2753 inquit,
1668 2697 1744 2738 hoc
1784 2697 1884 2738 mihi

139 2766 463 2809 proposueram,
510 2761 578 2804 ut,
626 2755 661 2797 si
691 2760 729 2796 te
759 2754 1029 2804 refellissem,
1077 2758 1153 2798 hos
1183 2759 1254 2798 abs
1285 2762 1324 2798 te
1355 2757 1580 2814 discipulos
1611 2758 1882 2808 abducerem3

232 2861 264 2892 1.
295 2860 440 2892 levando
462 2861 501 2893 B.
532 2878 571 2884 —
599 2862 632 2893 2.
660 2863 718 2894 via
743 2864 930 2895 memoriae
955 2863 1164 2901 Schutzius,
1202 2866 1294 2897 vitae
1316 2867 1484 2897 memoria
1510 2866 1652 2899 Ilanow.
1681 2883 1721 2888 —
1763 2866 1795 2900 3.
1823 2868 1887 2898 im-

139 2907 352 2939 mortalitate
375 2907 447 2939 BR.
479 2925 514 2931 —
541 2908 578 2940 4.
605 2912 668 2941 aut
691 2910 929 2951 faciendorum
954 2919 1022 2942 om.
1049 2910 1121 2942 ΑΒ.
1154 2926 1189 2932 -
1217 2912 1439 2952 tenendorum
1465 2912 1537 2943 AB.
1567 2930 1599 2935 —
1645 2913 1678 2945 5.
1704 2912 1785 2945 dicit
1810 2913 1884 2945 AB.

143 2971 177 2976 —
206 2954 241 2986 7.
267 2963 339 2985 una
365 2962 433 2985 om.
461 2953 532 2985 ΑΒ.
564 2973 600 2978 -
643 2956 678 2987 8.
707 2959 767 2987 aut
793 2957 928 2988 ordinis
952 2958 994 2989 R.
1034 2973 1077 2978 —
1118 2956 1152 2989 9.
1180 2958 1254 2990 alia
1278 2959 1399 2999 aliqua
1426 2960 1450 2990 B
1477 2959 1629 2997 aliique:
1668 2959 1787 3001 aliqua
1812 2961 1887 2992 alia

139 3002 212 3033 RE.
244 3018 279 3024 —
309 3001 366 3032 10.
393 3009 584 3033 communes
608 3002 680 3034 AB.
709 3019 750 3025 —
776 3004 819 3034 Et
844 3003 928 3034 AB:
956 3003 1020 3036 Sed
1045 3003 1119 3034 RE.
1147 3020 1189 3028 —
1227 3013 1267 3036 ea
1293 3014 1360 3036 om.
1390 3006 1428 3036 B.
1457 3021 1497 3027 -—
1536 3005 1592 3036 13.
1620 3007 1778 3047 cognovit
1802 3006 1883 3038 AB:

139 3049 337 3090 cognoverit
362 3047 389 3077 Β
407 3069 416 3085 ,
444 3049 600 3090 coqnorit
628 3050 665 3081 E.
698 3065 737 3072 —
768 3050 824 3082 15.
853 3051 954 3082 rebus
978 3051 1120 3081 rusticis
1145 3050 1186 3082 R.
1215 3064 1253 3074 —
1282 3052 1337 3083 16.
1364 3052 1485 3083 medici
1509 3050 1611 3083 ABR.
1641 3068 1680 3074 —
1707 3056 1769 3084 aut
1793 3054 1821 3084 si
1845 3054 1886 3085 de

139 3095 242 3127 ΑΒΒ.
274 3111 308 3116 -
352 3093 408 3124 13.
435 3096 483 3125 est
510 3094 703 3134 eloquentia
727 3096 806 3128 BR:
846 3097 891 3127 sit
914 3097 1106 3139 eloquentia
1133 3097 1173 3129 E.
1212 3113 1252 3119 —
1295 3106 1332 3129 eo
1358 3096 1470 3137 multi]
1498 3098 1713 3130 emolumenti
1742 3099 1814 3131 ΑΒ.
1844 3117 1882 3124 .-

139 3142 196 3174 19.
223 3145 284 3174 aut
310 3141 439 3172 artium
463 3140 506 3171 R.
536 3158 572 3163 —
616 3143 672 3173 20.
701 3144 791 3183 quod
814 3144 888 3175 AR.
916 3160 957 3166 —
996 3144 1052 3174 21.
1079 3144 1162 3185 quid
1186 3142 1351 3185 quaeque]
1380 3145 1526 3185 quidque
1549 3145 1621 3178 AB.
1658 3154 1694 3169 -’-
1739 3147 1886 3179 doceant

139 3198 209 3220 om.
239 3188 277 3220 B.
305 3204 349 3209 —
375 3195 443 3218 esse
466 3187 553 3217 nihil
579 3187 689 3220 Codd.
716 3190 758 3220 al.
777 3212 786 3227 ,
812 3190 885 3221 ΒΤ.
914 3190 971 3229 (Ut
998 3199 1079 3226 nos,
1106 3190 1196 3226 AB.)
1225 3206 1264 3212 —-
1305 3190 1361 3220 ⁶23.
1390 3191 1538 3222 obtinere
1562 3200 1662 3223 suum
1687 3192 1726 3223 B.
1753 3209 1800 3216 —·
1824 3193 1882 3224 27.

137 3232 299 3275 mihique]
331 3233 417 3265 nihil
442 3234 499 3274 qui
523 3232 565 3264 Α.
595 3251 632 3257 -
661 3234 718 3265 29.
745 3237 798 3267 ita
824 3238 975 3268 oratoris
999 3236 1082 3267 mihi
1106 3237 1176 3267 vim
1201 3236 1311 3268 Codd.
1339 3237 1409 3268 al.:
1437 3239 1489 3269 ita
1512 3238 1597 3269 mihi
1623 3240 1775 3271 oratoris
1801 3238 1881 3280 (om.

137 3282 221 3321 vim)
247 3282 298 3320 Α,
324 3282 376 3312 ita
399 3281 469 3311 vim
494 3281 646 3312 oratoris
669 3279 752 3322 (om.
780 3282 877 3324 mihi)
902 3284 949 3322 B,
976 3284 1028 3313 ita
1053 3284 1108 3313 ius
1133 3284 1283 3314 oratoris
1307 3283 1390 3313 mihi
1414 3284 1467 3322 R,
1492 3285 1546 3316 ita
1566 3286 1637 3316 vim
1660 3286 1743 3317 mihi
1767 3290 1883 3318 orato-

139 3330 189 3359 ris
214 3328 252 3359 E.
283 3344 319 3350 -
349 3336 425 3358 cum
450 3326 476 3357 B
502 3326 655 3367 aliique:
683 3331 755 3358 tum
780 3329 853 3360 RE.
882 3345 921 3351 —
965 3329 1021 3361 34.
1049 3326 1139 3368 arce]
1167 3337 1203 3359 re
1230 3329 1272 3359 R.
1301 3345 1340 3351 —
1383 3329 1439 3362 38.
1468 3335 1540 3362 tum
1562 3331 1614 3364 Μ.
1639 3333 1814 3365 Antonius
1837 3332 1879 3364 Α.

139 3389 182 3398 -
207 3374 263 3408 39.
290 3374 490 3407 revellissem
515 3373 557 3405 R.
585 3390 627 3396 —
652 3373 712 3407 abs
737 3377 768 3407 te
794 3375 904 3408 Codd.
932 3376 974 3409 al.
991 3400 1000 3416 ‚
1027 3375 1077 3408 R:
1105 3384 1128 3407 a
1152 3378 1185 3406 te
1211 3375 1266 3406 BE
1282 3398 1291 3414 ,
1317 3381 1399 3408 ante
1421 3377 1464 3410 Α.
