2117 3762
243 254 324 295 286
946 251 1016 289 DE
1048 251 1296 291 ORATORE

244 365 325 400 est:
378 358 560 398 narratio
591 356 768 397 obscura
802 357 929 394 totam
964 355 1160 395 obcaecat
1189 354 1441 400 orationem,
1490 354 1555 394 vel
1582 352 1694 406 quod
1729 353 1809 394 alia
1841 354 1997 409 possis,

243 419 372 462 semel
402 419 434 460 si
462 417 676 460 obscurius
707 413 882 461 dixeris,
914 413 1052 455 dicere
1084 416 1165 456 alio
1199 416 1288 457 loco
1314 415 1494 469 planius:
1526 416 1776 456 narrationis
1806 429 1913 457 unus
1936 422 1999 456 est

244 484 286 523 in
315 494 436 522 causa
467 480 596 521 locus.
654 479 743 518 Erit
774 481 911 517 autem
940 477 1157 531 perspicua
1187 481 1390 526 narratio,
1421 478 1455 520 si
1485 477 1621 519 verbis
1647 477 1833 525 usitatis,
1866 478 1900 519 si
1931 492 1999 518 or-

245 544 340 586 dine
361 548 597 595 temporum
626 543 894 585 conservato,
925 540 959 580 si
993 552 1078 579 non
1104 540 1334 594 interrupte
1363 539 1615 581 narrabitur,
1676 541 1867 580 LXXXI.
1901 542 1998 581 330.

216 609 327 648 ssed
357 606 521 659 quando
550 602 747 643 utendum
778 600 830 641 sit
860 605 932 641 aut
966 615 1050 641 non
1084 599 1136 641 sit
1164 603 1424 650 narratione,
1457 602 1498 644 id
1526 608 1588 642 est
1618 601 1794 642 consilii.
1852 604 1997 654 Neque

245 668 354 709 enim
383 668 416 707 si
447 670 541 706 nota
573 676 639 703 res
670 667 731 702 cst
762 676 838 703 nec
865 661 1062 708 dubium,
1094 661 1194 715 quid
1223 669 1382 716 gestum
1408 664 1481 712 sit,
1513 677 1684 705 narrare
1706 668 1894 716 oportet,
1926 676 2002 704 nec

244 733 276 772 si
298 726 555 771 adversarius
576 723 780 772 narravit,
812 724 891 765 nisi
915 725 949 765 si
969 724 1222 765 refellemus,
1280 728 1356 770 Ac,
1390 727 1423 766 si
1444 728 1609 780 quando
1632 725 1712 766 erit
1731 727 1996 770 narrandum,

245 806 320 833 nec
350 791 436 836 illa,
468 801 573 843 quae
594 786 871 842 suspicionem
900 792 940 827 et
967 786 1124 827 crimen
1153 785 1331 826 efficient
1360 793 1586 841 contraque
1612 801 1687 829 nos
1716 792 1864 834 erunt,
1897 786 2001 827 acri-

245 860 305 894 ter
335 863 635 907 persequamur
666 854 725 897 et,
759 848 961 903 quidquid
987 849 1162 903 poterit,
1196 847 1485 898 detrahamus;
1517 864 1568 890 ne
1592 848 1717 897 illud,
1749 850 1860 904 quod
1883 849 2002 889 Cras-

194 928 230 952 10
243 929 335 963 sus,
367 915 402 955 si
422 914 586 969 quando
608 911 695 959 fiat,
726 910 918 966 perfidia,
950 923 1033 951 non
1055 910 1225 951 stultitia
1246 908 1333 950 fieri
1356 915 1492 964 putat,
1523 917 1569 951 ut
1589 925 1735 952 causae
1758 924 1999 958 noceamus,

242 975 412 1020 accidat.
472 978 574 1015 Nam
606 973 657 1015 ad
689 987 892 1014 summam
922 972 1048 1014 totius
1079 985 1226 1013 causae
1266 973 1467 1026 pertinet,
1515 978 1632 1014 caute
1667 988 1717 1015 an
1759 979 1902 1014 contra
1933 971 2004 1013 de-

244 1043 467 1080 monstrata
498 1052 564 1078 res
596 1037 664 1082 sit,
697 1035 810 1091 quod
843 1034 979 1075 omnis
1012 1035 1214 1075 orationis
1245 1035 1433 1088 reliquae
1461 1033 1554 1074 fons
1586 1040 1648 1075 est
1676 1038 1873 1078 narratio.

356 1103 452 1141 331.
502 1098 716 1154 Sequitur,
759 1103 803 1138 ut
842 1111 965 1139 causa
1002 1102 1206 1150 ponatur,
1252 1096 1295 1136 in
1325 1109 1408 1150 quo
1438 1095 1665 1137 videndum
1696 1103 1780 1146 est,
1828 1097 1929 1152 quid
1958 1097 2002 1137 in

244 1164 570 1205 controversiam
591 1159 741 1202 veniat.
803 1162 908 1200 Tum
939 1160 1200 1213 suggerenda
1220 1163 1313 1199 sunt
1332 1157 1590 1199 firmamenta
1611 1172 1758 1200 causae
1780 1159 2001 1201 coniuncte

195 1236 229 1260 15
245 1232 286 1268 et
314 1223 572 1267 infirmandis
617 1221 835 1263 contrariis
878 1226 918 1262 et
960 1224 1041 1262 tuis
1081 1219 1386 1262 confirmandis.
1460 1223 1647 1276 Namque
1684 1236 1765 1263 una
1794 1224 1838 1262 in
1867 1221 2002 1263 causis

244 1289 349 1330 ratio
379 1288 583 1342 quaedam
615 1290 677 1326 est
706 1283 795 1325 eius
826 1283 1052 1332 orationis,
1095 1296 1201 1337 quae
1232 1282 1284 1323 ad
1314 1281 1573 1337 probandam
1603 1284 2003 1338 argumentationem

242 1353 367 1393 valet.
427 1351 487 1390 Ea
530 1352 668 1389 autem
714 1351 754 1387 et
794 1345 1154 1386 confirmationem
1198 1349 1239 1385 et
1278 1346 1656 1397 reprehensionem
1698 1347 1882 1399 quaerit;
1932 1345 2005 1386 sed

244 1414 342 1468 quia
379 1425 514 1466 neque
544 1411 819 1465 reprehendi,
863 1422 968 1462 quae
1000 1414 1145 1448 contra
1175 1406 1395 1455 dicuntur,
1443 1412 1643 1460 possunt,
1689 1409 1768 1449 nisi
1807 1413 1876 1448 tua
1907 1422 2006 1449 con-

244 1476 408 1522 firmes,
454 1487 589 1528 neque
630 1474 732 1512 haec
771 1469 1030 1517 confirmari,
1075 1468 1157 1510 nisi
1194 1468 1263 1510 illa
1293 1468 1598 1524 reprehendas,
1641 1468 1799 1511 idcirco
1830 1472 1932 1511 haec
1964 1475 2005 1511 et

196 1548 232 1572 20
245 1544 391 1579 natura
421 1541 461 1578 et
489 1534 662 1576 utilitate
693 1538 733 1573 et
763 1532 1007 1573 tractatione
1038 1531 1257 1572 coniuncta
1278 1535 1386 1572 sunt.
1449 1533 1544 1572 332.
1581 1531 1729 1572 Omnia
1750 1536 1886 1572 autem
1907 1544 2006 1572 con-—

246 1601 446 1642 cludenda
469 1597 715 1651 plerumque
738 1593 863 1635 rebus
884 1593 1085 1647 augendis
1106 1595 1173 1634 vel
1195 1593 1490 1634 inflammando
1512 1593 1647 1634 iudice
1668 1593 1735 1636 vel
1754 1593 2004 1647 mitigandoz,

244 1662 466 1715 omniaque
506 1673 600 1700 cum
641 1656 929 1710 superioribus
967 1656 1169 1697 orationis
1210 1655 1338 1703 locis,
1384 1660 1472 1696 tum
1513 1657 1694 1696 maxime
1735 1662 1921 1697 extremo
1953 1658 2005 1696 ad

245 1730 403 1766 mentes
441 1721 623 1763 iudicum
668 1733 790 1775 quam
829 1720 1012 1760 maxime
1052 1717 1359 1774 permovendas
1400 1722 1441 1759 et
1479 1717 1531 1760 ad
1568 1717 1789 1760 utilitatem
1819 1723 2005 1760 nostram

246 1785 451 1829 vocandas
481 1781 732 1825 conferenda
762 1786 870 1822 sunt.

364 1851 460 1890 333.
504 1848 649 1901 Neque
680 1857 777 1885 sane
808 1846 889 1884 iam
920 1855 1043 1884 causa
1072 1844 1240 1885 videtur
1269 1856 1382 1890 esse,
1415 1856 1488 1883 cur
1517 1855 1780 1884 secernamus
1811 1856 1860 1884 ea
1888 1856 2006 1898 prae-

247 1919 390 1968 cepta,
423 1923 529 1965 quae
560 1908 610 1949 de
641 1907 905 1948 suasionibus
935 1904 1138 1946 tradenda
1166 1910 1260 1947 sunt
1289 1911 1359 1947 aut
1387 1903 1708 1947 laudationibus.
1770 1905 1874 1946 Sunt
1894 1905 2004 1946 enim

246 1977 447 2030 pleraque
477 1970 738 2019 communia3
786 1969 859 2009 sed
898 1972 1036 2008 tamen
1074 1966 1252 2008 suadere
1292 1966 1449 2021 aliquid
1478 1972 1549 2007 aut
1577 1966 1819 2008 dissuadere
1849 1966 2006 2021 gravis-

245 2037 372 2079 simae
402 2035 505 2076 mihi
535 2045 625 2074 esse
654 2043 859 2086 personae
889 2031 1068 2071 videtur.
1130 2031 1233 2069 Nam
1264 2034 1305 2069 et
1334 2027 1529 2082 sapientis
1551 2034 1613 2069 est
1632 2028 1851 2069 consilium
1873 2028 2006 2083 expli-

247 2112 342 2140 care
371 2111 493 2139 suum
524 2094 576 2136 de
605 2092 796 2135 maximis
825 2093 953 2133 rebus
984 2095 1024 2132 et
1052 2090 1215 2131 honesti
1246 2095 1287 2131 et
1315 2089 1481 2137 diserti,
1519 2095 1565 2130 ut
1593 2095 1730 2131 mente
1761 2091 2003 2143 providere,

199 2167 233 2191 ³0
247 2161 489 2202 auctoritate
517 2154 719 2212 probare,
758 2153 946 2195 oratione
985 2152 1239 2207 persuadere
1271 2153 1422 2206 possis.
1483 2154 1690 2193 LXXXII.
1729 2155 1863 2207 Atque
1901 2155 2007 2194 haec

246 2223 290 2264 in
329 2227 473 2264 senatu
516 2218 678 2260 minore
717 2220 919 2270 apparatu
958 2217 1119 2268 agenda
1161 2219 1280 2263 sunt3
1328 2217 1491 2268 sapiens
1532 2216 1643 2254 enim
1674 2219 1735 2254 est
1766 2214 2003 2263 consilium,

245 2284 468 2338 multisque
498 2281 588 2322 aliis
618 2278 783 2321 dicendi
811 2276 1106 2332 relinquendus
1136 2277 1277 2325 locus;
1323 2275 1489 2318 vitanda
1519 2275 1643 2316 etiam
1672 2275 1827 2331 ingenii
1866 2281 2005 2317 osten-

248 2347 413 2388 tationis
443 2343 637 2398 suspicio.
695 2341 792 2381 334.
836 2341 983 2381 Contio
1013 2341 1120 2394 capit
1151 2352 1318 2379 omnem
1347 2337 1431 2379 vim
1463 2338 1661 2378 orationis
1691 2343 1732 2379 et
1761 2337 2004 2392 gravitatem

248 2411 575 2460 varietatemque
605 2403 826 2445 desiderat.
886 2404 997 2455 Ergo
1038 2402 1081 2442 in
1120 2400 1330 2442 suadendo
1370 2399 1472 2441 nihil
1514 2406 1576 2440 est
1615 2399 1838 2454 optabilius
1879 2414 2005 2454 quam

201 2475 234 2499 ³5
249 2470 441 2524 dignitas.
501 2471 602 2509 Nam
634 2465 705 2520 qui
735 2465 953 2505 utilitatem
982 2469 1121 2516 putat,
1153 2477 1237 2505 non
1267 2464 1366 2518 quid
1395 2464 1574 2503 maxime
1604 2462 1702 2504 velit
1731 2474 1897 2510 suasor,
1929 2462 2005 2503 sed

249 2535 349 2591 quid
378 2532 585 2575 interdum
616 2531 746 2583 magis
777 2534 1003 2583 sequatur,
1049 2525 1177 2567 videt.
1239 2528 1368 2566 Nemo
1400 2531 1461 2565 est
1492 2524 1626 2572 enim,
1672 2523 1920 2578 praesertim
1960 2524 2004 2565 in

249 2604 332 2638 tam
354 2596 463 2637 clara
493 2594 678 2640 civitate,
709 2591 807 2647 quin
837 2595 952 2644 putet
981 2589 1256 2643 expetendam
1286 2586 1466 2628 maxime
1489 2586 1750 2640 dignitatem
1784 2589 1856 2627 sed
1881 2585 2006 2629 vincit

248 2659 402 2700 utilitas
432 2657 697 2713 plerumque,
740 2667 831 2694 cum
863 2654 1005 2693 subest
1034 2650 1103 2692 ille
1143 2652 1291 2698 timor,
1336 2662 1385 2690 ea
1414 2648 1626 2702 neglecta,
1675 2661 1725 2688 ne
1757 2647 2000 2701 dignitatem

249 2723 417 2777 quidem
447 2733 568 2775 posse
598 2716 786 2759 retineri.
847 2717 943 2756 335.
978 2713 1273 2754 Controversia
1303 2716 1439 2753 autem
1469 2713 1576 2752 inter
1604 2710 1820 2752 hominum
1842 2715 2006 2751 senten-

254 2798 2002 2817 —.-—-——-———-———————-———————

342 2854 378 2886 6.
407 2862 468 2885 nee
493 2851 635 2883 dubium
659 2848 740 2887 AB,
768 2848 923 2887 aliique:
951 2856 1011 2878 nec
1035 2847 1065 2877 si
1088 2854 1160 2877 non
1186 2845 1329 2876 dubium
1353 2846 1398 2875 sit
1423 2845 1474 2882 R,
1499 2852 1560 2874 nee
1584 2845 1613 2874 si
1637 2852 1709 2874 non
1734 2844 1879 2875 dubium
1903 2844 1945 2874 E.
1965 2859 2002 2866 —

251 2908 403 2932 narrare
420 2900 479 2932 AB
505 2900 659 2936 aliique:
686 2895 833 2926 narrari
851 2894 924 2925 RE.
944 2910 987 2914 —
1011 2894 1046 2924 7.
1066 2894 1097 2923 si
1114 2897 1192 2924 ante
1210 2892 1403 2932 refellemus
1421 2899 1490 2922 om.
1510 2890 1583 2921 ΑΒ.
1611 2907 1648 2913 -
1675 2890 1709 2921 8.
1736 2888 1808 2930 nec]
1836 2898 1879 2921 ne
1903 2890 1943 2921 B.
1965 2906 2002 2912 —

252 2947 287 2979 9.
310 2948 467 2987 potuerit
485 2946 557 2977 AB.
580 2960 618 2966 —-
647 2943 702 2973 10.
729 2945 766 2972 ut
792 2950 860 2972 om.
880 2940 952 2971 ΑΒ.
983 2956 1023 2961 -
1052 2940 1107 2970 12.
1135 2936 1193 2978 sit]
1222 2940 1252 2969 si
1269 2938 1297 2969 Α
1314 2961 1322 2975 ,
1349 2939 1394 2968 sit
1417 2939 1446 2968 si
1469 2937 1605 2977 quidem
1630 2937 1712 2977 Lag.
1731 2937 1765 2968 2.
1790 2954 1824 2960 —
1858 2936 1915 2968 13.
1949 2935 2006 2968 Se-

253 2998 379 3034 quatur
397 2994 469 3024 AB.
492 3009 529 3015 —
557 2991 612 3022 14.
643 2990 738 3020 Tunc
756 2988 792 3018 R.
821 3003 860 3009 —
888 2987 1071 3017 coniuncta
1090 2986 1131 3017 R.
1153 3002 1194 3007 —
1221 2985 1275 3015 15.
1294 2985 1363 3015 tuis
1379 2984 1503 3014 alienis
1519 2983 1766 3025 confirmandis
1782 2983 1854 3014 AB.
1880 2999 1918 3005 -
1947 2982 2005 3014 17.

254 3042 392 3079 quaeret
409 3040 480 3071 AB.
503 3055 539 3061 -
569 3037 626 3068 18.
647 3034 724 3076 tua]
745 3039 784 3065 tu
801 3043 840 3065 ea
857 3032 929 3064 AB.
951 3049 991 3054 -
1017 3032 1074 3063 21.
1102 3031 1371 3074 inflammandas
1395 3030 1434 3061 B.
1464 3046 1503 3052 —-
1530 3031 1586 3060 22.
1615 3031 1786 3061 orationis
1806 3029 2007 3068 plerumque

256 3086 336 3116 locis
354 3086 396 3116 R.
417 3103 452 3108 —
475 3088 625 3117 eaetremo
643 3100 657 3105 -
674 3098 689 3104 -
704 3082 854 3112 maxime
873 3089 941 3110 om.
962 3078 1034 3109 ΑΒ.
1053 3094 1092 3100 -
1111 3078 1167 3109 28.
1189 3086 1258 3108 esse
1273 3084 1441 3116 personae
1458 3077 1597 3108 videtur
1615 3076 1727 3108 Codd.
1747 3076 1812 3108 ah:
1837 3082 2008 3114 personae

254 3131 416 3162 videntur
442 3130 520 3170 (sic)
544 3139 613 3162 esse
637 3129 720 3166 AR,
760 3134 930 3167 personae
955 3134 1021 3156 esse
1044 3126 1204 3156 videntur
1229 3120 1305 3162 (sic)
1331 3122 1382 3160 B,
1419 3123 1559 3154 videtur
1584 3131 1653 3154 esse
1681 3131 1850 3162 personae
1882 3120 1922 3151 E.
1964 3135 2007 3144 -

255 3178 312 3209 30.
339 3178 450 3216 possis
476 3179 503 3208 Α
529 3177 681 3216 aliique:
706 3175 817 3215 possit
837 3170 920 3211 (B‘I)
946 3171 1018 3203 RE.
1047 3189 1085 3194 —
1114 3170 1169 3201 32.
1196 3167 1456 3209 relinquendus]
1483 3178 1525 3200 ac
1551 3169 1730 3209 linquendi
1753 3169 1804 3206 A,
1837 3175 1879 3198 ae
1902 3167 2005 3198 relin-

256 3223 385 3264 quendi
409 3223 448 3253 B.
477 3223 581 3257 (Hinc
607 3225 640 3254 in
666 3222 749 3262 Lag.
778 3220 812 3251 2.
838 3219 872 3251 4.
901 3218 957 3249 13.
985 3217 1069 3249 36.:
1095 3226 1137 3248 ae
1162 3213 1353 3257 loquendi.)
1380 3231 1421 3237 -
1446 3216 1594 3257 ingeniis
1611 3216 1652 3247 Β.
1679 3232 1723 3237 —
1749 3213 2006 3245 ostentationis-

257 3278 323 3309 que
348 3269 447 3301 Voss.
474 3269 574 3300 Leid.
602 3270 646 3301 R.
675 3285 713 3291 -
759 3266 816 3299 35.
842 3262 956 3306 putat]
980 3265 1072 3304 petit
1094 3263 1166 3294 AB.
1195 3279 1240 3283 ——
1280 3261 1336 3293 37.
1365 3265 1438 3293 tam
1463 3271 1531 3294 om.
1559 3262 1630 3294 ΑΒ.
1660 3278 1699 3285 -
1741 3261 2006 3299 eoespectandam

259 3317 329 3348 AB.
360 3331 397 3338 -
423 3314 480 3346 38.
507 3315 617 3346 subest
642 3324 711 3346 om.
740 3315 780 3344 A.
809 3330 848 3335 -
880 3312 935 3344 39.
965 3308 1091 3350 autem]
1121 3315 1183 3341 aut
1213 3310 1251 3339 R.
