2117 3762
279 275 358 319 116
933 273 1003 313 DE
1034 272 1360 316 INVENTIONE

274 382 462 439 peperit,
492 381 609 435 virgo
631 393 715 420 non
745 381 826 418 est:
858 377 1022 430 peperit
1051 382 1203 419 autem.
1265 381 1343 421 Hic
1374 380 1469 420 satis
1501 393 1591 420 esse
1623 379 1764 421 dicunt
1795 393 2033 437 proponere

275 450 317 485 et
345 457 581 492 assumere3
616 441 812 497 quoniam
841 440 1108 493 perspicuum
1139 441 1220 489 sit,
1253 444 1366 497 quod
1398 440 1668 490 conficiatur,
1714 441 2033 498 [complexionis

275 522 363 548 rem
394 519 478 548 non
508 501 724 558 indige1·e].
784 502 913 542 Nobis
953 505 1092 542 autem
1131 501 1298 544 videtur
1336 510 1376 545 et
1413 505 1547 544 omnis
1578 505 1835 545 ratiocinatio
1868 507 2035 547 conclu-

275 570 410 609 denda
439 582 529 609 esse
560 572 600 608 et
629 565 729 606 iilud
759 563 928 613 vitium,
961 565 1073 619 quod
1103 563 1182 605 illis
1214 563 1428 618 displicet,
1464 580 1614 619 magno
1649 580 1777 621 opere
1799 568 2031 617 vitandum,

245 636 352 679 ⁵ne,
395 628 506 685 quod
541 628 806 684 perspicuum
846 628 926 675 sit,
974 627 1017 667 id
1058 626 1101 666 in
1143 628 1477 681 complexionem
1522 629 1764 669 inferamus.
1826 631 1895 670 73.
1943 631 2036 672 Hoc

273 698 411 734 autem
446 691 536 732 fieri
576 688 747 745 poterit,
803 688 838 730 si
875 689 1214 744 complexionum
1254 703 1408 742 genera
1447 691 1744 745 intelligentur.
1818 693 1920 732 Nam
1965 697 2037 733 aut

271 757 329 797 ita
359 753 702 809 complectemur,
734 755 780 792 ut
808 752 850 792 in
880 765 1010 793 unum
1041 749 1320 792 conducamus
1351 752 1684 806 propositionem
1716 757 1758 793 et
1788 755 2037 809 assumptio-

272 833 394 866 nem,
427 818 508 857 hoc
537 816 692 856 modo:
729 815 890 864 Quodsi
920 814 1035 869 leges
1066 828 1211 854 omnes
1243 815 1295 854 ad
1324 815 1541 856 utilitatem
1572 816 1636 857 rei
1666 815 1857 869 publicae
1885 815 2037 858 referri

273 880 491 926 convenit,
536 879 605 918 hic
645 883 783 919 autem
824 877 944 919 saluti
982 878 1045 918 rei
1084 877 1277 931 publicae
1317 876 1498 931 profuit,
1544 877 1732 932 profecto
1773 892 1858 920 non
1899 877 2037 933 potest

222 950 258 976 10
273 943 421 984 eodem
450 939 558 982 facto
591 945 631 982 et
661 940 781 982 saluti
814 939 1025 982 communi
1055 938 1312 981 consuluisse
1345 944 1385 979 et
1412 940 1574 994 legibus
1594 957 1679 983 non
1700 944 2034 997 obtemperasse:

271 1009 340 1046 aut
368 1005 445 1053 ita,
475 1008 522 1045 ut
551 1018 605 1045 ex
634 1004 844 1046 contrario
876 1003 1120 1045 conficiatur
1151 1002 1377 1048 sententia,
1409 1002 1491 1043 hoc
1520 1005 1677 1044 modo:
1713 1005 1882 1046 Summa
1910 1004 2037 1059 igitur

270 1065 449 1108 amentia
480 1071 542 1107 est
569 1067 612 1108 in
644 1080 790 1107 eorum
820 1065 901 1107 fide
932 1079 1048 1122 spem
1079 1064 1257 1112 habere,
1289 1078 1469 1120 quorum
1491 1063 1664 1119 perfidia
1692 1070 1816 1109 toties
1838 1069 2036 1122 deceptus

271 1131 347 1171 sis:
391 1133 461 1170 aut
488 1128 568 1177 ita,
598 1134 644 1170 ut
673 1129 715 1170 id
746 1129 907 1178 solum,
942 1130 1055 1184 quod
1086 1126 1325 1175 conficitur,
1357 1125 1581 1174 inferatur,
1614 1130 1665 1169 ad
1694 1130 1806 1170 hunc
1836 1131 2035 1171 modum:

269 1193 421 1233 Urbem
452 1191 580 1246 igitur
610 1193 846 1234 diruamus:
895 1197 985 1239 aut,
1030 1195 1076 1232 ut
1104 1192 1170 1239 id,
1219 1189 1330 1245 quod
1371 1203 1461 1230 eam
1501 1204 1609 1239 rem,
1655 1204 1763 1247 quae
1802 1189 2035 1240 conficitur,

219 1260 467 1311 assequatur
495 1267 667 1295 necesse
700 1259 775 1295 est.
837 1255 884 1294 Id
917 1258 980 1295 est
1008 1252 1270 1294 huiusmodi:
1321 1253 1364 1292 Si
1394 1253 1587 1307 peperit,
1630 1266 1723 1294 cum
1762 1255 1853 1295 viro
1885 1268 2038 1296 concu-

269 1316 386 1359 buit:
415 1319 580 1373 peperit
609 1322 762 1359 autem.
826 1315 1054 1357 Conficitur
1082 1317 1193 1357 hoc:
1236 1312 1471 1357 Concubuit
1500 1314 1627 1369 igitur
1658 1330 1752 1357 cum
1782 1318 1888 1360 viro.
1946 1317 2038 1357 Hoc

271 1381 305 1421 si
335 1381 442 1421 nolis
472 1378 627 1421 inferre
659 1385 700 1420 et
728 1378 882 1420 inferas
912 1379 955 1419 id
973 1410 985 1427 ,
1019 1381 1130 1434 quod
1162 1379 1372 1433 sequitur:
1421 1377 1536 1418 Fecit
1564 1377 1693 1432 igitur
1721 1378 1951 1429 incestum3
1999 1383 2040 1419 et

271 1444 525 1485 concluseris
556 1441 958 1497 argumentationem
989 1447 1030 1481 et
1058 1442 1323 1496 perspicuam
1354 1439 1511 1494 fugeris
1552 1440 1904 1494 complexionem.
1966 1440 2035 1481 74.

272 1506 412 1555 Quare
450 1504 495 1546 in
534 1504 669 1559 longis
705 1503 1134 1558 argumentationibus
1172 1517 1224 1544 ex
1260 1501 1605 1544 conductionibus
1647 1509 1718 1545 aut
1747 1519 1799 1545 ex
1829 1504 2036 1546 contrario

220 1582 257 1609 20
272 1568 493 1622 complecti
524 1572 718 1623 oportet3
752 1568 795 1607 in
824 1565 1022 1607 brevibus
1051 1567 1094 1606 id
1125 1567 1283 1612 solum,
1315 1564 1428 1620 quod
1458 1564 1696 1614 conficitur,
1729 1580 1963 1620 exponere3
1996 1566 2040 1607 in

270 1631 346 1681 iis,
379 1632 421 1672 in
452 1631 602 1686 quibus
634 1631 766 1671 exitus
797 1630 1044 1683 perspicuus
1076 1633 1154 1675 est,
1187 1629 1482 1669 consecutione
1511 1629 1584 1675 uti,
1646 1630 1688 1670 Si
1719 1630 1789 1685 qui
1819 1634 1958 1670 autem
1988 1643 2040 1670 ex

269 1708 352 1737 una
384 1708 551 1750 quoque
582 1699 698 1748 parte
728 1694 933 1748 putabunt
964 1696 1153 1732 constare
1183 1692 1610 1745 argumentationem,
1660 1697 1856 1746 poterunt
1898 1693 2039 1733 dicere

271 1771 393 1810 saepe
433 1757 530 1798 satis
572 1770 660 1797 esse
690 1757 773 1796 1100
802 1756 928 1795 niodo
961 1755 1368 1808 argumentationem
1398 1754 1565 1794 facere:
1621 1755 1826 1803 Quoniam
1858 1756 2038 1810 peperit,

272 1833 366 1861 cum
395 1820 486 1861 viro
518 1817 763 1859 concubuit:
810 1832 906 1858 nam
945 1818 1026 1858 1100
1063 1818 1216 1857 1111111115
1246 1830 1382 1872 neque
1414 1815 1728 1871 approbationis
1760 1832 1897 1874 neque
1928 1831 2042 1859 com-

221 1883 479 1939 25plexionis
523 1882 727 1935 indigere.
808 1878 891 1920 Sed
935 1878 1057 1921 nohis
1107 1878 1375 1931 ambiguitate
1417 1881 1597 1920 nominis
1643 1880 1836 1922 videntur
1880 1894 2036 1922 errare.

272 1948 376 1987 Nam
398 1943 700 2000 argumentatio
731 1944 898 1984 nomine
928 1957 1012 1983 uno
1045 1956 1111 1982 res
1144 1943 1244 1982 duas
1275 1940 1497 1996 significat,
1531 1943 1651 1991 ideo,
1684 1946 1796 1998 quod
1827 1949 1868 1985 et
1897 1945 2041 1985 inven-

272 2014 361 2050 tum
391 2008 570 2063 aliquam
600 2008 644 2047 111
674 2019 763 2047 rem
793 2006 1011 2061 probabile
1043 2010 1114 2046 aut
1144 2006 1423 2045 necessarium
1457 2008 1757 2059 argumentatio
1790 2012 1962 2048 vocatur
2000 2011 2042 2046 et

273 2071 362 2113 eius
401 2071 558 2111 inventi
598 2069 823 2109 artificiosa
859 2068 1074 2123 expolitio.
1136 2069 1203 2108 75.
1245 2068 1420 2116 Quando
1461 2067 1588 2121 igitur
1628 2067 1844 2122 proferent
1884 2066 2041 2122 aliquid

273 2132 540 2175 huiusmodi:
575 2133 783 2181 Quoniam
811 2132 997 2186 peperit,
1030 2144 1125 2171 cum
1155 2130 1245 2170 viro
1278 2131 1526 2171 concubuit:
1564 2131 1780 2172 inventum
1809 2131 2039 2185 proferent,

226 2209 261 2235 so
274 2210 359 2237 non
399 2194 727 2250 expolitionein3
767 2207 844 2235 nos
876 2198 1015 2235 autem
1046 2196 1095 2234 de
1127 2192 1396 2247 expolitionis
1425 2195 1613 2246 partibus
1644 2195 1869 2248 loquimur.
1930 2194 2039 2237 XLI.

274 2258 388 2300 Nihil
427 2260 552 2312 igitur
593 2260 643 2299 ad
681 2259 788 2299 hanc
825 2271 916 2298 rem
958 2255 1062 2297 ratio
1100 2256 1171 2296 illa
1208 2257 1458 2310 pertinebit,
1509 2263 1630 2311 atque
1670 2258 1748 2298 hac
1777 2255 2041 2297 distinctione

276 2321 354 2363 alia
390 2334 582 2376 quoque,
627 2335 733 2376 quae
771 2318 1023 2361 videbuntur
1063 2317 1229 2359 officere
1269 2318 1364 2360 huic
1404 2319 1639 2372 partitioni,
1689 2318 2039 2375 propulsabimus,

277 2383 312 2424 si
342 2385 411 2438 qui
442 2389 513 2425 aut
542 2384 864 2438 assumptionem
895 2382 1116 2437 aliquando
1148 2382 1238 2421 tolli
1268 2396 1391 2435 posse
1422 2387 1567 2437 putent
1598 2387 1669 2423 aut
1698 2381 2040 2437 propositionem.

279 2446 395 2495 Quae
435 2444 470 2486 si
510 2447 608 2496 quid
648 2447 773 2486 habet
800 2444 1018 2500 probabile
1049 2450 1120 2485 aut
1148 2445 1451 2492 necessarium,
1497 2457 1666 2499 quoquo
1698 2446 1824 2486 modo
1857 2457 2041 2485 commo-

228 2513 373 2549 ssveat
402 2507 635 2550 auditorem
664 2522 834 2550 necesse
865 2514 938 2552 est.
1010 2508 1132 2557 Quod
1163 2506 1197 2547 si
1228 2506 1362 2548 solum
1394 2512 1654 2560 spectaretur
1688 2521 1735 2547 ac
1774 2507 1903 2555 nihil,
1955 2518 2040 2561 quo

277 2576 399 2626 pacto
430 2575 675 2611 tractaretur
704 2571 770 2617 id,
812 2572 922 2626 quod
954 2575 1063 2611 esset
1092 2570 1391 2623 excogitatum,
1428 2567 1626 2618 referret,
1659 2582 1921 2625 nequaquam
1951 2573 2041 2609 tan-

278 2639 367 2675 tum
398 2634 507 2675 inter
535 2646 719 2674 summos
753 2632 970 2687 [oratores]
1005 2638 1046 2674 et
1075 2633 1308 2673 mediocres
1339 2633 1541 2673 interesse
1572 2633 1895 2673 existimaretur.
1971 2632 2039 2672 76.

277 2697 447 2737 Variare
477 2701 614 2737 autem
646 2697 879 2737 orationem
908 2709 1057 2750 magno
1090 2708 1217 2750 opere
1249 2696 1488 2750 oportebit3
1521 2708 1614 2736 nam
1637 2693 1828 2736 omnibus
1849 2695 1892 2734 in
1913 2691 2039 2735 rebus

280 2760 507 2801 similitudo
539 2763 601 2800 est
630 2759 829 2799 satietatis
859 2763 1004 2799 mater.
1066 2760 1113 2799 Id
1142 2757 1233 2799 fieri
1264 2760 1443 2811 poterit,
1477 2759 1510 2799 si
1540 2771 1625 2799 non
1655 2758 1846 2798 similiter
1874 2769 2040 2809 semper

371 2894 405 2926 1.
430 2902 626 2935 proponere
651 2897 683 2926 et
707 2901 879 2926 assumere
904 2894 1025 2925 dicunt
1048 2893 1126 2931 PR,
1150 2902 1346 2934 proponere
1371 2894 1490 2925 dicunt
1516 2896 1547 2924 at
1571 2900 1740 2924 assumere
1765 2892 1807 2923 T.
1859 2892 1901 2924 V.
1922 2891 2040 2923 dicunt

282 2948 349 2971 om.
377 2941 473 2973 Leid.
502 2943 530 2973 l.
558 2944 592 2973 et
618 2949 669 2979 pr.
699 2940 814 2972 Schoi.
849 2940 964 2979 Oud.;
1010 2944 1175 2980 expunxit
1193 2940 1273 2972 8011.
1299 2941 1369 2972 Νο5
1387 2941 1604 2972 seciusimus.
1627 2956 1664 2962 —-
1695 2940 1728 2971 2.
1749 2939 1812 2973 vv.
1833 2939 2039 2979 complexio-

280 2987 335 3017 nis
359 2996 429 3019 rem
452 2996 523 3018 non
547 2988 703 3028 indiyere
728 2997 796 3019 om.
839 2987 939 3019 Voss.
968 2988 996 3018 1.
1022 2987 1094 3024 11.;
1124 2990 1290 3027 expunxit
1326 2987 1406 3019 8011.
1457 2987 1527 3019 Nos
1560 2988 1783 3019 seciusimus.
1825 3002 1861 3009 —
1905 2985 1939 3017 [ι.
1975 2985 2037 3018 Vv.

280 3033 370 3064 illud
394 3035 518 3065 vitium
544 3039 705 3073 suspecta
730 3035 891 3066 Ernestio
919 3038 1085 3072 expunxit
1112 3035 1191 3065 Scb.
1223 3049 1258 3055 -
1302 3033 1336 3066 6.
1365 3033 1602 3075 intelligentur·
1637 3033 1750 3065 PRT:
1791 3033 2040 3074 intelliyantur

282 3079 310 3110 E
340 3084 393 3118 et,
420 3084 459 3112 ut
483 3081 644 3118 videtur,
672 3082 714 3113 A.
743 3096 783 3105 ·—
809 3082 864 3112 10.
890 3085 993 3121 pacto
1018 3081 1152 3112 PART.
1182 3097 1220 3103 -
1248 3080 1304 3111 11.
1335 3081 1540 3122 conficiatur
1565 3081 1737 3112 sententia
1761 3080 1870 3111 PAT:
1907 3083 2038 3111 senten-

282 3126 335 3157 tia
360 3128 566 3168 conficiatur
591 3128 664 3159 RE.
694 3145 731 3152 —-
759 3127 816 3159 1-2.
844 3137 961 3159 coram
985 3128 1023 3159 in
1048 3128 1085 3159 P.
1114 3143 1156 3149 —
1183 3127 1238 3158 13.
1266 3126 1327 3158 hoc
1353 3127 1456 3157 modo
1482 3127 1555 3158 AT.
1583 3144 1628 3148 -—
1653 3128 1709 3159 18.
1737 3125 1858 3166 seceris
1881 3123 2035 3157 MT.-

281 3171 341 3203 24.
370 3174 634 3213 approbationis
658 3183 767 3215 neque
791 3174 911 3206 PART
938 3174 1093 3214 aliique:
1120 3173 1384 3213 approbationis
1408 3182 1513 3214 neque
1539 3176 1781 3215 assumptionis
1806 3173 1858 3204 vel
1883 3174 1952 3204 eius
1979 3180 2039 3212 ap-

279 3218 501 3258 probationis
525 3229 633 3260 neque
658 3222 698 3252 E.
718 3237 762 3244 -
785 3221 842 3256 25,
867 3222 1024 3262 indiyere
1048 3220 1187 3252 videtur
1211 3220 1318 3251 ART.
1341 3237 1378 3243 —-
1406 3220 1464 3251 26.
1492 3230 1575 3252 nam
1601 3225 1632 3252 et
1656 3220 1914 3261 argumentatio
1930 3217 2034 3250 PAT.

285 3281 326 3287 —
353 3265 409 3296 28.
443 3265 606 3306 Quando]
636 3276 739 3307 quom
764 3276 816 3307 pr.
844 3267 892 3304 P,
922 3271 1087 3309 quoniam
1112 3276 1199 3300 corr.
1226 3266 1275 3303 P,
1305 3276 1381 3299 cum
1406 3267 1479 3298 AT.
1507 3283 1549 3289 ——
1578 3267 1635 3298 33.
1663 3268 1739 3307 quis
1763 3266 1836 3298 ΑΤ.
1867 3283 1904 3289 —-
1936 3270 2038 3307 putet

282 3311 392 3347 ΡΑΤ,
417 3316 549 3352 putant
573 3313 615 3344 R.
644 3331 684 3336 —
724 3314 781 3347 36.
809 3318 894 3347 esset
917 3316 1149 3355 excoyitatum
1173 3314 1318 3345 PART:
1356 3316 1591 3354 eaccoyitatum
1617 3319 1702 3346 esset
1727 3313 1768 3346 E.
1797 3328 1837 3337 —
1873 3311 1930 3346 37.
1959 3321 2037 3346 ora-

284 3363 377 3391 tores
403 3367 471 3392 om.
499 3359 559 3390 AT
585 3359 738 3402 aliique,
765 3364 796 3394 et
819 3362 1006 3394 mediocres
1032 3365 1188 3394 oratores
1213 3361 1255 3393 R.
1306 3361 1377 3395 Nos
1403 3362 1620 3394 seclusimus.
