2117 3762
265 245 347 284 292
970 240 1040 281 DE
1072 241 1319 283 ORATORE

265 349 420 391 dentis!
453 346 554 390 illud
583 344 749 402 quidem
780 350 919 393 certe,
951 358 1037 386 non
1065 347 1187 388 nimis
1218 345 1464 396 verecundi;
1498 347 1568 400 qui
1600 347 1767 401 quidem
1786 379 1797 396 ‚
1833 362 1924 390 cum
1957 353 2018 397 te,

265 413 430 460 Catule,
482 416 568 451 tum
608 409 731 449 etiam
769 409 816 448 L.
851 407 999 448 Crasso
1039 410 1260 459 audiente,
1313 409 1363 451 de
1395 409 1558 450 dicendi
1589 410 1747 451 ratione
1778 416 1860 452 tam
1891 411 2019 452 multa

265 474 468 522 dixerim3
520 486 614 513 nam
653 470 828 511 istorum
867 474 981 510 aetas
1020 471 1157 512 minus
1197 485 1262 512 me
1301 473 1477 514 fortasse
1521 485 1688 513 movere
1721 473 1877 514 debuit.
1938 475 2018 514 Sed

264 536 364 577 mihi
402 534 623 589 ignoscetis
660 531 871 585 profecto,
921 533 956 573 si
995 534 1146 582 modo,
1195 548 1299 588 quae
1337 549 1459 576 causa
1497 549 1562 575 me
1593 533 1644 575 ad
1674 536 1778 576 hanc
1808 535 2016 577 insolitam

233 598 364 639 smibi
408 597 698 652 loquacitatem
743 595 977 648 impulerit,
1030 596 1286 650 acceperitis.
1347 599 1576 638 LXXXIX.
1619 599 1714 638 362.
1767 599 1851 638 Nos
1891 611 2016 647 vero,

260 662 393 716 inquit
423 658 585 701 Catulus
615 682 669 689 —
699 658 852 699 etenim
883 671 959 713 pro
990 671 1055 698 me
1087 660 1165 699 hoc
1196 664 1235 699 et
1265 672 1340 713 pro
1370 674 1464 702 meo
1494 660 1623 702 fratre
1661 659 1897 715 respondeo
1939 685 1985 691 —
2007 693 2017 708 ‚

260 738 342 765 non
380 723 505 762 modo
545 720 622 762 tibi
659 720 938 775 ignoscimus,
990 722 1062 761 sed
1097 726 1133 761 te
1164 719 1371 773 diligimus
1401 736 1673 778 magnamque
1707 722 1778 763 tibi
1817 724 2019 764 habemus

259 787 453 840 gratiam3
501 789 541 824 et
572 798 665 825 cum
695 785 995 826 humanitatem
1028 788 1069 824 et
1098 783 1335 824 facilitatem
1366 785 1627 838 agnoscimus
1659 791 1796 834 tuam,
1830 791 1916 826 tum
1947 788 2020 827 ad-

258 850 457 890 miramur
485 846 605 888 istam
636 847 851 889 scientiam
883 852 924 888 et
953 847 1132 901 copiam.
1194 847 1397 900 Equidem
1430 847 1553 889 etiam
1586 851 1663 889 hoc
1694 862 1758 889 me
1787 854 2018 891 assecutum

208 916 383 966 10puto,
436 909 549 964 quod
592 924 742 964 magno
786 924 874 952 sum
914 911 1074 950 levatus
1116 923 1259 950 errore
1302 914 1342 949 et
1373 909 1441 950 illa
1482 911 1756 952 admiratione
1793 910 2016 960 liberatus,

258 975 369 1028 quod
408 972 547 1014 multis
587 987 680 1014 cum
717 972 806 1014 aliis
837 986 1003 1028 semper
1033 971 1230 1013 admirari
1262 970 1474 1020 solebam,
1525 972 1636 1014 unde
1668 980 1775 1015 esset
1805 974 1877 1015 illa
1908 979 2019 1015 tanta

256 1042 325 1077 tua
356 1035 398 1076 in
430 1037 564 1077 causis
595 1035 803 1077 divinitas.
865 1039 948 1077 Nec
979 1036 1087 1076 enim
1121 1040 1161 1076 te
1193 1036 1271 1075 ista
1301 1035 1481 1088 attigisse
1513 1035 1767 1085 arbitrabar,
1803 1050 1907 1092 quae
1930 1036 2021 1077 dili-

257 1100 494 1154 gentissime
535 1112 738 1153 cognosse
779 1104 820 1140 et
848 1098 1033 1154 undique
1066 1097 1283 1151 collegisse
1314 1111 1475 1151 usuque
1507 1099 1671 1139 doctum
1701 1101 1851 1154 partim
1882 1112 2020 1140 corre-

254 1162 365 1204 xisse
395 1162 539 1210 video,
589 1161 741 1217 partim
773 1163 1085 1217 comprobasse.
1148 1163 1243 1201 363.
1295 1162 1437 1216 Neque
1478 1173 1528 1201 eo
1568 1159 1701 1201 minus
1741 1161 2019 1218 eloquentiam

206 1230 367 1273 15tuam
401 1231 440 1266 et
469 1224 598 1266 multo
630 1225 760 1278 magis
790 1225 984 1265 virtutem
1017 1229 1057 1265 et
1097 1222 1352 1277 diligentiam
1390 1224 1573 1264 admiror
1612 1230 1652 1263 et
1693 1224 1815 1265 simul
1856 1223 2018 1278 gaudeo

254 1288 453 1330 iudicium
484 1289 609 1329 animi
640 1287 722 1329 mei
753 1288 1043 1343 comprobari,
1077 1289 1190 1342 quod
1221 1300 1384 1339 semper
1415 1285 1537 1326 statui
1564 1285 1772 1327 neminem
1793 1288 2018 1342 sapientiae

253 1352 419 1392 laudem
451 1356 492 1391 et
521 1350 782 1406 eloquentiae
813 1352 901 1392 sine
931 1363 1092 1391 summo
1126 1348 1263 1390 studio
1296 1355 1335 1389 et
1365 1346 1508 1389 labore
1542 1354 1582 1389 et
1612 1348 1798 1390 doctrina
1820 1350 2018 1404 consequi

254 1428 393 1470 posse.
456 1413 538 1455 Sed
567 1419 705 1455 tamen
736 1413 933 1468 quidnam
965 1417 1027 1453 est
1058 1414 1122 1461 id,
1156 1413 1268 1466 quod
1300 1412 1459 1460 dixisti,
1493 1410 1611 1460 fore,
1651 1417 1696 1452 ut
1726 1411 1798 1452 tibi
1829 1413 2017 1466 ignosce-

255 1491 416 1526 remus,
461 1476 496 1518 si
526 1490 844 1532 cognossemus,
893 1489 999 1530 quae
1030 1480 1069 1516 te
1100 1489 1222 1516 causa
1251 1474 1294 1516 in
1325 1488 1562 1515 sermonem
1592 1474 1850 1530 impulisset?
1887 1475 2018 1524 Quae

205 1561 240 1586 20
256 1545 318 1581 est
359 1539 470 1581 enim
512 1540 592 1581 alia
636 1553 779 1587 causa,
825 1538 904 1580 nisi
943 1537 1055 1592 quod
1094 1536 1214 1579 nobis
1246 1543 1285 1578 et
1316 1540 1466 1578 horum
1498 1537 1826 1578 adolescentium
1858 1539 2019 1586 studio,

255 1604 324 1659 qui
355 1609 396 1644 te
427 1604 701 1644 attentissime
732 1601 975 1649 audierunt,
1021 1615 1181 1641 morem
1213 1614 1359 1655 gerere
1398 1599 1593 1641 voluisti?
1643 1603 1737 1642 364.
1778 1604 1882 1643 Tum
1919 1601 2016 1649 ille,

254 1667 472 1715 Adimere,
514 1666 670 1721 inquit,
719 1678 885 1706 omnem
915 1665 1223 1705 recusationem
1256 1664 1404 1705 Crasso
1435 1662 1570 1711 volui,
1614 1677 1734 1719 quem
1767 1678 1843 1719 ego
1875 1664 2017 1719 paullo

255 1730 436 1771 sciebam
466 1729 534 1770 vel
572 1729 795 1783 pudentius
835 1727 901 1769 vel
938 1727 1107 1768 invitius
1151 1726 1262 1780 (nolo
1293 1726 1401 1767 enim
1434 1725 1573 1766 dicere
1605 1728 1655 1767 de
1687 1731 1769 1767 tam
1800 1726 1917 1768 suavi
1946 1729 2021 1768 ho-

254 1796 364 1835 mine
394 1790 661 1846 fastidiosius)
710 1793 762 1832 ad
801 1790 879 1833 hoc
914 1803 1042 1845 genus
1074 1789 1279 1831 sermonis
1311 1791 1523 1830 accedere.
1587 1788 1697 1839 Quid
1727 1790 1837 1831 enim
1868 1789 2022 1844 poterit

205 1874 239 1899 25
256 1859 424 1898 dicere?
457 1856 725 1898 Consularem
747 1869 790 1895 se
813 1867 902 1895 esse
933 1853 1145 1895 hominem
1175 1859 1215 1894 et
1244 1853 1509 1894 censorium?
1540 1852 1695 1893 Eadem
1726 1858 1869 1894 nostra
1899 1864 2022 1893 causa

255 1925 328 1961 est.
386 1922 447 1960 An
479 1922 654 1959 aetatem
687 1916 860 1958 afferet?
907 1915 1192 1966 Quadriennio
1224 1915 1360 1956 minor
1390 1920 1465 1956 est.
1527 1916 1589 1956 An
1619 1928 1663 1956 se
1693 1915 1799 1956 haec
1829 1915 2020 1955 nescire?

256 1983 373 2032 Quae
405 1995 482 2035 ego
514 1994 633 2029 sero,
683 1993 788 2035 quae
820 1979 974 2020 cursim
1005 1978 1186 2032 arripui,
1221 1992 1325 2033 quae
1357 1976 1572 2018 subsicivis
1604 1979 1766 2032 operis,
1806 1982 1853 2018 ut
1882 1978 2017 2024 aiunt,

254 2044 331 2085 iste
361 2058 385 2084 a
414 2057 571 2098 puero,
605 2056 766 2084 summo
798 2043 959 2089 studio,
991 2043 1163 2082 summis
1194 2039 1451 2082 doctoribus,
1513 2039 1624 2080 Nihil
1655 2039 1788 2081 dicam
1820 2041 1871 2080 de
1902 2042 2018 2094 inge-

254 2106 347 2155 nio,
401 2107 468 2147 cui
506 2120 581 2161 par
610 2119 733 2146 nemo
764 2103 853 2145 fuit.
911 2105 1074 2144 Etenim
1107 2117 1171 2145 me
1203 2105 1409 2144 dicentem
1439 2103 1510 2157 qui
1540 2101 1738 2150 audierit,
1786 2117 1910 2144 nemo
1944 2116 2020 2143 un-

206 2187 240 2212 ³0
256 2184 379 2226 quam
409 2175 493 2210 tam
525 2170 587 2210 sui
620 2168 851 2223 despiciens
880 2167 979 2215 fuit,
1012 2168 1110 2222 quin
1141 2172 1330 2220 speraret
1359 2170 1428 2206 aut
1459 2165 1605 2206 melius
1630 2171 1700 2207 aut
1722 2167 1871 2207 eodem
1892 2164 2019 2207 modo

256 2248 299 2274 se
330 2246 455 2285 posse
488 2233 648 2273 dicere:
701 2231 849 2271 Crasso
892 2231 1058 2271 dicente
1102 2244 1223 2271 nemo
1265 2236 1346 2271 tam
1387 2242 1610 2283 arrogans,
1659 2227 1729 2284 qui
1760 2227 1946 2269 similiter
1975 2241 2020 2270 se

255 2308 437 2349 unquam
468 2295 673 2335 dic-turum
704 2307 794 2334 esse
825 2292 1068 2333 confideret.
1131 2294 1436 2342 Quamobrem,
1469 2305 1520 2332 ne
1550 2290 1704 2332 frustra
1732 2290 1776 2333 hi
1807 2292 1909 2332 tales
1940 2290 2019 2333 viri

256 2357 473 2404 venerint,
521 2362 561 2397 te
592 2358 837 2411 aliquando,
879 2357 1040 2403 Crasse,
1080 2357 1307 2397 audiamus.
1366 2355 1454 2396 XC.
1489 2356 1581 2395 365.
1615 2356 1720 2395 Tum
1749 2353 1841 2403 ille,
1886 2355 1936 2395 Ut
1963 2352 2021 2395 ita

256 2421 336 2460 ista
367 2433 456 2460 esse
489 2418 733 2465 concedam,
768 2418 925 2473 inquit,
967 2418 1142 2465 Antoni,
1184 2432 1288 2474 quae
1320 2423 1414 2459 sunt
1442 2417 1565 2472 longe
1596 2430 1740 2466 secus,
1789 2415 1888 2471 quid
1918 2415 2021 2457 mihi

209 2500 243 2526 ³5
261 2488 303 2523 tu
340 2483 506 2522 tandem
545 2482 693 2528 hodic,
743 2486 813 2521 aut
854 2482 1045 2535 cuiquam
1084 2480 1263 2528 homini,
1316 2479 1426 2536 quod
1467 2481 1547 2520 dici
1584 2481 1736 2535 possit,
1786 2479 2018 2534 reliquisti?

258 2544 400 2586 Dicam
433 2543 543 2585 enim
574 2559 696 2592 vere,
738 2544 972 2583 amicissimi
1003 2545 1215 2592 homines,
1256 2545 1368 2597 quod
1399 2544 1557 2584 sentio:
1605 2556 1729 2595 saepe
1761 2555 1838 2595 ego
1873 2543 2018 2583 doctos

258 2608 468 2655 homines,
502 2608 601 2661 quid
632 2605 723 2647 dico
756 2609 906 2661 saepe?
956 2606 1084 2647 immo
1115 2620 1434 2660 nonnunquam;
1483 2618 1606 2660 saepe
1637 2606 1746 2645 enim
1777 2605 1848 2659 qui
1879 2603 2016 2657 potui,

260 2672 331 2725 qui
360 2684 463 2726 puer
503 2672 543 2711 in
583 2668 719 2710 sorum
761 2670 947 2710 venerim
977 2682 1113 2724 neque
1144 2668 1241 2709 inde
1272 2683 1455 2723 unquam
1487 2667 1640 2709 diutius
1672 2680 1792 2722 quam
1823 2672 2019 2722 quaestor

260 2732 498 2774 abfuerim?
531 2733 611 2773 Sed
643 2738 779 2772 tamen
811 2732 974 2779 audivi,
1016 2736 1062 2772 ut
1092 2730 1183 2771 heri
1214 2730 1425 2780 dicebam,
1466 2736 1504 2771 et
1534 2728 1704 2770 Athenis
1736 2742 1829 2770 cum
1860 2742 2014 2776 essem,

211 2813 245 2838 40
262 2795 521 2837 doctissimos
551 2795 688 2843 viros,
739 2799 780 2835 et
809 2793 850 2834 in
881 2795 974 2835 Asia
1005 2794 1125 2835 istum
1159 2795 1294 2849 ipsum
1327 2794 1539 2847 Scepsium
1569 2793 1875 2840 Metrodorum,
1923 2805 2016 2834 cum

354 2926 385 2956 1.
415 2933 491 2956 cum
516 2924 628 2955 ABR:
659 2928 729 2956 tum
753 2924 792 2954 E.
823 2940 862 2945 —
900 2923 934 2954 [ι.
961 2931 1014 2953 me
1039 2932 1109 2954 non
1135 2923 1182 2954 ad
1207 2923 1279 2954 ΑΒ.
1307 2921 1390 2962 (non
1415 2922 1557 2954 sortasse
1585 2930 1646 2961 pro
1672 2930 1764 2952 nunc
1781 2945 1790 2960 ‚
1818 2924 1856 2953 ut
1882 2917 1948 2961 fit.)
1973 2935 2018 2942 -—

262 2971 295 3003 6.
324 2972 475 3011 spondeo
513 2971 617 3002 ABR.
657 2986 700 2992 -
740 2971 772 3002 8.
800 2971 1019 3001 humanitate
1048 2972 1085 3001 B.
1114 2986 1151 2993 —
1189 2971 1222 3001 9.
1252 2971 1355 3001 etiam
1384 2978 1451 3000 om.
1480 2968 1522 3000 R.
1553 2985 1591 2992 --
1633 2969 1689 3000 11.
1717 2969 1782 3000 alii
1807 2969 1846 2999 B.
1873 2984 1916 2988 —
1959 2967 2014 2998 13.

257 3023 395 3056 partem
419 3035 431 3040 -
456 3035 468 3040 -
492 3023 628 3057 partem
654 3017 726 3048 AB.
766 3034 807 3039 —
849 3017 903 3048 18.
932 3018 967 3048 id
994 3026 1062 3048 om.
1091 3017 1162 3048 ΑΒ.
1194 3034 1230 3040 ·-
1276 3017 1483 3056 iynoscerem
1507 3016 1546 3046 Β,
1586 3033 1622 3038 -
1669 3014 1724 3047 19.
1753 3022 1948 3056 coynossem
1972 3013 2015 3051 B,

263 3073 498 3104 coqnoscemus
527 3068 566 3096 R.
596 3082 636 3087 -
663 3064 835 3096 intulisset
860 3065 902 3095 R.
933 3081 968 3086 —
1013 3065 1069 3094 20.
1098 3067 1128 3094 et
1153 3072 1219 3095 om.
1248 3063 1291 3094 R.
1320 3080 1359 3085 —-
1387 3064 1444 3095 21.
1471 3063 1629 3094 voluistis
1653 3061 1694 3094 Α.
1738 3079 1775 3085 -
1814 3061 1871 3093 22.
1895 3060 2016 3100 paullo

264 3115 341 3142 ante
366 3112 509 3142 sciebam
535 3113 606 3144 ΑΒ.
636 3129 671 3135 -
713 3112 770 3142 25.
800 3119 869 3143 esse
895 3120 962 3141 om.
991 3110 1097 3141 ABR.
1125 3126 1169 3133 —
1205 3109 1259 3141 26.
1288 3117 1322 3140 se
1347 3109 1427 3141 haec
1453 3110 1535 3141 AB:
1573 3117 1609 3140 se
1635 3107 1718 3149 (om.
1746 3106 1843 3148 haec)
1869 3107 1946 3138 RE.
1976 3124 2013 3130 —

263 3157 321 3188 27.
349 3158 509 3188 subsicivi
535 3160 606 3190 AB.
645 3174 685 3180 -
729 3158 786 3189 29.
814 3167 865 3189 me
890 3156 1066 3197 dicentem]
1095 3157 1301 3189 dedicentem
1334 3156 1404 3187 ΑΒ.
1435 3173 1474 3178 -
1518 3157 1656 3187 audiret
1681 3155 1752 3186 ΑΒ.
1781 3171 1816 3176 -
1860 3154 1917 3185 30.
1946 3157 2017 3185 tam

263 3204 320 3233 sui
346 3212 413 3234 om.
444 3205 513 3234 ΑΒ.
543 3222 583 3227 —-
623 3205 680 3237 31.
707 3207 788 3245 quin
813 3205 973 3236 similiter
998 3205 1069 3235 AB.
1098 3221 1140 3226 —
1182 3203 1238 3235 34.
1267 3204 1336 3234 ista
1362 3212 1430 3234 om.
1456 3203 1498 3234 A.
1528 3219 1565 3225 —
1611 3200 1723 3242 lonqe]
1749 3201 1848 3232 valde
1871 3201 1944 3232 AB.
1973 3216 2014 3223 —

263 3250 319 3281 35.
348 3253 385 3279 tu
413 3259 480 3281 om.
507 3251 579 3281 AB.
609 3270 649 3274 —
692 3253 854 3292 quiquam
882 3251 930 3292 (id
958 3255 1031 3282 est:
1061 3252 1248 3291 quoiquam
1262 3250 1286 3289 s)
1312 3250 1384 3281 AB.
1423 3266 1462 3272 -
1502 3248 1558 3281 36.
1587 3258 1646 3290 eqo
1674 3257 1742 3279 om.
1769 3247 1842 3278 AB.
1882 3263 1917 3269 -
1955 3246 2013 3279 38.

262 3296 322 3336 ‘1²⁴2'
345 3295 444 3336 puer]
473 3299 592 3336 quiqu&
619 3298 689 3329 ΑΒ.
732 3315 768 3320 -
808 3309 867 3332 nec
893 3309 910 3332 e
937 3298 1047 3331 Codd.
1075 3299 1206 3338 aliquot
1232 3297 1272 3329 T.
1301 3313 1340 3320 —
1380 3296 1437 3329 39.
1466 3297 1625 3339 affuerim
1649 3296 1689 3327 Β.
1730 3310 1767 3318 ·-
1810 3293 1869 3326 40.
1903 3295 2016 3335 ipsum

260 3345 365 3374 istum
390 3343 430 3376 B.
458 3359 501 3365 —-
527 3344 700 3383 Scepcaetum
725 3345 797 3376 BR.
