2117 3762
555 1012 688 1066 Hoc
721 1012 1007 1066 volamine
1047 1012 1444 1065 continentur.-

119 1159 270 1200 Incerti
302 1159 515 1213 scriptoris
546 1160 864 1202 Rhetoricorum
894 1161 945 1201 ad
977 1159 1021 1201 C.
1046 1159 1305 1202 Herennium
1333 1159 1431 1202 libri

232 1239 425 1289 quattuor
506 1264 1405 1277 .............
1465 1236 1564 1290 Pag.
1657 1236 1677 1276 1
1709 1259 1763 1266 ——
1821 1235 1875 1276 87

120 1311 175 1352 M.
209 1308 328 1351 Tullii
368 1310 578 1352 Ciceronis
617 1310 935 1351 Rhetoricorum
973 1309 1071 1351 libri
1110 1308 1191 1352 duo
1232 1311 1302 1366 qui
1338 1315 1433 1353 suut

231 1383 282 1426 de
313 1385 556 1426 Inventione
586 1386 796 1426 rhetorica
878 1416 1407 1428 ........
1506 1400 1526 1424 ))
1629 1386 1684 1428 88
1712 1407 1766 1416 —
1799 1386 1876 1426 172

119 1460 174 1502 M.
205 1459 331 1502 Tullii
362 1459 572 1502 Ciceronis
603 1463 652 1502 de
684 1461 861 1502 Oratore
890 1461 987 1502 libri
1017 1465 1102 1502 tres
1172 1492 1183 1502 .
1247 1493 1258 1502 .
1321 1492 1331 1502 .
1395 1492 1405 1502 .
1506 1475 1526 1499 »
1604 1462 1681 1503 173
1711 1484 1765 1492 —
1795 1461 1876 1501 339

120 1536 174 1576 Μ.
206 1534 328 1577 Tullii
360 1535 572 1578 Ciceronis
602 1534 654 1578 de
694 1535 816 1578 claris
854 1535 1089 1578 oratoribus
1130 1537 1241 1578 liber
1271 1535 1342 1591 qui
1372 1535 1434 1578 di-

235 1611 343 1653 citur
371 1613 522 1653 Brutus
583 1642 1409 1654 ............
1507 1625 1527 1649 1>
1601 1613 1682 1653 340
1711 1633 1766 1642 -—
1796 1610 1877 1653 h02

121 1687 175 1728 M.
205 1685 325 1728 Tullii
358 1686 567 1728 Ciceronis
597 1688 649 1728 ad
679 1687 734 1728 M.
759 1688 932 1728 Brutum
963 1687 1116 1729 Orator
1175 1718 1186 1729 .
1249 1718 1260 1729 .
1323 1719 1333 1729 .
1397 1719 1407 1729 .
1507 1702 1526 1725 »
1603 1687 1683 1729 1003
1713 1710 1767 1718 —
1795 1686 1877 1729 451.

121 1763 176 1802 M.
208 1761 331 1803 Tullii
362 1761 573 1804 Ciceronis
604 1761 757 1816 Topica
804 1792 1408 1804 .........
1508 1777 1527 1800 n
1602 1764 1683 1804 455
1713 1785 1768 1793 -
1797 1762 1878 1803 1474

121 1837 178 1878 Μ.
212 1836 336 1879 Tullii
370 1837 581 1880 Ciceronis
612 1838 663 1878 de
692 1836 916 1879 Partitione
948 1836 1131 1880 oratoria
1160 1836 1349 1893 dialogus
1396 1868 1406 1879 .
1508 1851 1527 1875 »
1604 1837 1684 1879 1475
1713 1860 1768 1866 —
1797 1838 1875 1879 501

121 1913 178 1954 M.
212 1911 335 1954 Tullii
366 1912 578 1955 Ciceronis
598 1910 761 1954 libellus
782 1913 833 1954 de
864 1912 1022 1969 optimo
1045 1926 1198 1968 genere
1215 1920 1429 1956 oratorum
1507 1927 1526 1951 υ
1602 1915 1684 1955 502
1713 1935 1767 1943 --
1797 1913 1878 1955 506
