2117 3762
750 280 846 323 LIB.
878 280 948 322 111.
1007 281 1049 322 C.
1080 282 1117 321 6.
1149 283 1189 322 7.
1223 282 1262 322 8.
1800 283 1879 322 299

135 401 286 442 genere
324 400 392 429 res
429 385 665 441 complures
703 384 920 427 dissimiles
959 386 1066 427 inter
1102 401 1169 435 se,
1217 400 1320 442 quae
1353 391 1488 428 tamen
1520 385 1725 427 consimili
1758 386 1878 427 lande,

135 451 370 505 dignentur.
433 454 533 491 Nam
579 455 618 490 et
648 450 817 490 auribus
848 451 975 490 multa
1007 451 1281 506 percipimus,
1324 463 1451 505 quae,
1499 449 1573 490 etsi
1604 463 1680 489 nos
1711 449 1881 490 vocilius

134 513 358 560 delectant,
405 519 541 554 tamen
578 512 633 553 ita
672 517 769 551 sunt
800 513 910 552 varia
940 526 1086 567 saepe,
1134 519 1177 553 ut
1208 512 1266 559 id,
1313 514 1423 566 quod
1455 512 1691 567 proximum
1723 512 1879 558 audias,

134 576 472 618 iucundissimum
505 587 595 615 esse
626 574 839 623 viduatum
888 580 927 615 et
957 576 1087 615 oeulis
1118 574 1366 628 colliguntur
1399 587 1529 628 paene
1561 574 1882 614 innumerabiles

135 642 394 695 voluptates,
433 650 537 692 quae
567 648 642 677 nos
674 637 729 676 ita
761 636 949 689 capiunt,
987 643 1033 677 ut
1062 651 1188 678 unum
1219 650 1382 678 sensnm
1415 636 1600 677 dissimili
1632 648 1783 690 genere
1815 637 1915 676 de-⁵

135 705 306 751 lectent3
356 707 395 742 et
426 701 606 753 reliquos
637 712 780 740 sensus
811 700 1041 753 voluptates
1073 699 1281 740 oblectant
1311 698 1516 752 dispares,
1563 704 1608 740 ut
1637 698 1688 739 sit
1715 696 1883 739 difficile

133 764 331 807 iudicium
363 762 601 804 excellentis
632 763 808 803 maxime
840 764 1064 804 suavitatis.
1126 765 1194 803 26.
1236 763 1287 802 At
1316 764 1394 802 hoc
1425 761 1558 807 idem,
1608 762 1719 816 quod
1750 764 1812 801 est
1841 759 1885 800 iu

134 829 291 869 naturis
321 838 486 871 rerum,
532 824 745 865 transferri
776 830 911 879 potest
941 824 1065 865 etiam
1095 826 1145 865 ad
1175 829 1298 865 artes.
1377 825 1458 864 Una
1492 823 1675 877 fingendi
1707 828 1770 864 est
1800 835 1884 870 ars,

133 890 176 932 in
207 904 287 945 qua
318 892 571 943 praestantes
601 886 767 928 suerunt
796 889 938 941 Myro,
969 886 1208 942 Polyclitum
1244 887 1470 940 Lysippus3
1504 887 1574 941 qui
1606 898 1748 926 omnes
1779 885 1888 925 inter

134 967 178 995 se
209 950 428 994 dissimiles
458 949 625 991 fuerunt
645 982 655 999 ‚
705 952 777 991 sed
809 952 862 991 ita
894 957 1052 997 tamen,
1100 955 1145 990 ut
1185 948 1394 989 neminem
1424 947 1487 988 sui
1517 949 1618 989 velis
1650 961 1739 988 esse
1771 946 1940 988 dissi-10

134 1015 288 1056 milem.
350 1014 434 1054 [na
476 1019 538 1054 est
577 1026 643 1053 ars
683 1013 869 1068 ratioque
910 1013 1119 1067 picturae,
1166 1009 1511 1064 dissimillimique
1542 1017 1677 1050 tamen
1708 1010 1815 1049 inter
1844 1021 1889 1050 se

133 1077 304 1124 Zeuxis,
334 1074 602 1131 Aglaophon,
635 1075 824 1128 Apelles;
856 1087 991 1129 neque
1024 1087 1170 1114 eorum
1202 1073 1418 1127 quisquam
1453 1079 1536 1121 est,
1570 1072 1634 1113 cui
1664 1073 1889 1128 quidquam

133 1140 175 1180 in
205 1144 293 1180 arte
324 1151 398 1179 sua
430 1140 574 1178 deesse
606 1138 810 1178 videatur.
870 1139 945 1185 Et,
987 1136 1021 1177 si
1060 1135 1137 1177 hoc
1175 1134 1216 1176 in
1247 1134 1308 1175 his
1339 1135 1457 1191 quasi
1488 1137 1610 1176 mutis
1641 1137 1797 1176 artibus
1829 1140 1890 1176 est

132 1202 365 1243 mirandum
405 1206 444 1241 et
482 1206 619 1240 tamen
655 1213 822 1248 verum,
871 1205 1023 1253 quanto
1063 1196 1346 1239 admirabilius
1382 1197 1425 1238 in
1464 1200 1650 1239 oratione
1689 1203 1811 1252 atque
1843 1197 1887 1239 in

132 1263 306 1318 lingua?
337 1276 442 1318 qnae
474 1276 566 1303 eum
598 1263 638 1303 in
670 1263 817 1302 iisdem
839 1261 1051 1302 sententiis
1072 1261 1293 1315 verbisque
1316 1265 1529 1308 versetur,
1563 1274 1742 1302 summas
1764 1262 1938 1303 habet1÷

133 1324 515 1374 dissimilitudines;
548 1338 629 1365 non
652 1324 732 1370 sie,
765 1329 810 1364 ut
831 1323 898 1364 alii
921 1324 1180 1379 vituperandi
1209 1322 1313 1370 sint,
1347 1321 1419 1363 sed
1449 1328 1494 1362 ut
1523 1321 1574 1371 ii,
1608 1336 1712 1377 quos
1733 1328 1890 1365 constet

133 1402 223 1430 esse
253 1389 500 1435 laudandos,
532 1387 573 1427 in
606 1386 763 1441 dispari
794 1392 931 1427 tamen
961 1399 1113 1440 genere
1144 1384 1378 1426 laudentur.
1440 1386 1508 1425 27.
1550 1386 1685 1440 Atque
1723 1387 1764 1427 id
1806 1386 1891 1440 pri-

132 1465 246 1493 mum
276 1453 316 1492 in
347 1451 482 1504 po'etis
513 1450 625 1490 cerni
657 1449 773 1496 lieet,
807 1448 957 1503 quibus
987 1453 1049 1489 est
1079 1449 1268 1503 proxima
1298 1449 1490 1501 cognatio
1521 1461 1614 1489 cum
1637 1449 1885 1495 oratoribus,

133 1528 256 1570 quam
287 1514 368 1554 sint
397 1512 505 1553 inter
534 1525 625 1553 sese
654 1512 836 1557 Ennius,
867 1513 1067 1552 Pacuvius
1098 1510 1328 1565 Acciusque
1361 1511 1604 1560 dissimiles;
1639 1523 1761 1566 quam
1781 1509 1892 1563 apud

136 1579 315 1619 Graecos
345 1576 591 1629 Aeschylus,
625 1575 872 1629 Sophocles,
902 1572 1144 1627 Euripides,
1177 1587 1429 1629 quamquam
1450 1572 1641 1615 omnibus
1661 1588 1736 1627 par
1757 1586 1890 1628 paene
1904 1583 1941 1609 20

132 1638 220 1680 laus
264 1640 306 1679 iu
351 1637 537 1680 dissimili
578 1636 786 1678 scribendi
832 1650 985 1690 genere
1029 1635 1246 1678 tribuatur.
1308 1637 1376 1676 28.
1423 1635 1630 1691 Adspicite
1667 1650 1776 1677 nune
1818 1648 1890 1676 eos

132 1700 322 1743 homines
353 1706 475 1756 atque
503 1700 745 1748 intuemini,
786 1714 965 1756 quorum
996 1701 1047 1741 de
1079 1700 1270 1740 facultate
1301 1699 1564 1754 quaerimuS,
1597 1697 1696 1754 quid
1726 1697 1889 1739 intersit

133 1765 239 1804 inter
268 1768 482 1805 oratorum
513 1765 646 1804 studia
675 1769 797 1818 atque
829 1769 1009 1804 naturas.
1072 1763 1322 1802 Suavitatem
1353 1763 1575 1808 Isocrates,
1617 1760 1883 1803 subtilitatem

134 1826 293 1881 Lysias,
327 1839 501 1867 acumen
532 1825 789 1880 Hyperides,
823 1825 1001 1867 sonitum
1023 1824 1266 1874 Aeschines,
1299 1826 1382 1864 vim
1403 1825 1703 1865 Demosthenes
1732 1821 1890 1864 habuit.

135 1889 238 1939 Quis
269 1901 415 1930 eorum
446 1901 531 1929 non
562 1890 783 1942 egregius?
815 1893 950 1929 tamen
983 1889 1073 1943 quis
1105 1888 1344 1940 cuiusquam
1376 1885 1455 1927 nisi
1485 1888 1549 1927 sui
1580 1886 1748 1927 similis?
1789 1887 1890 1927 Gra·
1904 1894 1940 1920 2⁵

134 1950 299 1992 vitatem
328 1950 568 1997 Africanus,
600 1950 812 1992 leuitatem
842 1950 1025 1997 Laelius,
1056 1948 1322 2004 asperitatem
1353 1947 1505 1997 Galba,
1538 1950 1747 2003 profluens
1770 1946 1891 2002 quid-

134 2015 228 2054 dam
257 2011 404 2054 habuit
433 2014 569 2055 Carbo
600 2018 641 2053 et
670 2026 884 2053 canorum.
952 2011 1055 2062 Quis
1096 2014 1245 2052 horum
1281 2024 1366 2051 non
1404 2012 1594 2066 princeps
1634 2010 1890 2066 temporibus

133 2075 212 2117 illis
241 2074 346 2117 fuiti>
377 2079 418 2116 et
447 2088 523 2116 suo
553 2081 690 2117 tamen
720 2075 896 2130 quisque
926 2075 969 2114 in
999 2087 1150 2128 genere
1180 2073 1384 2128 princeps.
1444 2074 1555 2115 VIII.
1586 2076 1653 2114 29.
1690 2076 1768 2115 Sed
1791 2071 1890 2129 quid

134 2151 213 2193 ego
243 2144 385 2180 vetera
415 2137 683 2192 conquiram,
723 2151 817 2178 eum
850 2137 952 2178 mihi
981 2136 1102 2178 liceat
1130 2138 1190 2177 uti
1221 2136 1506 2191 praesentibus
1536 2136 1738 2192 exemplis
1769 2143 1890 2190 atque

133 2201 266 2242 vivis?
327 2199 436 2250 Quid
474 2202 695 2242 iucundius
735 2200 906 2242 auribus
946 2201 1096 2242 nostris
1133 2213 1314 2254 unquam
1354 2197 1501 2240 accidit
1538 2198 1658 2240 huius
1702 2198 1890 2240 oratione
1905 2210 1941 2236 ³0

136 2261 301 2305 Catuli?
348 2276 454 2317 quae
490 2268 553 2303 est
591 2276 696 2318 pura
726 2263 803 2311 sic,
852 2269 897 2305 ut
934 2263 1077 2304 Latine
1115 2261 1228 2317 loqui
1268 2274 1401 2315 paene
1440 2260 1551 2302 solus
1583 2263 1789 2308 videatur,
1835 2260 1893 2301 sie

135 2331 273 2367 autem
305 2324 465 2380 gravis,
507 2331 553 2367 ut
582 2325 624 2367 in
655 2326 855 2381 singulari
887 2326 1085 2380 dignitate
1117 2324 1251 2366 omnis
1281 2329 1417 2364 tamen
1448 2322 1555 2364 adsit
1584 2323 1814 2364 humanitas
1847 2336 1893 2363 ae

134 2387 266 2442 lepos,
327 2386 437 2436 Quid
468 2389 630 2429 multa?
660 2390 783 2429 istum
815 2388 988 2430 audiens
1009 2386 1203 2442 equidem
1227 2386 1285 2427 sic
1304 2387 1487 2428 iudicare
1519 2385 1660 2435 soleo,
1695 2384 1892 2442 quidquid

136 2456 206 2492 aut
226 2448 436 2491 addideris
458 2456 526 2492 aut
557 2451 780 2492 mutaveris
811 2456 881 2491 aut
910 2451 1155 2497 detraxeris,
1192 2449 1382 2491 vitiosius
1412 2453 1453 2489 et
1483 2447 1665 2490 deterius
1695 2448 1891 2490 futurum.

136 2515 202 2556 30.
244 2513 377 2562 Quid,
430 2518 572 2554 noster
610 2514 678 2554 hie
719 2515 868 2555 Caesar
906 2525 1043 2553 nonne
1081 2525 1232 2552 novam
1272 2511 1475 2567 quandam
1513 2512 1717 2553 rationem
1759 2509 1938 2552 attulit³⁵

137 2577 337 2619 orationis
378 2581 419 2618 et
456 2574 618 2617 dicendi
658 2590 787 2629 genus
825 2574 985 2615 induxit
1025 2587 1154 2629 prope
1193 2574 1432 2628 singulare?
1481 2574 1582 2624 Quis
1613 2588 1792 2629 unquam
1825 2585 1891 2614 res

136 2644 301 2693 praeter
343 2637 453 2680 hune
496 2638 670 2692 tragicas
711 2651 841 2693 paene
886 2637 1064 2684 comice,
1115 2638 1251 2678 tristes
1288 2638 1481 2685 remisse,
1531 2650 1694 2677 severas
1734 2635 1881 2682 hilare,

136 2702 324 2743 forenses
362 2702 522 2743 scenica
563 2714 692 2756 prope
733 2706 945 2742 venustate
993 2699 1178 2741 tractavit
1225 2704 1348 2755 atque
1386 2701 1462 2748 ita,
1509 2704 1554 2741 ut
1601 2712 1734 2752 neque
1768 2697 1882 2738 iocus

137 2763 418 2817 magnitudine
463 2778 604 2805 rerum
649 2762 940 2805 excluderetur
978 2777 1055 2804 nee
1092 2761 1269 2816 gravitas
1299 2761 1457 2803 facetiis
1488 2762 1777 2802 minueretur?
1823 2761 1890 2800 31.

138 2828 243 2867 Ecce
272 2831 513 2881 praesentes
544 2828 627 2868 duo
658 2839 790 2881 prope
820 2825 1013 2881 aequales
1045 2824 1249 2879 Sulpicius
1279 2829 1319 2865 et
1341 2826 1470 2866 Cotta.
1533 2822 1640 2872 Quid
1672 2828 1752 2863 tam
1783 2821 1944 2862 interm

139 2905 183 2931 se
215 2888 438 2931 dissimile?
482 2890 581 2946 quid
612 2896 692 2932 tam
722 2890 765 2931 in
795 2903 871 2931 suo
902 2902 1055 2943 genere
1086 2890 1332 2943 praestans?
1381 2887 1562 2927 Limatus
1591 2885 1694 2925 alter
1725 2890 1765 2926 et
1795 2885 1894 2925 sub-

139 2951 245 3000 tilis,
288 2966 376 2993 rem
416 2953 626 3006 explicans
664 2952 845 3007 propriis
882 2951 1070 3005 aptisque
1110 2948 1262 2991 verbis.
1325 2951 1476 2990 Haeret
1507 2950 1548 2988 in
1578 2960 1698 2987 cansa
1727 2960 1891 3001 semper

140 3020 200 3064 et,
246 3013 346 3068 quid
382 3014 508 3056 iudici
544 3016 804 3071 probandum
842 3014 911 3061 sit,
960 3027 1053 3054 eum
1095 3011 1328 3053 acutissime
1366 3010 1490 3058 vidit,
1539 3008 1701 3050 omissis
1744 3008 1891 3050 ceteris

237 3185 271 3216 1.
297 3188 410 3216 tamen
429 3182 479 3214 dii
496 3185 667 3216 consimili
684 3183 762 3225 (sic)
781 3185 821 3216 B.
842 3200 882 3207 —-
909 3184 942 3216 2.
970 3184 1201 3223 diriqerentur
1219 3181 1259 3212 B.
1281 3197 1318 3204 -
1346 3179 1381 3210 7.
1401 3178 1456 3217 Al]
1476 3177 1529 3209 Aa
1547 3178 1587 3216 B,
1612 3177 1726 3219 Atque
1744 3178 1893 3211 malebat

141 3232 353 3269 Lambinus,
380 3231 424 3262 Et
450 3230 628 3264 Pearcius.
653 3248 697 3253 —
722 3232 754 3263 8.
782 3233 886 3263 eciam
906 3234 1020 3270 potest
1047 3230 1085 3259 B.
1116 3246 1151 3253 -
1182 3228 1216 3259 9.
1244 3226 1429 3267 Polyclitus
1455 3224 1563 3257 Codd.
1591 3226 1659 3257 ah:
1700 3225 1892 3266 Polycletus

142 3279 185 3311 E.
214 3295 253 3302 —
283 3279 338 3309 11.
367 3275 470 3317 inter]
496 3279 533 3308 in
557 3278 595 3309 B.
625 3295 663 3301 —
692 3279 748 3310 12.
777 3274 979 3318 quidquam]
1006 3277 1168 3316 cuiquam
1194 3275 1234 3306 Β.
1262 3288 1304 3296 -
1330 3272 1384 3303 16.
1413 3272 1475 3303 alii
1498 3272 1690 3308 laudandi,
1716 3273 1780 3304 alii
1804 3274 1892 3304 vitu-

138 3326 291 3366 perandi
315 3324 516 3356 Lambinus.
543 3339 586 3346 --
610 3324 668 3355 21.
697 3324 868 3356 scribendi
893 3333 961 3356 om.
992 3323 1030 3353 B.
1061 3339 1097 3344 -
1123 3322 1180 3353 25.
1210 3320 1294 3359 Quis
1320 3327 1440 3350 eorum
1462 3335 1476 3340 -
1501 3335 1514 3341 -
1539 3319 1658 3350 habuit
1684 3328 1753 3352 om.
1779 3319 1819 3351 B.
1850 3333 1888 3342 —·

143 3372 200 3404 28.
225 3373 263 3405 in
287 3379 356 3404 om.
383 3371 426 3402 R.
458 3387 494 3394 -
522 3369 578 3403 33.
606 3370 774 3412 quidquid
798 3368 875 3411 auc]
902 3371 1083 3412 quicquam
1108 3367 1148 3400 Β.
1178 3383 1216 3390 -
1243 3366 1300 3398 39.
1326 3374 1432 3408 neque
1455 3366 1615 3409 qravitas
1641 3366 1682 3398 B.
