2117 3762
699 227 798 268 LIB.
831 225 899 266 IV.
962 225 1006 266 C.
1039 227 1107 267 31.
1141 227 1208 267 32.
1243 227 1310 268 33.
1816 235 1867 275 71

118 336 170 376 ab
200 335 390 382 invento,
423 339 466 374 ut
498 334 530 374 si
561 333 651 388 quis
681 344 757 385 pro
789 332 938 372 Libero
970 333 1110 374 vinum
1131 364 1140 381 ,
1174 347 1250 386 pro
1285 333 1433 374 Cerere
1464 332 1624 386 frugem
1658 337 1866 387 appellet;

119 404 189 439 aut
231 399 283 438 ab
328 399 600 438 instrumento
647 396 889 441 domiuum,
938 399 981 435 ut
1026 397 1058 436 si
1099 397 1189 450 quis
1220 396 1467 436 Macedonas
1497 397 1745 448 appellarit,
1791 399 1870 439 hoc

119 461 274 501 modo:
324 462 414 500 Non
451 466 532 499 tani
577 458 659 498 cito
703 456 877 497 sarissae
911 459 1079 497 Graecia
1125 458 1277 510 potitae
1309 463 1427 506 sunt;
1479 463 1548 497 aut
1589 458 1697 498 idem
1731 459 1870 501 Gallos

118 523 352 578 significans
386 522 515 562 dicat:
564 522 648 561 Nec
687 523 770 559 tam
810 519 928 559 facile
960 535 1009 560 ex
1040 520 1157 560 Italia
1188 521 1353 560 materis
1394 521 1666 573 Transalpina
1697 522 1868 574 depulsa

119 592 207 633 est;
257 590 326 625 aut
353 583 418 632 id,
459 584 570 638 quod
599 580 669 629 fit,
715 583 765 621 ab
798 595 846 622 co
868 613 878 630 ‚
928 583 995 636 qui
1028 583 1145 631 sau-113
1197 588 1241 622 ut
1271 583 1303 621 si
1336 583 1453 637 quis,
1503 597 1595 623 cum
1628 583 1738 624 bello
1772 586 1899 626 velits

119 649 338 689 ostendere
368 646 522 701 aliquid
551 645 785 699 quempiam
819 645 986 691 secisse,
1021 645 1150 684 dicat:
1201 646 1308 684 Mars
1340 645 1446 685 istud
1490 649 1529 685 te
1560 646 1695 686 facere
1727 660 1871 687 neces-

119 711 225 752 sario
258 710 417 762 coegiu
456 712 526 747 aut
554 708 617 753 si,
657 708 767 761 quod
800 707 917 754 sat-it,
956 708 1006 747 ab
1039 720 1113 753 en,
1155 708 1264 760 quod
1296 706 1360 754 lit,
1395 713 1458 755 ut,
1493 722 1584 748 cum
1618 709 1869 750 desidiosam

119 779 249 814 artem
287 772 494 817 dicemus,
541 770 638 824 quia
676 770 908 809 desidiosos
948 768 1072 816 facit;
1122 773 1162 808 et
1197 769 1325 821 frigus
1364 770 1554 821 pigrum,
1600 771 1697 826 quia
1729 772 1870 825 pigros

119 834 256 878 efficit.
313 835 376 874 Ab
408 846 480 879 eo,
516 833 626 886 quod
660 833 869 879 continet,
919 832 958 872 id
980 863 989 879 ,
1028 832 1139 886 quod
1171 832 1431 878 continetur,
1474 833 1553 872 hoc
1586 834 1709 874 modo
1742 835 1872 875 deno-

117 896 369 938 minabitur:
420 895 552 936 Armis
583 895 699 934 Italia
730 910 810 935 nou
844 899 979 947 potest
1008 894 1116 933 vinci
1148 908 1224 933 nec
1259 895 1428 934 Graecia
1460 896 1703 949 disciplinis.
1767 898 1868 936 Nam
1884 913 1920 938 10

117 959 183 1000 hic
214 972 289 1011 pro
323 958 489 999 Graecis
521 962 561 997 et
591 959 725 1004 Italis,
760 971 864 1012 quae
897 957 1133 1004 continent,
1166 956 1377 996 nominata
1399 963 1506 997 sunt.
1568 960 1628 998 Ab
1651 971 1724 1006 eo,
1758 961 1870 1014 quod

117 1022 371 1068 continetur,
405 1021 462 1067 id,
495 1021 606 1074 quod
629 1021 834 1067 continet,
867 1024 933 1067 ut,
967 1020 999 1058 si
1029 1019 1119 1073 quis
1149 1031 1294 1058 aurum
1326 1023 1394 1058 aut
1423 1025 1637 1073 argentum
1669 1027 1739 1061 aut
1767 1022 1870 1062 ebur

115 1083 330 1131 nominet,
364 1096 456 1123 cum
487 1083 649 1122 divitias
680 1084 779 1123 velit
809 1082 1038 1122 nominare.
1099 1081 1256 1120 Harum
1279 1081 1463 1121 omnium
1486 1083 1869 1124 denominationum

116 1146 246 1200 magis
277 1146 318 1185 in
347 1146 644 1199 praecipiendo
684 1146 830 1185 divisio
871 1158 991 1199 quam
1023 1145 1063 1183 in
1096 1142 1334 1198 quaerendo
1367 1142 1544 1184 difficilis
1574 1145 1755 1185 inventio
1789 1151 1865 1194 est,

116 1209 210 1249 ideo
242 1209 353 1262 quod
385 1209 508 1260 plena
538 1209 793 1248 consuetudo
825 1213 887 1247 est
917 1221 1000 1247 non
1031 1205 1154 1246 modo
1188 1211 1404 1259 poetarum
1437 1212 1477 1247 et
1517 1213 1753 1257 oratorum,
1796 1211 1869 1250 sed
1886 1222 1918 1249 ιε

116 1271 238 1312 etiam
269 1271 498 1326 quotidiani
530 1271 733 1310 sermonis
752 1301 762 1318 ‚
796 1270 1035 1310 huiusmodi
1066 1270 1466 1310 denominationum.

228 1333 421 1375 Circuitio
460 1337 521 1372 est
558 1333 690 1372 oratio
726 1346 815 1373 rem
854 1333 1082 1385 simplicem
1119 1338 1327 1385 assumpta
1358 1334 1699 1374 circumscribens
1731 1334 1870 1374 elocu-

115 1397 252 1443 tione,
300 1396 379 1435 hoc
411 1400 556 1448 pacto:
609 1396 814 1448 Scipionis
844 1396 1106 1450 providentia
1137 1396 1400 1448 Karthaginis
1431 1409 1532 1448 opes
1563 1394 1699 1449 fregit.
1768 1398 1868 1437 Nam

115 1459 207 1506 hic,
240 1458 318 1499 nisi
349 1457 523 1498 ornandi
555 1459 658 1498 ratio
692 1460 893 1514 quaedam
925 1463 1034 1499 esset
1062 1459 1228 1506 habita,
1263 1458 1401 1512 Scipio
1435 1459 1570 1512 potuit
1600 1464 1640 1500 et
1660 1460 1866 1515 Karthago

116 1521 361 1574 simpliciter
391 1521 606 1573 appellari.
1883 1539 1919 1564 20

227 1583 294 1623 [tt.
328 1584 615 1637 Transgressio
648 1587 732 1631 est,
766 1596 870 1637 quae
902 1584 1127 1624 verborum
1154 1586 1370 1639 perturbat
1391 1585 1579 1625 ordinem
1600 1586 1870 1638 perversione

116 1651 186 1688 aut
213 1647 522 1688 transiectione.
584 1646 879 1694 Perversione‚
927 1647 1015 1686 sic:
1065 1647 1155 1686 Hoc
1194 1647 1313 1687 vobis
1345 1645 1445 1687 deos
1475 1647 1732 1688 immortales
1754 1645 1871 1688 ¹arbi-

115 1716 203 1750 tror
233 1710 394 1750 dedisse
426 1709 577 1761 pietate
610 1722 684 1761 pro
716 1715 867 1749 vestra.
930 1709 1262 1757 Tiansiectione,
1298 1708 1375 1749 hoc
1408 1711 1556 1751 inodo:
1590 1710 1797 1751 Instabilis
1828 1709 1870 1750 in

115 1773 239 1813 istum
286 1772 510 1825 plurimum
557 1770 723 1811 fortuna
769 1773 911 1811 valuit.
991 1773 1119 1813 Item:
1167 1773 1320 1813 Omnes
1359 1773 1564 1813 invidiose
1606 1774 1759 1826 eripuit
1797 1774 1871 1813 tibi

114 1833 221 1876 hene
267 1835 431 1874 vivendi
473 1847 590 1873 casus
630 1834 859 1874 facultates.
924 1834 1170 1875 Huiusmodi
1210 1836 1476 1883 transiectiO,
1527 1849 1630 1890 quae
1669 1850 1756 1876 rem
1787 1849 1870 1876 non
1885 1852 1920 1878 25

114 1898 251 1939 reddit
281 1897 529 1942 obscuram,
573 1896 745 1935 multum
787 1898 972 1950 proderit
1007 1898 1057 1937 ad
1097 1897 1454 1945 continuationes,
1498 1899 1548 1939 de
1587 1899 1736 1953 quibus
1775 1903 1870 1939 ante

69 1957 74 1961 ’
116 1961 270 2001 dictum
302 1964 391 2007 est;
425 1959 466 1998 in
498 1958 647 2012 quibus
679 1964 845 2010 oportet
875 1957 1000 1999 verba
1032 1960 1112 1999 sint
1133 1961 1183 2000 ad
1208 1961 1414 2012 poeticum
1438 1963 1642 2015 quendam
1666 1967 1873 2003 exstructa

114 2036 334 2066 numerum
354 2052 364 2070 ,
398 2026 443 2062 ut
474 2020 655 2076 perfecte
689 2027 729 2061 et
758 2022 1081 2075 perpolitissime
1114 2024 1274 2075 possint
1304 2038 1393 2063 esse
1427 2025 1656 2065 absolutae.

226 2085 422 2127 XXXIII.
473 2084 707 2137 Superlatio
745 2090 806 2124 est
844 2085 975 2124 oratio
1015 2100 1215 2138 superaus
1246 2087 1460 2127 veritatem
1492 2088 1663 2129 alicuius
1695 2090 1873 2141 augendi

117 2148 382 2190 minuendive
425 2160 560 2187 causa.
640 2148 752 2187 Haec
797 2148 970 2187 sumitur
1015 2150 1236 2202 separatim
1292 2155 1362 2190 aut
1406 2163 1497 2189 cum
1544 2151 1924 2202 comparationem>

119 2212 369 2266 Separatim.
403 2211 483 2251 sic:
533 2211 692 2259 Quodsi
725 2211 991 2251 concordiam
1023 2212 1319 2260 retinebimus,
1354 2212 1516 2267 imperii
1550 2214 1875 2267 magnitudinem

117 2275 216 2315 solis
247 2280 340 2315 ortu
370 2279 493 2328 atque
525 2287 675 2313 occasu
705 2273 939 2314 metiemur.
1002 2275 1101 2315 Cum
1141 2276 1454 2328 comparatione
1475 2306 1484 2323 ,
1535 2282 1604 2316 aut
1634 2290 1656 2316 a
1688 2278 1878 2317 similitu-

118 2338 214 2378 dine
244 2342 314 2377 aut
343 2350 366 2377 a
404 2337 653 2392 praestantia
696 2335 937 2391 [superlatio
976 2336 1182 2392 sumitur].
1244 2342 1275 2379 A
1314 2339 1606 2386 similitudine,
1645 2340 1726 2380 sic:
1779 2339 1878 2379 Cor-

117 2413 218 2455 pore
251 2399 415 2440 niveum
448 2401 692 2447 candorem,
727 2407 896 2452 aspectu
929 2400 1093 2451 igneum
1118 2402 1310 2441 ardorem
1335 2404 1648 2456 assequebatur.
1709 2406 1738 2443 A
1762 2416 1878 2457 prae-

117 2462 286 2509 stantia,
319 2464 397 2502 hoc
430 2463 578 2503 modo:
615 2462 738 2502 Cuius
770 2476 843 2503 ore
866 2476 1002 2504 sermo
1027 2463 1148 2504 melle
1171 2465 1332 2505 dulcior
1354 2466 1603 2518 profluebat.
1648 2466 1705 2505 Ex
1729 2464 1875 2505 eodem
1892 2480 1925 2507 35

118 2537 269 2578 genere
301 2530 362 2565 est
393 2527 492 2566 hoc:
546 2527 698 2567 Tantus
730 2531 817 2567 erat
846 2527 888 2566 in
919 2527 1044 2567 armis
1076 2526 1303 2582 splendor,
1352 2534 1396 2568 ut
1435 2529 1533 2570 solis
1564 2528 1699 2582 fulgor
1730 2526 1875 2570 obscu-

117 2587 203 2628 rior
232 2587 457 2631 videretur.

229 2650 456 2691 Intellectio
505 2656 589 2699 est,
641 2664 734 2691 cum
773 2665 838 2692 res
875 2656 961 2692 tota
1002 2665 1126 2707 parva
1166 2654 1216 2694 de
1254 2659 1368 2708 parte
1413 2656 1676 2709 cognoscitur
1713 2659 1781 2695 aut
1819 2658 1868 2698 de

209 2757 239 2788 2.
267 2763 329 2788 aut
357 2761 392 2789 m
418 2760 648 2790 instrumento
675 2760 853 2790 dominum
881 2760 927 2795 P.
957 2764 1016 2792 aut
1042 2762 1269 2793 instrumento
1295 2764 1470 2794 dominum
1493 2763 1514 2792 F
1535 2769 1567 2794 et.
1585 2771 1635 2800 pr·
1657 2763 1681 2792 Α
1699 2785 1706 2798 .
1741 2767 1802 2793 aut
1830 2765 1882 2794 in-

118 2807 342 2835 strumentum
369 2815 432 2845 pro
461 2807 601 2838 domino
628 2806 675 2843 T,
706 2807 803 2837 Leid.
828 2807 854 2837 l.
884 2807 963 2838 Seli.
1018 2807 1059 2838 Ut
1088 2820 1170 2846 nos,
1207 2818 1293 2841 corr.
1315 2811 1355 2841 A.
1396 2826 1434 2831 -
1474 2810 1507 2840 4.
1537 2810 1629 2839 dicut
1657 2818 1724 2840 om.
1749 2810 1878 2843 PssnT.

119 2867 161 2874 -
187 2849 342 2891 materis]
370 2855 491 2883 matris
520 2854 562 2889 Ρ,
612 2863 661 2892 pr.
685 2856 708 2883 A
741 2859 772 2884 et
798 2860 984 2893 (supersvr.
1006 2859 1139 2888 matrim
1165 2862 1197 2887 et.
1223 2856 1330 2896 murs)
1359 2857 1405 2892 F,
1444 2858 1578 2886 matris.-
1604 2856 1651 2890 T.
1696 2864 1883 2888 armatura

120 2898 178 2929 Bu
207 2904 239 2929 et
266 2906 352 2929 corr.
377 2901 399 2929 A
451 2900 687 2932 Einenuarunt
715 2900 887 2932 Victorius
920 2910 959 2932 ac
986 2901 1176 2934 Manutius.
1215 2921 1254 2926 —
1296 2904 1327 2934 6.
1356 2904 1548 2934 necessario
1575 2908 1604 2933 te
1628 2903 1738 2942 fucere
1767 2903 1811 2937 B.
1842 2905 1879 2935 L.

118 2945 151 2976 7.
181 2946 208 2975 si
235 2946 293 2986 qui
311 2944 416 2980 PFR,
448 2947 517 2978 Erl'.
538 2948 660 2978 Duisb.
685 2947 813 2978 (lauch.
837 2947 938 2984 Stin,
966 2950 994 2978 si
1021 2950 1103 2989 quid
1131 2951 1181 2986 R.
1209 2952 1236 2981 si
1262 2952 1335 2990 quis
1362 2951 1433 2980 ΤΕ.
1458 2966 1494 2971 -—
1525 2948 1557 2979 8.
1587 2958 1672 2989 quae
1691 2949 1882 2982 desidiosos

119 2992 217 3023 PFT.
254 3008 292 3012 —
334 2991 366 3022 9.
396 2991 497 3034 efficit
525 2994 720 3026 PABFRT:
751 2996 835 3036 facit
865 2995 903 3025 E.
945 3010 977 3016 —-
1026 2998 1079 3028 11.
1109 2999 1295 3030 nomi-nuta
1322 2997 1523 3027 Senmzins:
1552 2998 1775 3027 nominatam
1804 2997 1881 3037 (ac)

120 3039 171 3076 T,
208 3042 334 3069 notata
363 3039 507 3072 PBFRE
535 3046 568 3073 et.
594 3050 682 3072 corr.
706 3043 753 3080 A,
793 3047 880 3072 nota
910 3052 958 3081 pr.
981 3043 1021 3074 A.
1062 3062 1103 3067 -
1138 3044 1192 3074 12.
1220 3044 1256 3075 id
1282 3045 1370 3085 quod
1400 3045 1548 3074 continet
1577 3052 1644 3074 om.
1675 3043 1878 3082 PAnFRT.

122 3090 166 3125 ut,
187 3086 358 3125 plerique.
392 3102 423 3107 —
468 3093 530 3118 aut
556 3093 740 3128 arqentum
767 3089 856 3120 PBR
883 3090 1025 3128 alitque:
1054 3096 1083 3122 et
1112 3096 1294 3130 amentum
1322 3091 1405 3121 AFT
1432 3091 1582 3129 aliique,
1621 3090 1672 3122 vet
1698 3096 1884 3132 arqeutitm

125 3133 162 3164 E.
194 3149 232 3155 -
262 3133 319 3164 23.
349 3132 476 3165 dedisse
502 3136 628 3166 virtute
652 3141 767 3166 vestra
795 3136 897 3170 PAF,
947 3137 1078 3170 dedisse
1103 3141 1229 3169 virtute
1251 3146 1317 3177 pro
1343 3143 1458 3168 vestra
1488 3137 1545 3168 BT
1571 3142 1605 3168 et.
1632 3146 1680 3175 pr.
1712 3138 1762 3174 fl,
1802 3143 1882 3170 item

124 3179 163 3211 L.
216 3179 260 3211 Ut.
284 3188 366 3217 nos.
394 3179 502 3211 Putat.
531 3183 553 3211 t.
584 3181 628 3211 ΙΙ.
658 3181 792 3214 Fabi-ic.
822 3189 855 3214 et
882 3192 968 3215 corr.
990 3183 1030 3215 R.
1063 3203 1096 3208 —
1128 3184 1185 3215 31.
1212 3184 1430 3215 retinebimus
1458 3186 1496 3216 in
1521 3185 1663 3216 civitate
1689 3185 1714 3216 B
1742 3192 1774 3215 et
1793 3195 1881 3218 corr.

125 3227 177 3259 A.
205 3226 245 3257 L.
285 3242 320 3249 -
366 3225 422 3257 33.
454 3226 514 3256 Vv.
544 3228 730 3267 superlatio
757 3231 905 3261 sumitur
938 3231 1078 3262 seclusit
1117 3232 1222 3268 Ern.,
1264 3231 1329 3262 del.
1370 3230 1448 3263 Scb.
1510 3231 1648 3264 Habent.
1682 3234 1800 3265 nostri.
1845 3249 1882 3256 —

126 3272 182 3304 35.
214 3273 267 3303 Ea:
295 3272 373 3304 ‘0m.
406 3273 603 3310 PABFRT,
647 3280 683 3305 ut
719 3276 876 3314 plerique,
913 3282 1049 3316 praeter
1084 3277 1206 3309 Duisb.
1242 3283 1275 3310 et.
1300 3278 1400 3310 Leitl.
1429 3278 1497 3318 11.‚
1540 3279 1671 3312 Eodem
1705 3281 1742 3312 in
1766 3289 1885 3322 qenere

127 3318 226 3353 Leid.
252 3319 318 3352 111.
349 3336 386 3344 —-
416 3319 470 3353 36.
499 3326 545 3354 est
573 3321 634 3352 hoc
659 3321 858 3354 PABFRT:
887 3323 948 3356 hoc
973 3328 1021 3356 est
1045 3324 1084 3356 E.
