<?xml version="1.0" encoding="UTF-8"?>
<!DOCTYPE html PUBLIC "-//W3C//DTD XHTML 1.0 Transitional//EN"
    "http://www.w3.org/TR/xhtml1/DTD/xhtml1-transitional.dtd">
<html xmlns="http://www.w3.org/1999/xhtml" xml:lang="en" lang="en">
 <head>
  <title>
</title>
<meta http-equiv="Content-Type" content="text/html;charset=utf-8" />
  <meta name='ocr-system' content='tesseract 3.04.00' />
  <meta name='ocr-capabilities' content='ocr_page ocr_carea ocr_par ocr_line ocrx_word'/>
</head>
<body>
  <div class='ocr_page' id='page_1' title='image "./operaquaesupersu01ciceuoft/operaquaesupersu01ciceuoft_0406.png"; bbox 0 0 2117 3762; ppageno 0'>
   <div class='ocr_carea' id='block_1_1' title="bbox 232 271 1212 314">
    <p class='ocr_par' dir='ltr' id='par_1_1' title="bbox 232 271 1212 314">
     <span class='ocr_line' id='line_1_1' title="bbox 232 271 1212 314; baseline -0.001 0"><span class='ocrx_word' id='word_1_1' title='bbox 232 272 316 314; x_wconf 64' lang='lat'><strong>394</strong></span> <span class='ocrx_word' id='word_1_2' title='bbox 1012 271 1212 314; x_wconf 88' lang='lat' dir='ltr'>BRUTUS</span> 
     </span>
    </p>
   </div>
   <div class='ocr_carea' id='block_1_2' title="bbox 169 376 2001 2875">
    <p class='ocr_par' dir='ltr' id='par_1_2' title="bbox 169 376 2001 2875">
     <span class='ocr_line' id='line_1_2' title="bbox 231 376 1993 435; baseline -0.001 -13"><span class='ocrx_word' id='word_1_3' title='bbox 231 377 522 435; x_wconf 87' lang='lat' dir='ltr'>reprehendit,</span> <span class='ocrx_word' id='word_1_4' title='bbox 570 378 787 420; x_wconf 86' lang='lat' dir='ltr'><strong>assentior.</strong></span> <span class='ocrx_word' id='word_1_5' title='bbox 851 376 934 417; x_wconf 90' lang='lat' dir='ltr'><strong>Sed</strong></span> <span class='ocrx_word' id='word_1_6' title='bbox 973 377 1017 417; x_wconf 93' lang='lat' dir='ltr'><strong>in</strong></span> <span class='ocrx_word' id='word_1_7' title='bbox 1055 376 1249 427; x_wconf 87' lang='lat' dir='ltr'><strong>historia,</strong></span> <span class='ocrx_word' id='word_1_8' title='bbox 1294 392 1375 434; x_wconf 88' lang='lat' dir='ltr'><strong>qua</strong></span> <span class='ocrx_word' id='word_1_9' title='bbox 1411 380 1456 420; x_wconf 93' lang='lat' dir='ltr'><strong>tu</strong></span> <span class='ocrx_word' id='word_1_10' title='bbox 1488 390 1532 419; x_wconf 93' lang='lat' dir='ltr'><strong>es</strong></span> <span class='ocrx_word' id='word_1_11' title='bbox 1560 390 1660 420; x_wconf 91' lang='lat' dir='ltr'><strong>usus</strong></span> <span class='ocrx_word' id='word_1_12' title='bbox 1690 378 1733 419; x_wconf 91' lang='lat' dir='ltr'><strong>in</strong></span> <span class='ocrx_word' id='word_1_13' title='bbox 1763 380 1874 421; x_wconf 90' lang='lat' dir='ltr'><strong>omni</strong></span> <span class='ocrx_word' id='word_1_14' title='bbox 1905 393 1993 421; x_wconf 90' lang='lat' dir='ltr'><strong>ser-</strong></span> 
     </span>
     <span class='ocr_line' id='line_1_3' title="bbox 231 436 1991 497; baseline 0 -14"><span class='ocrx_word' id='word_1_15' title='bbox 231 455 378 492; x_wconf 83' lang='lat' dir='ltr'>mone,</span> <span class='ocrx_word' id='word_1_16' title='bbox 425 455 544 490; x_wconf 91' lang='lat' dir='ltr'><strong>cum,</strong></span> <span class='ocrx_word' id='word_1_17' title='bbox 592 439 724 494; x_wconf 91' lang='lat' dir='ltr'><strong>qualis</strong></span> <span class='ocrx_word' id='word_1_18' title='bbox 755 436 931 494; x_wconf 92' lang='lat' dir='ltr'><strong>quisque</strong></span> <span class='ocrx_word' id='word_1_19' title='bbox 962 443 1105 479; x_wconf 90' lang='lat' dir='ltr'><strong>orator</strong></span> <span class='ocrx_word' id='word_1_20' title='bbox 1133 438 1304 491; x_wconf 86' lang='lat' dir='ltr'><strong>fuisset,</strong></span> <span class='ocrx_word' id='word_1_21' title='bbox 1349 454 1605 497; x_wconf 80' lang='lat' dir='ltr'><strong>exponeres,</strong></span> <span class='ocrx_word' id='word_1_22' title='bbox 1652 441 1769 490; x_wconf 87' lang='lat' dir='ltr'><strong>vide,</strong></span> <span class='ocrx_word' id='word_1_23' title='bbox 1812 455 1991 494; x_wconf 87' lang='lat' dir='ltr'><strong>quaeso,</strong></span> 
     </span>
     <span class='ocr_line' id='line_1_4' title="bbox 230 501 1990 561; baseline -0.001 -15"><span class='ocrx_word' id='word_1_24' title='bbox 230 504 392 561; x_wconf 91' lang='lat' dir='ltr'><strong>inquit,</strong></span> <span class='ocrx_word' id='word_1_25' title='bbox 425 518 476 545; x_wconf 89' lang='lat' dir='ltr'><strong>ne</strong></span> <span class='ocrx_word' id='word_1_26' title='bbox 509 509 591 544; x_wconf 89' lang='lat' dir='ltr'><strong>tam</strong></span> <span class='ocrx_word' id='word_1_27' title='bbox 621 502 966 556; x_wconf 88' lang='lat' dir='ltr'><strong>reprehendenda</strong></span> <span class='ocrx_word' id='word_1_28' title='bbox 996 501 1049 542; x_wconf 91' lang='lat' dir='ltr'><strong>sit</strong></span> <span class='ocrx_word' id='word_1_29' title='bbox 1076 501 1212 544; x_wconf 89' lang='lat' dir='ltr'><strong>ironia</strong></span> <span class='ocrx_word' id='word_1_30' title='bbox 1242 518 1364 559; x_wconf 91' lang='lat' dir='ltr'><strong>quam</strong></span> <span class='ocrx_word' id='word_1_31' title='bbox 1394 506 1438 545; x_wconf 94' lang='lat' dir='ltr'><strong>in</strong></span> <span class='ocrx_word' id='word_1_32' title='bbox 1468 504 1722 546; x_wconf 90' lang='lat' dir='ltr'><strong>testimonio.</strong></span> <span class='ocrx_word' id='word_1_33' title='bbox 1786 504 1990 555; x_wconf 87' lang='lat' dir='ltr'><strong>Quorsus,</strong></span> 
     </span>
     <span class='ocr_line' id='line_1_5' title="bbox 232 562 1995 624; baseline -0.001 -15"><span class='ocrx_word' id='word_1_34' title='bbox 232 568 420 623; x_wconf 90' lang='lat' dir='ltr'><strong>inquam,</strong></span> <span class='ocrx_word' id='word_1_35' title='bbox 452 568 582 606; x_wconf 79' lang='lat' dir='ltr'><strong>istuc?</strong></span> <span class='ocrx_word' id='word_1_36' title='bbox 624 577 709 605; x_wconf 90' lang='lat' dir='ltr'><strong>non</strong></span> <span class='ocrx_word' id='word_1_37' title='bbox 739 564 849 605; x_wconf 91' lang='lat' dir='ltr'><strong>enim</strong></span> <span class='ocrx_word' id='word_1_38' title='bbox 879 562 1078 618; x_wconf 86' lang='lat' dir='ltr'><strong>intelligo.</strong></span> <span class='ocrx_word' id='word_1_39' title='bbox 1137 566 1231 609; x_wconf 81' lang='grc'><strong>293.</strong></span> <span class='ocrx_word' id='word_1_40' title='bbox 1261 567 1367 617; x_wconf 87' lang='lat' dir='ltr'><strong>Quia</strong></span> <span class='ocrx_word' id='word_1_41' title='bbox 1397 567 1604 624; x_wconf 92' lang='lat' dir='ltr'><strong>primum,</strong></span> <span class='ocrx_word' id='word_1_42' title='bbox 1635 565 1790 622; x_wconf 88' lang='lat' dir='ltr'><strong>inquit,</strong></span> <span class='ocrx_word' id='word_1_43' title='bbox 1822 567 1880 607; x_wconf 86' lang='lat' dir='ltr'><strong>ita</strong></span> <span class='ocrx_word' id='word_1_44' title='bbox 1908 565 1995 607; x_wconf 87' lang='lat' dir='ltr'><strong>lau-</strong></span> 
     </span>
     <span class='ocr_line' id='line_1_6' title="bbox 202 626 1992 684; baseline -0.001 -12"><span class='ocrx_word' id='word_1_45' title='bbox 202 631 380 672; x_wconf 77' lang='lat' dir='ltr'><strong>sdavisti</strong></span> <span class='ocrx_word' id='word_1_46' title='bbox 424 626 624 683; x_wconf 90' lang='lat' dir='ltr'><strong>quosdam</strong></span> <span class='ocrx_word' id='word_1_47' title='bbox 669 631 883 675; x_wconf 90' lang='lat' dir='ltr'><strong>oratores,</strong></span> <span class='ocrx_word' id='word_1_48' title='bbox 931 630 977 668; x_wconf 91' lang='lat' dir='ltr'><strong>ut</strong></span> <span class='ocrx_word' id='word_1_49' title='bbox 1019 627 1237 682; x_wconf 89' lang='lat' dir='ltr'><strong>imperitos</strong></span> <span class='ocrx_word' id='word_1_50' title='bbox 1279 642 1423 684; x_wconf 93' lang='lat' dir='ltr'><strong>posses</strong></span> <span class='ocrx_word' id='word_1_51' title='bbox 1464 629 1507 671; x_wconf 92' lang='lat' dir='ltr'><strong>in</strong></span> <span class='ocrx_word' id='word_1_52' title='bbox 1549 641 1738 670; x_wconf 91' lang='lat' dir='ltr'><strong>errorem</strong></span> <span class='ocrx_word' id='word_1_53' title='bbox 1778 629 1992 670; x_wconf 85' lang='lat' dir='ltr'><strong>inducere.</strong></span> 
     </span>
     <span class='ocr_line' id='line_1_7' title="bbox 230 689 1996 748; baseline -0.002 -13"><span class='ocrx_word' id='word_1_54' title='bbox 230 692 435 748; x_wconf 85' lang='lat' dir='ltr'><strong>Equidem</strong></span> <span class='ocrx_word' id='word_1_55' title='bbox 463 692 507 733; x_wconf 89' lang='lat' dir='ltr'><strong>in</strong></span> <span class='ocrx_word' id='word_1_56' title='bbox 537 689 785 747; x_wconf 89' lang='lat' dir='ltr'><strong>quibusdam</strong></span> <span class='ocrx_word' id='word_1_57' title='bbox 815 690 948 732; x_wconf 87' lang='lat' dir='ltr'><strong>risum</strong></span> <span class='ocrx_word' id='word_1_58' title='bbox 977 692 1048 731; x_wconf 84' lang='lat' dir='ltr'><strong>vix</strong></span> <span class='ocrx_word' id='word_1_59' title='bbox 1076 689 1290 739; x_wconf 85' lang='lat' dir='ltr'><strong>tenebam,</strong></span> <span class='ocrx_word' id='word_1_60' title='bbox 1330 706 1423 732; x_wconf 92' lang='lat' dir='ltr'><strong>cum</strong></span> <span class='ocrx_word' id='word_1_61' title='bbox 1453 691 1586 734; x_wconf 86' lang='lat' dir='ltr'><strong>Attico</strong></span> <span class='ocrx_word' id='word_1_62' title='bbox 1618 692 1765 748; x_wconf 76' lang='lat' dir='ltr'><strong>Lysiae</strong></span> <span class='ocrx_word' id='word_1_63' title='bbox 1798 691 1996 732; x_wconf 88' lang='lat' dir='ltr'><strong>Catonem</strong></span> 
     </span>
     <span class='ocr_line' id='line_1_8' title="bbox 230 753 1996 810; baseline -0.002 -13"><span class='ocrx_word' id='word_1_64' title='bbox 230 761 419 797; x_wconf 88' lang='lat' dir='ltr'><strong>nostrum</strong></span> <span class='ocrx_word' id='word_1_65' title='bbox 450 756 744 807; x_wconf 87' lang='lat' dir='ltr'><strong>comparabas‚</strong></span> <span class='ocrx_word' id='word_1_66' title='bbox 786 766 982 808; x_wconf 87' lang='lat' dir='ltr'><strong>magnum</strong></span> <span class='ocrx_word' id='word_1_67' title='bbox 1013 753 1253 795; x_wconf 87' lang='lat' dir='ltr'><strong>mehercule</strong></span> <span class='ocrx_word' id='word_1_68' title='bbox 1282 754 1495 795; x_wconf 91' lang='lat' dir='ltr'><strong>hominem</strong></span> <span class='ocrx_word' id='word_1_69' title='bbox 1525 754 1591 796; x_wconf 86' lang='lat' dir='ltr'><strong>vel</strong></span> <span class='ocrx_word' id='word_1_70' title='bbox 1621 754 1758 810; x_wconf 77' lang='lat' dir='ltr'><strong>potius</strong></span> <span class='ocrx_word' id='word_1_71' title='bbox 1789 767 1996 795; x_wconf 91' lang='lat' dir='ltr'><strong>summum</strong></span> 
     </span>
     <span class='ocr_line' id='line_1_9' title="bbox 232 814 1996 872; baseline -0.001 -13"><span class='ocrx_word' id='word_1_72' title='bbox 232 825 272 860; x_wconf 88' lang='lat' dir='ltr'><strong>et</strong></span> <span class='ocrx_word' id='word_1_73' title='bbox 301 817 551 870; x_wconf 86' lang='lat' dir='ltr'><strong>singularem</strong></span> <span class='ocrx_word' id='word_1_74' title='bbox 581 816 743 866; x_wconf 83' lang='lat' dir='ltr'><strong>virum3</strong></span> <span class='ocrx_word' id='word_1_75' title='bbox 777 830 900 858; x_wconf 89' lang='lat' dir='ltr'><strong>nemo</strong></span> <span class='ocrx_word' id='word_1_76' title='bbox 932 814 1041 857; x_wconf 87' lang='lat' dir='ltr'><strong>dicet</strong></span> <span class='ocrx_word' id='word_1_77' title='bbox 1070 829 1215 857; x_wconf 88' lang='lat' dir='ltr'><strong>secus:</strong></span> <span class='ocrx_word' id='word_1_78' title='bbox 1262 819 1335 858; x_wconf 92' lang='lat' dir='ltr'><strong>sed</strong></span> <span class='ocrx_word' id='word_1_79' title='bbox 1367 821 1609 858; x_wconf 71' lang='lat' dir='ltr'><strong>oratorem?</strong></span> <span class='ocrx_word' id='word_1_80' title='bbox 1659 816 1733 858; x_wconf 91' lang='lat' dir='ltr'><strong>sed</strong></span> <span class='ocrx_word' id='word_1_81' title='bbox 1763 818 1884 858; x_wconf 85' lang='lat' dir='ltr'><strong>etiam</strong></span> <span class='ocrx_word' id='word_1_82' title='bbox 1915 819 1996 872; x_wconf 86' lang='lat' dir='ltr'><strong>Ly-</strong></span> 
     </span>
     <span class='ocr_line' id='line_1_10' title="bbox 231 877 1992 934; baseline 0 -13"><span class='ocrx_word' id='word_1_83' title='bbox 231 882 314 921; x_wconf 87' lang='lat' dir='ltr'><strong>siae</strong></span> <span class='ocrx_word' id='word_1_84' title='bbox 345 879 552 920; x_wconf 79' lang='lat' dir='ltr'><strong>similem?</strong></span> <span class='ocrx_word' id='word_1_85' title='bbox 583 892 666 934; x_wconf 92' lang='lat' dir='ltr'><strong>quo</strong></span> <span class='ocrx_word' id='word_1_86' title='bbox 696 879 799 921; x_wconf 90' lang='lat' dir='ltr'><strong>nihil</strong></span> <span class='ocrx_word' id='word_1_87' title='bbox 828 883 966 934; x_wconf 91' lang='lat' dir='ltr'><strong>potest</strong></span> <span class='ocrx_word' id='word_1_88' title='bbox 997 891 1087 919; x_wconf 90' lang='lat' dir='ltr'><strong>esse</strong></span> <span class='ocrx_word' id='word_1_89' title='bbox 1117 877 1280 934; x_wconf 84' lang='lat' dir='ltr'><strong>pictiuS.</strong></span> <span class='ocrx_word' id='word_1_90' title='bbox 1337 878 1450 919; x_wconf 90' lang='lat' dir='ltr'><strong>Bella</strong></span> <span class='ocrx_word' id='word_1_91' title='bbox 1478 879 1640 929; x_wconf 90' lang='lat' dir='ltr'><strong>ironia,</strong></span> <span class='ocrx_word' id='word_1_92' title='bbox 1672 881 1706 920; x_wconf 93' lang='lat' dir='ltr'><strong>si</strong></span> <span class='ocrx_word' id='word_1_93' title='bbox 1737 881 1992 922; x_wconf 88' lang='lat' dir='ltr'><strong>iocaremur:</strong></span> 
     </span>
     <span class='ocr_line' id='line_1_11' title="bbox 180 939 1997 996; baseline 0.001 -14"><span class='ocrx_word' id='word_1_94' title='bbox 180 957 215 982; x_wconf 84' lang='lat'><strong>10</strong></span> <span class='ocrx_word' id='word_1_95' title='bbox 230 942 294 983; x_wconf 90' lang='lat' dir='ltr'><strong>sin</strong></span> <span class='ocrx_word' id='word_1_96' title='bbox 333 955 646 990; x_wconf 83' lang='lat' dir='ltr'><strong>asseveramus,</strong></span> <span class='ocrx_word' id='word_1_97' title='bbox 693 943 816 990; x_wconf 88' lang='lat' dir='ltr'><strong>vide,</strong></span> <span class='ocrx_word' id='word_1_98' title='bbox 864 955 917 982; x_wconf 90' lang='lat' dir='ltr'><strong>ne</strong></span> <span class='ocrx_word' id='word_1_99' title='bbox 958 940 1109 995; x_wconf 87' lang='lat' dir='ltr'><strong>religio</strong></span> <span class='ocrx_word' id='word_1_100' title='bbox 1150 939 1268 982; x_wconf 90' lang='lat' dir='ltr'><strong>nobis</strong></span> <span class='ocrx_word' id='word_1_101' title='bbox 1305 945 1388 982; x_wconf 83' lang='lat' dir='ltr'><strong>tam</strong></span> <span class='ocrx_word' id='word_1_102' title='bbox 1419 940 1652 983; x_wconf 91' lang='lat' dir='ltr'><strong>adhibenda</strong></span> <span class='ocrx_word' id='word_1_103' title='bbox 1682 943 1756 991; x_wconf 86' lang='lat' dir='ltr'><strong>sit,</strong></span> <span class='ocrx_word' id='word_1_104' title='bbox 1809 956 1931 996; x_wconf 89' lang='lat' dir='ltr'><strong>quam</strong></span> <span class='ocrx_word' id='word_1_105' title='bbox 1962 943 1997 983; x_wconf 91' lang='lat' dir='ltr'><strong>si</strong></span> 
     </span>
     <span class='ocr_line' id='line_1_12' title="bbox 230 1003 1998 1057; baseline 0.001 -12"><span class='ocrx_word' id='word_1_106' title='bbox 230 1004 510 1046; x_wconf 86' lang='lat' dir='ltr'><strong>testimonium</strong></span> <span class='ocrx_word' id='word_1_107' title='bbox 531 1003 776 1046; x_wconf 88' lang='lat' dir='ltr'><strong>diceremus.</strong></span> <span class='ocrx_word' id='word_1_108' title='bbox 835 1006 934 1045; x_wconf 64' lang='grc'><strong>294.</strong></span> <span class='ocrx_word' id='word_1_109' title='bbox 957 1006 1048 1057; x_wconf 85' lang='lat' dir='ltr'><strong>Ego</strong></span> <span class='ocrx_word' id='word_1_110' title='bbox 1069 1006 1179 1044; x_wconf 90' lang='lat' dir='ltr'><strong>enim</strong></span> <span class='ocrx_word' id='word_1_111' title='bbox 1203 1004 1401 1045; x_wconf 89' lang='lat' dir='ltr'><strong>Catonem</strong></span> <span class='ocrx_word' id='word_1_112' title='bbox 1422 1010 1540 1045; x_wconf 88' lang='lat' dir='ltr'><strong>tuum</strong></span> <span class='ocrx_word' id='word_1_113' title='bbox 1559 1009 1605 1045; x_wconf 90' lang='lat' dir='ltr'><strong>ut</strong></span> <span class='ocrx_word' id='word_1_114' title='bbox 1625 1004 1754 1046; x_wconf 91' lang='lat' dir='ltr'><strong>civem</strong></span> <span class='ocrx_word' id='word_1_115' title='bbox 1769 1035 1780 1053; x_wconf 95' lang='lat'><strong>,</strong></span> <span class='ocrx_word' id='word_1_116' title='bbox 1814 1010 1859 1046; x_wconf 86' lang='lat' dir='ltr'><strong>ut</strong></span> <span class='ocrx_word' id='word_1_117' title='bbox 1879 1018 1998 1046; x_wconf 88' lang='lat' dir='ltr'><strong>sena-</strong></span> 
     </span>
     <span class='ocr_line' id='line_1_13' title="bbox 228 1065 1994 1122; baseline 0 -14"><span class='ocrx_word' id='word_1_118' title='bbox 228 1073 390 1116; x_wconf 84' lang='lat' dir='ltr'><strong>torem,</strong></span> <span class='ocrx_word' id='word_1_119' title='bbox 436 1073 483 1108; x_wconf 90' lang='lat' dir='ltr'><strong>ut</strong></span> <span class='ocrx_word' id='word_1_120' title='bbox 510 1067 831 1122; x_wconf 75' lang='lat' dir='ltr'><strong>imperatorem,</strong></span> <span class='ocrx_word' id='word_1_121' title='bbox 863 1072 908 1108; x_wconf 90' lang='lat' dir='ltr'><strong>ut</strong></span> <span class='ocrx_word' id='word_1_122' title='bbox 938 1067 1073 1108; x_wconf 91' lang='lat' dir='ltr'><strong>virum</strong></span> <span class='ocrx_word' id='word_1_123' title='bbox 1106 1067 1286 1120; x_wconf 89' lang='lat' dir='ltr'><strong>denique</strong></span> <span class='ocrx_word' id='word_1_124' title='bbox 1318 1080 1411 1107; x_wconf 89' lang='lat' dir='ltr'><strong>cum</strong></span> <span class='ocrx_word' id='word_1_125' title='bbox 1442 1065 1661 1119; x_wconf 89' lang='lat' dir='ltr'><strong>prudentia</strong></span> <span class='ocrx_word' id='word_1_126' title='bbox 1691 1073 1732 1107; x_wconf 92' lang='lat' dir='ltr'><strong>et</strong></span> <span class='ocrx_word' id='word_1_127' title='bbox 1762 1066 1994 1122; x_wconf 84' lang='lat' dir='ltr'><strong>diligentia,</strong></span> 
     </span>
     <span class='ocr_line' id='line_1_14' title="bbox 228 1129 1997 1184; baseline 0.002 -15"><span class='ocrx_word' id='word_1_128' title='bbox 228 1134 315 1170; x_wconf 90' lang='lat' dir='ltr'><strong>tum</strong></span> <span class='ocrx_word' id='word_1_129' title='bbox 356 1130 471 1171; x_wconf 91' lang='lat' dir='ltr'><strong>omni</strong></span> <span class='ocrx_word' id='word_1_130' title='bbox 509 1131 663 1171; x_wconf 88' lang='lat' dir='ltr'><strong>virtute</strong></span> <span class='ocrx_word' id='word_1_131' title='bbox 710 1129 983 1171; x_wconf 82' lang='lat' dir='ltr'><strong>excellentem</strong></span> <span class='ocrx_word' id='word_1_132' title='bbox 1013 1130 1174 1184; x_wconf 90' lang='lat' dir='ltr'><strong>probo:</strong></span> <span class='ocrx_word' id='word_1_133' title='bbox 1229 1129 1442 1170; x_wconf 88' lang='lat' dir='ltr'><strong>orationes</strong></span> <span class='ocrx_word' id='word_1_134' title='bbox 1486 1134 1623 1170; x_wconf 86' lang='lat' dir='ltr'><strong>autem</strong></span> <span class='ocrx_word' id='word_1_135' title='bbox 1666 1130 1779 1178; x_wconf 93' lang='lat' dir='ltr'><strong>eius,</strong></span> <span class='ocrx_word' id='word_1_136' title='bbox 1826 1136 1871 1171; x_wconf 87' lang='lat' dir='ltr'><strong>ut</strong></span> <span class='ocrx_word' id='word_1_137' title='bbox 1916 1130 1997 1172; x_wconf 93' lang='lat' dir='ltr'><strong>illis</strong></span> 
     </span>
     <span class='ocr_line' id='line_1_15' title="bbox 228 1191 1999 1248; baseline 0.001 -15"><span class='ocrx_word' id='word_1_138' title='bbox 228 1191 508 1248; x_wconf 89' lang='lat' dir='ltr'><strong>temporibus,</strong></span> <span class='ocrx_word' id='word_1_139' title='bbox 540 1193 660 1234; x_wconf 86' lang='lat' dir='ltr'><strong>valde</strong></span> <span class='ocrx_word' id='word_1_140' title='bbox 683 1193 832 1243; x_wconf 86' lang='lat' dir='ltr'><strong>laudo3</strong></span> <span class='ocrx_word' id='word_1_141' title='bbox 867 1192 1100 1246; x_wconf 82' lang='lat' dir='ltr'><strong>significant</strong></span> <span class='ocrx_word' id='word_1_142' title='bbox 1128 1191 1238 1233; x_wconf 91' lang='lat' dir='ltr'><strong>enim</strong></span> <span class='ocrx_word' id='word_1_143' title='bbox 1268 1193 1447 1233; x_wconf 86' lang='lat' dir='ltr'><strong>formam</strong></span> <span class='ocrx_word' id='word_1_144' title='bbox 1478 1193 1686 1246; x_wconf 87' lang='lat' dir='ltr'><strong>quandam</strong></span> <span class='ocrx_word' id='word_1_145' title='bbox 1716 1193 1891 1246; x_wconf 89' lang='lat' dir='ltr'><strong>ingenii,</strong></span> <span class='ocrx_word' id='word_1_146' title='bbox 1924 1193 1999 1235; x_wconf 91' lang='lat' dir='ltr'><strong>sed</strong></span> 
     </span>
     <span class='ocr_line' id='line_1_16' title="bbox 178 1253 1998 1310; baseline 0.003 -17"><span class='ocrx_word' id='word_1_147' title='bbox 178 1268 213 1293; x_wconf 80' lang='lat'><strong>15</strong></span> <span class='ocrx_word' id='word_1_148' title='bbox 229 1257 453 1297; x_wconf 91' lang='lat' dir='ltr'><strong>admodum</strong></span> <span class='ocrx_word' id='word_1_149' title='bbox 483 1254 713 1310; x_wconf 86' lang='lat' dir='ltr'><strong>impolitam</strong></span> <span class='ocrx_word' id='word_1_150' title='bbox 743 1260 784 1297; x_wconf 87' lang='lat' dir='ltr'><strong>et</strong></span> <span class='ocrx_word' id='word_1_151' title='bbox 812 1256 937 1309; x_wconf 90' lang='lat' dir='ltr'><strong>plane</strong></span> <span class='ocrx_word' id='word_1_152' title='bbox 967 1256 1132 1296; x_wconf 90' lang='lat' dir='ltr'><strong>rudem.</strong></span> <span class='ocrx_word' id='word_1_153' title='bbox 1196 1255 1390 1308; x_wconf 87' lang='lat' dir='ltr'><strong>Origines</strong></span> <span class='ocrx_word' id='word_1_154' title='bbox 1420 1267 1522 1296; x_wconf 88' lang='lat' dir='ltr'><strong>vero</strong></span> <span class='ocrx_word' id='word_1_155' title='bbox 1554 1268 1648 1295; x_wconf 88' lang='lat' dir='ltr'><strong>cum</strong></span> <span class='ocrx_word' id='word_1_156' title='bbox 1680 1253 1873 1296; x_wconf 91' lang='lat' dir='ltr'><strong>omnibus</strong></span> <span class='ocrx_word' id='word_1_157' title='bbox 1903 1269 1998 1298; x_wconf 88' lang='lat' dir='ltr'><strong>ora-</strong></span> 
     </span>
     <span class='ocr_line' id='line_1_17' title="bbox 227 1316 1998 1375; baseline 0.002 -18"><span class='ocrx_word' id='word_1_158' title='bbox 227 1318 345 1360; x_wconf 89' lang='lat' dir='ltr'><strong>toriis</strong></span> <span class='ocrx_word' id='word_1_159' title='bbox 382 1319 577 1360; x_wconf 89' lang='lat' dir='ltr'><strong>laudibus</strong></span> <span class='ocrx_word' id='word_1_160' title='bbox 617 1316 793 1359; x_wconf 88' lang='lat' dir='ltr'><strong>refertas</strong></span> <span class='ocrx_word' id='word_1_161' title='bbox 833 1317 995 1359; x_wconf 85' lang='lat' dir='ltr'><strong>diceres</strong></span> <span class='ocrx_word' id='word_1_162' title='bbox 1039 1324 1080 1359; x_wconf 88' lang='lat' dir='ltr'><strong>et</strong></span> <span class='ocrx_word' id='word_1_163' title='bbox 1119 1318 1318 1359; x_wconf 86' lang='lat' dir='ltr'><strong>Catonem</strong></span> <span class='ocrx_word' id='word_1_164' title='bbox 1355 1331 1449 1359; x_wconf 91' lang='lat' dir='ltr'><strong>cum</strong></span> <span class='ocrx_word' id='word_1_165' title='bbox 1485 1316 1654 1358; x_wconf 83' lang='lat' dir='ltr'><strong>Philisto</strong></span> <span class='ocrx_word' id='word_1_166' title='bbox 1687 1322 1727 1358; x_wconf 92' lang='lat' dir='ltr'><strong>et</strong></span> <span class='ocrx_word' id='word_1_167' title='bbox 1757 1318 1998 1375; x_wconf 84' lang='lat' dir='ltr'><strong>Thucydide</strong></span> 
     </span>
     <span class='ocr_line' id='line_1_18' title="bbox 228 1379 1998 1436; baseline 0.001 -14"><span class='ocrx_word' id='word_1_168' title='bbox 228 1394 512 1436; x_wconf 85' lang='lat' dir='ltr'><strong>comparares,</strong></span> <span class='ocrx_word' id='word_1_169' title='bbox 545 1382 730 1422; x_wconf 86' lang='lat' dir='ltr'><strong>Brutone</strong></span> <span class='ocrx_word' id='word_1_170' title='bbox 761 1386 800 1422; x_wconf 93' lang='lat' dir='ltr'><strong>te</strong></span> <span class='ocrx_word' id='word_1_171' title='bbox 830 1380 872 1422; x_wconf 93' lang='lat' dir='ltr'><strong>id</strong></span> <span class='ocrx_word' id='word_1_172' title='bbox 903 1379 1126 1430; x_wconf 81' lang='lat' dir='ltr'><strong>censebaS,</strong></span> <span class='ocrx_word' id='word_1_173' title='bbox 1170 1395 1222 1422; x_wconf 89' lang='lat' dir='ltr'><strong>an</strong></span> <span class='ocrx_word' id='word_1_174' title='bbox 1253 1380 1355 1421; x_wconf 90' lang='lat' dir='ltr'><strong>mihi</strong></span> <span class='ocrx_word' id='word_1_175' title='bbox 1386 1382 1690 1436; x_wconf 78' lang='lat' dir='ltr'><strong>probaturum?</strong></span> <span class='ocrx_word' id='word_1_176' title='bbox 1742 1380 1857 1429; x_wconf 89' lang='lat' dir='ltr'><strong>Quos</strong></span> <span class='ocrx_word' id='word_1_177' title='bbox 1888 1381 1998 1423; x_wconf 89' lang='lat' dir='ltr'><strong>enim</strong></span> 
     </span>
     <span class='ocr_line' id='line_1_19' title="bbox 226 1441 1998 1499; baseline 0.001 -14"><span class='ocrx_word' id='word_1_178' title='bbox 226 1458 280 1485; x_wconf 92' lang='lat' dir='ltr'><strong>ne</strong></span> <span class='ocrx_word' id='word_1_179' title='bbox 311 1457 334 1485; x_wconf 92' lang='lat' dir='ltr'><strong>e</strong></span> <span class='ocrx_word' id='word_1_180' title='bbox 366 1444 534 1486; x_wconf 90' lang='lat' dir='ltr'><strong>Graecis</strong></span> <span class='ocrx_word' id='word_1_181' title='bbox 563 1445 731 1499; x_wconf 90' lang='lat' dir='ltr'><strong>quidem</strong></span> <span class='ocrx_word' id='word_1_182' title='bbox 762 1445 981 1499; x_wconf 89' lang='lat' dir='ltr'><strong>quisquam</strong></span> <span class='ocrx_word' id='word_1_183' title='bbox 1013 1443 1170 1485; x_wconf 84' lang='lat' dir='ltr'><strong>imitari</strong></span> <span class='ocrx_word' id='word_1_184' title='bbox 1201 1449 1360 1498; x_wconf 87' lang='lat' dir='ltr'><strong>potest,</strong></span> <span class='ocrx_word' id='word_1_185' title='bbox 1390 1443 1455 1484; x_wconf 87' lang='lat' dir='ltr'><strong>his</strong></span> <span class='ocrx_word' id='word_1_186' title='bbox 1477 1448 1522 1485; x_wconf 83' lang='lat' dir='ltr'><strong>tu</strong></span> <span class='ocrx_word' id='word_1_187' title='bbox 1544 1456 1762 1496; x_wconf 87' lang='lat' dir='ltr'><strong>comparas</strong></span> <span class='ocrx_word' id='word_1_188' title='bbox 1783 1441 1998 1486; x_wconf 89' lang='lat' dir='ltr'><strong>hominem</strong></span> 
     </span>
     <span class='ocr_line' id='line_1_20' title="bbox 228 1505 1998 1562; baseline 0 -14"><span class='ocrx_word' id='word_1_189' title='bbox 228 1508 532 1555; x_wconf 89' lang='lat' dir='ltr'><strong>Tusculanum,</strong></span> <span class='ocrx_word' id='word_1_190' title='bbox 564 1508 751 1548; x_wconf 91' lang='lat' dir='ltr'><strong>nondum</strong></span> <span class='ocrx_word' id='word_1_191' title='bbox 783 1508 1084 1561; x_wconf 89' lang='lat' dir='ltr'><strong>suspicantem,</strong></span> <span class='ocrx_word' id='word_1_192' title='bbox 1118 1508 1241 1561; x_wconf 90' lang='lat' dir='ltr'><strong>quale</strong></span> <span class='ocrx_word' id='word_1_193' title='bbox 1272 1512 1381 1548; x_wconf 92' lang='lat' dir='ltr'><strong>esset</strong></span> <span class='ocrx_word' id='word_1_194' title='bbox 1411 1508 1580 1562; x_wconf 91' lang='lat' dir='ltr'><strong>copiose</strong></span> <span class='ocrx_word' id='word_1_195' title='bbox 1602 1513 1642 1547; x_wconf 89' lang='lat' dir='ltr'><strong>et</strong></span> <span class='ocrx_word' id='word_1_196' title='bbox 1662 1511 1806 1547; x_wconf 88' lang='lat' dir='ltr'><strong>ornate</strong></span> <span class='ocrx_word' id='word_1_197' title='bbox 1829 1505 1998 1548; x_wconf 78' lang='lat' dir='ltr'><strong>dicere?</strong></span> 
     </span>
     <span class='ocr_line' id='line_1_21' title="bbox 177 1568 1995 1625; baseline 0 -14"><span class='ocrx_word' id='word_1_198' title='bbox 177 1581 214 1606; x_wconf 82' lang='lat'><strong>20</strong></span> <span class='ocrx_word' id='word_1_199' title='bbox 228 1571 455 1612; x_wconf 88' lang='lat' dir='ltr'><strong>LXXXVI.</strong></span> <span class='ocrx_word' id='word_1_200' title='bbox 490 1571 586 1610; x_wconf 82' lang='lat'><strong>295.</strong></span> <span class='ocrx_word' id='word_1_201' title='bbox 620 1571 792 1611; x_wconf 84' lang='lat' dir='ltr'><strong>Galbam</strong></span> <span class='ocrx_word' id='word_1_202' title='bbox 824 1568 982 1611; x_wconf 90' lang='lat' dir='ltr'><strong>laudas.</strong></span> <span class='ocrx_word' id='word_1_203' title='bbox 1046 1569 1089 1610; x_wconf 89' lang='lat' dir='ltr'><strong>Si</strong></span> <span class='ocrx_word' id='word_1_204' title='bbox 1118 1575 1164 1611; x_wconf 89' lang='lat' dir='ltr'><strong>ut</strong></span> <span class='ocrx_word' id='word_1_205' title='bbox 1193 1569 1303 1611; x_wconf 90' lang='lat' dir='ltr'><strong>illius</strong></span> <span class='ocrx_word' id='word_1_206' title='bbox 1325 1570 1470 1611; x_wconf 89' lang='lat' dir='ltr'><strong>aetatis</strong></span> <span class='ocrx_word' id='word_1_207' title='bbox 1489 1569 1738 1625; x_wconf 85' lang='lat' dir='ltr'><strong>principem,</strong></span> <span class='ocrx_word' id='word_1_208' title='bbox 1770 1570 1995 1621; x_wconf 88' lang='lat' dir='ltr'><strong>assentior;</strong></span> 
     </span>
     <span class='ocr_line' id='line_1_22' title="bbox 228 1631 2001 1688; baseline 0 -14"><span class='ocrx_word' id='word_1_209' title='bbox 228 1633 286 1675; x_wconf 86' lang='lat' dir='ltr'><strong>sic</strong></span> <span class='ocrx_word' id='word_1_210' title='bbox 316 1633 427 1674; x_wconf 90' lang='lat' dir='ltr'><strong>enim</strong></span> <span class='ocrx_word' id='word_1_211' title='bbox 457 1632 717 1686; x_wconf 88' lang='lat' dir='ltr'><strong>accepimus:</strong></span> <span class='ocrx_word' id='word_1_212' title='bbox 752 1631 816 1672; x_wconf 91' lang='lat' dir='ltr'><strong>sin</strong></span> <span class='ocrx_word' id='word_1_213' title='bbox 846 1638 892 1672; x_wconf 90' lang='lat' dir='ltr'><strong>ut</strong></span> <span class='ocrx_word' id='word_1_214' title='bbox 927 1638 1165 1682; x_wconf 88' lang='lat' dir='ltr'><strong>oratorem,</strong></span> <span class='ocrx_word' id='word_1_215' title='bbox 1198 1632 1327 1681; x_wconf 88' lang='lat' dir='ltr'><strong>cedo,</strong></span> <span class='ocrx_word' id='word_1_216' title='bbox 1361 1646 1541 1688; x_wconf 88' lang='lat' dir='ltr'><strong>quaeso,</strong></span> <span class='ocrx_word' id='word_1_217' title='bbox 1576 1632 1790 1673; x_wconf 89' lang='lat' dir='ltr'><strong>orationes</strong></span> <span class='ocrx_word' id='word_1_218' title='bbox 1819 1655 1874 1663; x_wconf 88' lang='lat'>—</span> <span class='ocrx_word' id='word_1_219' title='bbox 1905 1638 2001 1674; x_wconf 88' lang='lat' dir='ltr'><strong>sunt</strong></span> 
     </span>
     <span class='ocr_line' id='line_1_23' title="bbox 228 1694 1999 1750; baseline 0.001 -14"><span class='ocrx_word' id='word_1_220' title='bbox 228 1697 338 1737; x_wconf 90' lang='lat' dir='ltr'><strong>enim</strong></span> <span class='ocrx_word' id='word_1_221' title='bbox 358 1718 425 1743; x_wconf 91' lang='lat'><strong>—-‚</strong></span> <span class='ocrx_word' id='word_1_222' title='bbox 459 1700 499 1736; x_wconf 92' lang='lat' dir='ltr'><strong>et</strong></span> <span class='ocrx_word' id='word_1_223' title='bbox 520 1695 585 1736; x_wconf 89' lang='lat' dir='ltr'><strong>dic</strong></span> <span class='ocrx_word' id='word_1_224' title='bbox 608 1698 739 1742; x_wconf 88' lang='lat' dir='ltr'><strong>hunc,</strong></span> <span class='ocrx_word' id='word_1_225' title='bbox 772 1708 895 1749; x_wconf 90' lang='lat' dir='ltr'><strong>quem</strong></span> <span class='ocrx_word' id='word_1_226' title='bbox 928 1701 972 1735; x_wconf 91' lang='lat' dir='ltr'><strong>tu</strong></span> <span class='ocrx_word' id='word_1_227' title='bbox 1001 1697 1094 1748; x_wconf 89' lang='lat' dir='ltr'><strong>plus</strong></span> <span class='ocrx_word' id='word_1_228' title='bbox 1126 1709 1251 1750; x_wconf 92' lang='lat' dir='ltr'><strong>quam</strong></span> <span class='ocrx_word' id='word_1_229' title='bbox 1280 1701 1321 1736; x_wconf 88' lang='lat' dir='ltr'><strong>te</strong></span> <span class='ocrx_word' id='word_1_230' title='bbox 1352 1709 1484 1743; x_wconf 90' lang='lat' dir='ltr'><strong>amas,</strong></span> <span class='ocrx_word' id='word_1_231' title='bbox 1515 1697 1686 1736; x_wconf 88' lang='lat' dir='ltr'><strong>Brutum</strong></span> <span class='ocrx_word' id='word_1_232' title='bbox 1719 1694 1827 1736; x_wconf 87' lang='lat' dir='ltr'><strong>velle</strong></span> <span class='ocrx_word' id='word_1_233' title='bbox 1856 1700 1897 1736; x_wconf 91' lang='lat' dir='ltr'><strong>te</strong></span> <span class='ocrx_word' id='word_1_234' title='bbox 1926 1695 1999 1737; x_wconf 89' lang='lat' dir='ltr'><strong>illo</strong></span> 
     </span>
     <span class='ocr_line' id='line_1_24' title="bbox 227 1756 1998 1813; baseline 0.001 -14"><span class='ocrx_word' id='word_1_235' title='bbox 227 1757 354 1799; x_wconf 89' lang='lat' dir='ltr'><strong>modo</strong></span> <span class='ocrx_word' id='word_1_236' title='bbox 399 1757 556 1799; x_wconf 89' lang='lat' dir='ltr'><strong>dicere.</strong></span> <span class='ocrx_word' id='word_1_237' title='bbox 617 1759 775 1799; x_wconf 87' lang='lat' dir='ltr'><strong>Probas</strong></span> <span class='ocrx_word' id='word_1_238' title='bbox 819 1757 966 1813; x_wconf 91' lang='lat' dir='ltr'><strong>Lepidi</strong></span> <span class='ocrx_word' id='word_1_239' title='bbox 1012 1758 1239 1799; x_wconf 83' lang='lat' dir='ltr'><strong>orationes.</strong></span> <span class='ocrx_word' id='word_1_240' title='bbox 1306 1757 1496 1799; x_wconf 88' lang='lat' dir='ltr'><strong>Paullum</strong></span> <span class='ocrx_word' id='word_1_241' title='bbox 1539 1759 1608 1798; x_wconf 87' lang='lat' dir='ltr'><strong>hic</strong></span> <span class='ocrx_word' id='word_1_242' title='bbox 1651 1756 1729 1799; x_wconf 91' lang='lat' dir='ltr'><strong>tibi</strong></span> <span class='ocrx_word' id='word_1_243' title='bbox 1773 1759 1998 1807; x_wconf 89' lang='lat' dir='ltr'><strong>assentior,</strong></span> 
     </span>
     <span class='ocr_line' id='line_1_25' title="bbox 228 1819 2000 1875; baseline 0 -13"><span class='ocrx_word' id='word_1_244' title='bbox 228 1822 355 1862; x_wconf 90' lang='lat' dir='ltr'><strong>modo</strong></span> <span class='ocrx_word' id='word_1_245' title='bbox 385 1819 442 1862; x_wconf 86' lang='lat' dir='ltr'><strong>ita</strong></span> <span class='ocrx_word' id='word_1_246' title='bbox 470 1821 638 1869; x_wconf 86' lang='lat' dir='ltr'><strong>laudes,</strong></span> <span class='ocrx_word' id='word_1_247' title='bbox 673 1826 717 1861; x_wconf 90' lang='lat' dir='ltr'><strong>ut</strong></span> <span class='ocrx_word' id='word_1_248' title='bbox 747 1820 955 1875; x_wconf 88' lang='lat' dir='ltr'><strong>antiquas:</strong></span> <span class='ocrx_word' id='word_1_249' title='bbox 989 1820 1101 1875; x_wconf 91' lang='lat' dir='ltr'><strong>quod</strong></span> <span class='ocrx_word' id='word_1_250' title='bbox 1130 1823 1229 1862; x_wconf 90' lang='lat' dir='ltr'><strong>item</strong></span> <span class='ocrx_word' id='word_1_251' title='bbox 1263 1822 1314 1861; x_wconf 89' lang='lat' dir='ltr'><strong>de</strong></span> <span class='ocrx_word' id='word_1_252' title='bbox 1344 1820 1564 1869; x_wconf 80' lang='lat' dir='ltr'><strong>Africano,</strong></span> <span class='ocrx_word' id='word_1_253' title='bbox 1599 1822 1650 1861; x_wconf 94' lang='lat' dir='ltr'><strong>de</strong></span> <span class='ocrx_word' id='word_1_254' title='bbox 1681 1821 1848 1869; x_wconf 88' lang='lat' dir='ltr'><strong>Laelio,</strong></span> <span class='ocrx_word' id='word_1_255' title='bbox 1882 1823 2000 1863; x_wconf 91' lang='lat' dir='ltr'><strong>cuius</strong></span> 
     </span>
     <span class='ocr_line' id='line_1_26' title="bbox 177 1882 1999 1939; baseline 0 -14"><span class='ocrx_word' id='word_1_256' title='bbox 177 1888 273 1925; x_wconf 81' lang='lat' dir='ltr'><strong>2⁵tu</strong></span> <span class='ocrx_word' id='word_1_257' title='bbox 303 1885 493 1925; x_wconf 86' lang='lat' dir='ltr'><strong>oratione</strong></span> <span class='ocrx_word' id='word_1_258' title='bbox 524 1897 650 1937; x_wconf 86' lang='lat' dir='ltr'><strong>negas</strong></span> <span class='ocrx_word' id='word_1_259' title='bbox 683 1882 773 1924; x_wconf 90' lang='lat' dir='ltr'><strong>fieri</strong></span> <span class='ocrx_word' id='word_1_260' title='bbox 803 1883 1029 1939; x_wconf 86' lang='lat' dir='ltr'><strong>quidquam</strong></span> <span class='ocrx_word' id='word_1_261' title='bbox 1050 1898 1175 1939; x_wconf 90' lang='lat' dir='ltr'><strong>posse</strong></span> <span class='ocrx_word' id='word_1_262' title='bbox 1197 1883 1379 1930; x_wconf 87' lang='lat' dir='ltr'><strong>dulcius,</strong></span> <span class='ocrx_word' id='word_1_263' title='bbox 1412 1882 1528 1924; x_wconf 91' lang='lat' dir='ltr'><strong>addis</strong></span> <span class='ocrx_word' id='word_1_264' title='bbox 1551 1884 1700 1931; x_wconf 86' lang='lat' dir='ltr'><strong>etiam,</strong></span> <span class='ocrx_word' id='word_1_265' title='bbox 1733 1883 1875 1924; x_wconf 90' lang='lat' dir='ltr'><strong>nescio</strong></span> <span class='ocrx_word' id='word_1_266' title='bbox 1898 1884 1999 1938; x_wconf 91' lang='lat' dir='ltr'><strong>quid</strong></span> 
     </span>
     <span class='ocr_line' id='line_1_27' title="bbox 230 1945 2000 2001; baseline 0.001 -15"><span class='ocrx_word' id='word_1_267' title='bbox 230 1947 468 1999; x_wconf 90' lang='lat' dir='ltr'><strong>augustius,</strong></span> <span class='ocrx_word' id='word_1_268' title='bbox 515 1948 685 1987; x_wconf 89' lang='lat' dir='ltr'><strong>nomine</strong></span> <span class='ocrx_word' id='word_1_269' title='bbox 725 1960 800 1987; x_wconf 93' lang='lat' dir='ltr'><strong>nos</strong></span> <span class='ocrx_word' id='word_1_270' title='bbox 842 1946 953 2001; x_wconf 90' lang='lat' dir='ltr'><strong>capis</strong></span> <span class='ocrx_word' id='word_1_271' title='bbox 993 1946 1143 1988; x_wconf 90' lang='lat' dir='ltr'><strong>summi</strong></span> <span class='ocrx_word' id='word_1_272' title='bbox 1173 1947 1252 1988; x_wconf 87' lang='lat' dir='ltr'><strong>viri</strong></span> <span class='ocrx_word' id='word_1_273' title='bbox 1282 1946 1476 2000; x_wconf 76' lang='lat' dir='ltr'><strong>vitaeque</strong></span> <span class='ocrx_word' id='word_1_274' title='bbox 1507 1945 1838 1999; x_wconf 87' lang='lat' dir='ltr'><strong>elegantissimae</strong></span> <span class='ocrx_word' id='word_1_275' title='bbox 1869 1948 2000 1988; x_wconf 88' lang='lat' dir='ltr'><strong>veris-</strong></span> 
     </span>
     <span class='ocr_line' id='line_1_28' title="bbox 229 2007 2000 2058; baseline 0.001 -10"><span class='ocrx_word' id='word_1_276' title='bbox 229 2007 343 2049; x_wconf 88' lang='lat' dir='ltr'><strong>simis</strong></span> <span class='ocrx_word' id='word_1_277' title='bbox 372 2008 580 2050; x_wconf 90' lang='lat' dir='ltr'><strong>laudibus.</strong></span> <span class='ocrx_word' id='word_1_278' title='bbox 640 2011 823 2050; x_wconf 90' lang='lat' dir='ltr'><strong>Remove</strong></span> <span class='ocrx_word' id='word_1_279' title='bbox 854 2011 981 2050; x_wconf 89' lang='lat' dir='ltr'><strong>haec:</strong></span> <span class='ocrx_word' id='word_1_280' title='bbox 1024 2023 1101 2050; x_wconf 91' lang='lat' dir='ltr'><strong>nae</strong></span> <span class='ocrx_word' id='word_1_281' title='bbox 1131 2009 1209 2050; x_wconf 89' lang='lat' dir='ltr'><strong>ista</strong></span> <span class='ocrx_word' id='word_1_282' title='bbox 1239 2008 1371 2050; x_wconf 89' lang='lat' dir='ltr'><strong>dulcis</strong></span> <span class='ocrx_word' id='word_1_283' title='bbox 1402 2008 1537 2049; x_wconf 88' lang='lat' dir='ltr'><strong>oratio</strong></span> <span class='ocrx_word' id='word_1_284' title='bbox 1566 2009 1623 2049; x_wconf 90' lang='lat' dir='ltr'><strong>ita</strong></span> <span class='ocrx_word' id='word_1_285' title='bbox 1653 2009 1705 2049; x_wconf 86' lang='lat' dir='ltr'><strong>sit</strong></span> <span class='ocrx_word' id='word_1_286' title='bbox 1736 2008 1920 2058; x_wconf 89' lang='lat' dir='ltr'><strong>abiecta,</strong></span> <span class='ocrx_word' id='word_1_287' title='bbox 1955 2015 2000 2050; x_wconf 89' lang='lat' dir='ltr'><strong>ut</strong></span> 
     </span>
     <span class='ocr_line' id='line_1_29' title="bbox 230 2070 2000 2127; baseline 0.002 -16"><span class='ocrx_word' id='word_1_288' title='bbox 230 2084 321 2112; x_wconf 90' lang='lat' dir='ltr'><strong>eam</strong></span> <span class='ocrx_word' id='word_1_289' title='bbox 351 2072 568 2127; x_wconf 90' lang='lat' dir='ltr'><strong>adspicere</strong></span> <span class='ocrx_word' id='word_1_290' title='bbox 598 2086 722 2113; x_wconf 90' lang='lat' dir='ltr'><strong>nemo</strong></span> <span class='ocrx_word' id='word_1_291' title='bbox 753 2071 866 2113; x_wconf 87' lang='lat' dir='ltr'><strong>velit.</strong></span> <span class='ocrx_word' id='word_1_292' title='bbox 928 2074 1025 2112; x_wconf 89' lang='grc'><strong>296.</strong></span> <span class='ocrx_word' id='word_1_293' title='bbox 1061 2071 1294 2113; x_wconf 87' lang='lat' dir='ltr'><strong>Carbonem</strong></span> <span class='ocrx_word' id='word_1_294' title='bbox 1324 2072 1367 2111; x_wconf 92' lang='lat' dir='ltr'><strong>in</strong></span> <span class='ocrx_word' id='word_1_295' title='bbox 1399 2070 1570 2111; x_wconf 90' lang='lat' dir='ltr'><strong>summis</strong></span> <span class='ocrx_word' id='word_1_296' title='bbox 1601 2071 1845 2112; x_wconf 89' lang='lat' dir='ltr'><strong>oratoribus</strong></span> <span class='ocrx_word' id='word_1_297' title='bbox 1878 2073 2000 2114; x_wconf 88' lang='lat' dir='ltr'><strong>habi-</strong></span> 
     </span>
     <span class='ocr_line' id='line_1_30' title="bbox 169 2132 2000 2188; baseline 0.002 -15"><span class='ocrx_word' id='word_1_298' title='bbox 169 2133 172 2136; x_wconf 80' lang='grc'>’</span> <span class='ocrx_word' id='word_1_299' title='bbox 229 2138 318 2175; x_wconf 86' lang='lat' dir='ltr'><strong>tum</strong></span> <span class='ocrx_word' id='word_1_300' title='bbox 348 2134 457 2185; x_wconf 90' lang='lat' dir='ltr'><strong>scio;</strong></span> <span class='ocrx_word' id='word_1_301' title='bbox 498 2136 570 2176; x_wconf 90' lang='lat' dir='ltr'><strong>sed</strong></span> <span class='ocrx_word' id='word_1_302' title='bbox 601 2147 695 2175; x_wconf 90' lang='lat' dir='ltr'><strong>cum</strong></span> <span class='ocrx_word' id='word_1_303' title='bbox 725 2135 768 2175; x_wconf 91' lang='lat' dir='ltr'><strong>in</strong></span> <span class='ocrx_word' id='word_1_304' title='bbox 799 2133 949 2175; x_wconf 84' lang='lat' dir='ltr'><strong>ceteris</strong></span> <span class='ocrx_word' id='word_1_305' title='bbox 978 2135 1128 2182; x_wconf 89' lang='lat' dir='ltr'><strong>rebus,</strong></span> <span class='ocrx_word' id='word_1_306' title='bbox 1162 2139 1248 2175; x_wconf 87' lang='lat' dir='ltr'><strong>tum</strong></span> <span class='ocrx_word' id='word_1_307' title='bbox 1279 2133 1322 2174; x_wconf 93' lang='lat' dir='ltr'><strong>in</strong></span> <span class='ocrx_word' id='word_1_308' title='bbox 1352 2132 1527 2174; x_wconf 86' lang='lat' dir='ltr'><strong>dicendo</strong></span> <span class='ocrx_word' id='word_1_309' title='bbox 1560 2146 1747 2186; x_wconf 89' lang='lat' dir='ltr'><strong>semper,</strong></span> <span class='ocrx_word' id='word_1_310' title='bbox 1781 2147 1863 2188; x_wconf 89' lang='lat' dir='ltr'><strong>quo</strong></span> <span class='ocrx_word' id='word_1_311' title='bbox 1895 2135 2000 2176; x_wconf 92' lang='lat' dir='ltr'><strong>nihil</strong></span> 
     </span>
     <span class='ocr_line' id='line_1_31' title="bbox 179 2195 1998 2251; baseline 0.001 -14"><span class='ocrx_word' id='word_1_312' title='bbox 179 2208 214 2233; x_wconf 84' lang='lat'><strong>³0</strong></span> <span class='ocrx_word' id='word_1_313' title='bbox 231 2202 292 2237; x_wconf 90' lang='lat' dir='ltr'><strong>est</strong></span> <span class='ocrx_word' id='word_1_314' title='bbox 310 2196 483 2245; x_wconf 89' lang='lat' dir='ltr'><strong>melius,</strong></span> <span class='ocrx_word' id='word_1_315' title='bbox 516 2196 559 2238; x_wconf 94' lang='lat' dir='ltr'><strong>id</strong></span> <span class='ocrx_word' id='word_1_316' title='bbox 588 2196 770 2243; x_wconf 87' lang='lat' dir='ltr'><strong>laudari,</strong></span> <span class='ocrx_word' id='word_1_317' title='bbox 802 2195 1088 2251; x_wconf 89' lang='lat' dir='ltr'><strong>qualecunque</strong></span> <span class='ocrx_word' id='word_1_318' title='bbox 1120 2200 1201 2241; x_wconf 89' lang='lat' dir='ltr'><strong>est,</strong></span> <span class='ocrx_word' id='word_1_319' title='bbox 1234 2197 1354 2237; x_wconf 87' lang='lat' dir='ltr'><strong>solet.</strong></span> <span class='ocrx_word' id='word_1_320' title='bbox 1415 2196 1518 2237; x_wconf 90' lang='lat' dir='ltr'><strong>Dico</strong></span> <span class='ocrx_word' id='word_1_321' title='bbox 1550 2195 1661 2237; x_wconf 90' lang='lat' dir='ltr'><strong>idem</strong></span> <span class='ocrx_word' id='word_1_322' title='bbox 1693 2195 1744 2237; x_wconf 90' lang='lat' dir='ltr'><strong>de</strong></span> <span class='ocrx_word' id='word_1_323' title='bbox 1777 2197 1998 2246; x_wconf 87' lang='lat' dir='ltr'><strong>Gracchis,</strong></span> 
     </span>
     <span class='ocr_line' id='line_1_32' title="bbox 229 2258 1993 2312; baseline 0.002 -14"><span class='ocrx_word' id='word_1_324' title='bbox 229 2259 306 2299; x_wconf 86' lang='lat' dir='ltr'><strong>etsi</strong></span> <span class='ocrx_word' id='word_1_325' title='bbox 339 2260 390 2299; x_wconf 92' lang='lat' dir='ltr'><strong>de</strong></span> <span class='ocrx_word' id='word_1_326' title='bbox 421 2260 479 2300; x_wconf 88' lang='lat' dir='ltr'><strong>eis</strong></span> <span class='ocrx_word' id='word_1_327' title='bbox 511 2274 559 2301; x_wconf 87' lang='lat' dir='ltr'><strong>ea</strong></span> <span class='ocrx_word' id='word_1_328' title='bbox 589 2265 684 2301; x_wconf 90' lang='lat' dir='ltr'><strong>sunt</strong></span> <span class='ocrx_word' id='word_1_329' title='bbox 713 2273 736 2299; x_wconf 86' lang='lat' dir='ltr'><strong>a</strong></span> <span class='ocrx_word' id='word_1_330' title='bbox 766 2265 806 2299; x_wconf 87' lang='lat' dir='ltr'><strong>te</strong></span> <span class='ocrx_word' id='word_1_331' title='bbox 845 2258 975 2305; x_wconf 82' lang='lat' dir='ltr'><strong>dicta,</strong></span> <span class='ocrx_word' id='word_1_332' title='bbox 1019 2258 1171 2312; x_wconf 92' lang='lat' dir='ltr'><strong>quibus</strong></span> <span class='ocrx_word' id='word_1_333' title='bbox 1211 2272 1287 2312; x_wconf 86' lang='lat' dir='ltr'><strong>ego</strong></span> <span class='ocrx_word' id='word_1_334' title='bbox 1329 2258 1547 2299; x_wconf 82' lang='lat' dir='ltr'><strong>assentior.</strong></span> <span class='ocrx_word' id='word_1_335' title='bbox 1612 2258 1770 2300; x_wconf 86' lang='lat' dir='ltr'><strong>Omitto</strong></span> <span class='ocrx_word' id='word_1_336' title='bbox 1811 2265 1993 2302; x_wconf 89' lang='lat' dir='ltr'><strong>ceteros:</strong></span> 
     </span>
     <span class='ocr_line' id='line_1_33' title="bbox 229 2319 1999 2377; baseline 0.003 -17"><span class='ocrx_word' id='word_1_337' title='bbox 229 2321 353 2362; x_wconf 87' lang='lat' dir='ltr'><strong>venio</strong></span> <span class='ocrx_word' id='word_1_338' title='bbox 390 2323 443 2362; x_wconf 89' lang='lat' dir='ltr'><strong>ad</strong></span> <span class='ocrx_word' id='word_1_339' title='bbox 482 2335 576 2369; x_wconf 90' lang='lat' dir='ltr'><strong>eos,</strong></span> <span class='ocrx_word' id='word_1_340' title='bbox 625 2323 668 2362; x_wconf 92' lang='lat' dir='ltr'><strong>in</strong></span> <span class='ocrx_word' id='word_1_341' title='bbox 700 2321 851 2375; x_wconf 92' lang='lat' dir='ltr'><strong>quibus</strong></span> <span class='ocrx_word' id='word_1_342' title='bbox 881 2320 963 2361; x_wconf 89' lang='lat' dir='ltr'><strong>iam</strong></span> <span class='ocrx_word' id='word_1_343' title='bbox 994 2319 1221 2375; x_wconf 86' lang='lat' dir='ltr'><strong>perfectam</strong></span> <span class='ocrx_word' id='word_1_344' title='bbox 1252 2326 1373 2374; x_wconf 88' lang='lat' dir='ltr'><strong>putas</strong></span> <span class='ocrx_word' id='word_1_345' title='bbox 1405 2334 1495 2362; x_wconf 87' lang='lat' dir='ltr'><strong>esse</strong></span> <span class='ocrx_word' id='word_1_346' title='bbox 1536 2321 1842 2375; x_wconf 88' lang='lat' dir='ltr'><strong>eloquentiam,</strong></span> <span class='ocrx_word' id='word_1_347' title='bbox 1895 2337 1999 2377; x_wconf 90' lang='lat' dir='ltr'><strong>quos</strong></span> 
     </span>
     <span class='ocr_line' id='line_1_34' title="bbox 231 2382 1997 2437; baseline 0.002 -14"><span class='ocrx_word' id='word_1_348' title='bbox 231 2395 309 2437; x_wconf 88' lang='lat' dir='ltr'><strong>ego</strong></span> <span class='ocrx_word' id='word_1_349' title='bbox 353 2382 493 2424; x_wconf 86' lang='lat' dir='ltr'><strong>audivi</strong></span> <span class='ocrx_word' id='word_1_350' title='bbox 534 2383 623 2424; x_wconf 88' lang='lat' dir='ltr'><strong>sine</strong></span> <span class='ocrx_word' id='word_1_351' title='bbox 662 2383 950 2424; x_wconf 87' lang='lat' dir='ltr'><strong>controversia</strong></span> <span class='ocrx_word' id='word_1_352' title='bbox 987 2396 1161 2436; x_wconf 87' lang='lat' dir='ltr'><strong>magnos</strong></span> <span class='ocrx_word' id='word_1_353' title='bbox 1200 2389 1414 2432; x_wconf 86' lang='lat' dir='ltr'><strong>oratores,</strong></span> <span class='ocrx_word' id='word_1_354' title='bbox 1461 2386 1653 2425; x_wconf 88' lang='lat' dir='ltr'><strong>Crassum</strong></span> <span class='ocrx_word' id='word_1_355' title='bbox 1686 2389 1727 2425; x_wconf 88' lang='lat' dir='ltr'><strong>et</strong></span> <span class='ocrx_word' id='word_1_356' title='bbox 1757 2386 1997 2428; x_wconf 87' lang='lat' dir='ltr'><strong>Antonium.</strong></span> 
     </span>
     <span class='ocr_line' id='line_1_35' title="bbox 230 2445 2001 2500; baseline 0.002 -14"><span class='ocrx_word' id='word_1_357' title='bbox 230 2448 292 2487; x_wconf 88' lang='lat' dir='ltr'><strong>De</strong></span> <span class='ocrx_word' id='word_1_358' title='bbox 322 2447 475 2488; x_wconf 91' lang='lat' dir='ltr'><strong>horum</strong></span> <span class='ocrx_word' id='word_1_359' title='bbox 504 2446 696 2486; x_wconf 91' lang='lat' dir='ltr'><strong>laudibus</strong></span> <span class='ocrx_word' id='word_1_360' title='bbox 728 2446 802 2486; x_wconf 89' lang='lat' dir='ltr'><strong>tibi</strong></span> <span class='ocrx_word' id='word_1_361' title='bbox 833 2459 1005 2500; x_wconf 87' lang='lat' dir='ltr'><strong>prorsus</strong></span> <span class='ocrx_word' id='word_1_362' title='bbox 1036 2445 1263 2495; x_wconf 87' lang='lat' dir='ltr'><strong>assenti0r;</strong></span> <span class='ocrx_word' id='word_1_363' title='bbox 1297 2448 1371 2488; x_wconf 88' lang='lat' dir='ltr'><strong>sed</strong></span> <span class='ocrx_word' id='word_1_364' title='bbox 1400 2453 1537 2488; x_wconf 90' lang='lat' dir='ltr'><strong>tamen</strong></span> <span class='ocrx_word' id='word_1_365' title='bbox 1567 2460 1651 2488; x_wconf 92' lang='lat' dir='ltr'><strong>non</strong></span> <span class='ocrx_word' id='word_1_366' title='bbox 1674 2448 1754 2489; x_wconf 90' lang='lat' dir='ltr'><strong>isto</strong></span> <span class='ocrx_word' id='word_1_367' title='bbox 1775 2447 1922 2495; x_wconf 88' lang='lat' dir='ltr'><strong>modo,</strong></span> <span class='ocrx_word' id='word_1_368' title='bbox 1953 2455 2001 2489; x_wconf 90' lang='lat' dir='ltr'><strong>ut</strong></span> 
     </span>
     <span class='ocr_line' id='line_1_36' title="bbox 179 2507 2000 2565; baseline 0.001 -16"><span class='ocrx_word' id='word_1_369' title='bbox 179 2520 215 2546; x_wconf 75' lang='lat'><strong>³⁵</strong></span> <span class='ocrx_word' id='word_1_370' title='bbox 230 2508 420 2564; x_wconf 83' lang='lat' dir='ltr'><strong>Polycliti</strong></span> <span class='ocrx_word' id='word_1_371' title='bbox 449 2511 743 2565; x_wconf 74' lang='lat' dir='ltr'><strong>Doryphorum</strong></span> <span class='ocrx_word' id='word_1_372' title='bbox 774 2507 855 2549; x_wconf 83' lang='lat' dir='ltr'><strong>sibi</strong></span> <span class='ocrx_word' id='word_1_373' title='bbox 884 2510 1090 2564; x_wconf 64' lang='lat' dir='ltr'><strong>Lysippus</strong></span> <span class='ocrx_word' id='word_1_374' title='bbox 1132 2510 1290 2556; x_wconf 89' lang='lat' dir='ltr'><strong>aiebat,</strong></span> <span class='ocrx_word' id='word_1_375' title='bbox 1338 2510 1396 2549; x_wconf 91' lang='lat' dir='ltr'><strong>sic</strong></span> <span class='ocrx_word' id='word_1_376' title='bbox 1424 2514 1470 2549; x_wconf 89' lang='lat' dir='ltr'><strong>tu</strong></span> <span class='ocrx_word' id='word_1_377' title='bbox 1501 2508 1740 2550; x_wconf 88' lang='lat' dir='ltr'><strong>suasionem</strong></span> <span class='ocrx_word' id='word_1_378' title='bbox 1769 2509 1872 2563; x_wconf 87' lang='lat' dir='ltr'><strong>legis</strong></span> <span class='ocrx_word' id='word_1_379' title='bbox 1904 2512 2000 2551; x_wconf 89' lang='lat' dir='ltr'><strong>Ser-</strong></span> 
     </span>
     <span class='ocr_line' id='line_1_37' title="bbox 229 2570 1996 2625; baseline -0.001 -12"><span class='ocrx_word' id='word_1_380' title='bbox 229 2571 351 2613; x_wconf 83' lang='lat' dir='ltr'><strong>viliae</strong></span> <span class='ocrx_word' id='word_1_381' title='bbox 382 2571 458 2613; x_wconf 88' lang='lat' dir='ltr'><strong>tibi</strong></span> <span class='ocrx_word' id='word_1_382' title='bbox 487 2573 724 2625; x_wconf 88' lang='lat' dir='ltr'><strong>magistram</strong></span> <span class='ocrx_word' id='word_1_383' title='bbox 756 2570 897 2612; x_wconf 86' lang='lat' dir='ltr'><strong>fuisse.</strong></span> <span class='ocrx_word' id='word_1_384' title='bbox 959 2573 1075 2612; x_wconf 87' lang='lat' dir='ltr'><strong>Haec</strong></span> <span class='ocrx_word' id='word_1_385' title='bbox 1107 2584 1302 2625; x_wconf 88' lang='lat' dir='ltr'><strong>germana</strong></span> <span class='ocrx_word' id='word_1_386' title='bbox 1332 2570 1466 2612; x_wconf 89' lang='lat' dir='ltr'><strong>ironia</strong></span> <span class='ocrx_word' id='word_1_387' title='bbox 1487 2576 1563 2612; x_wconf 89' lang='lat' dir='ltr'><strong>est.</strong></span> <span class='ocrx_word' id='word_1_388' title='bbox 1626 2572 1708 2612; x_wconf 91' lang='lat' dir='ltr'><strong>Cur</strong></span> <span class='ocrx_word' id='word_1_389' title='bbox 1728 2573 1783 2612; x_wconf 91' lang='lat' dir='ltr'><strong>ita</strong></span> <span class='ocrx_word' id='word_1_390' title='bbox 1804 2571 1996 2621; x_wconf 85' lang='lat' dir='ltr'><strong>sentiam,</strong></span> 
     </span>
     <span class='ocr_line' id='line_1_38' title="bbox 229 2633 2000 2688; baseline 0 -13"><span class='ocrx_word' id='word_1_391' title='bbox 229 2647 315 2676; x_wconf 90' lang='lat' dir='ltr'><strong>non</strong></span> <span class='ocrx_word' id='word_1_392' title='bbox 345 2633 499 2682; x_wconf 90' lang='lat' dir='ltr'><strong>dicam,</strong></span> <span class='ocrx_word' id='word_1_393' title='bbox 530 2647 582 2674; x_wconf 88' lang='lat' dir='ltr'><strong>ne</strong></span> <span class='ocrx_word' id='word_1_394' title='bbox 614 2648 680 2674; x_wconf 92' lang='lat' dir='ltr'><strong>me</strong></span> <span class='ocrx_word' id='word_1_395' title='bbox 710 2634 784 2674; x_wconf 87' lang='lat' dir='ltr'><strong>tihi</strong></span> <span class='ocrx_word' id='word_1_396' title='bbox 814 2633 1015 2675; x_wconf 80' lang='lat' dir='ltr'><strong>assentari</strong></span> <span class='ocrx_word' id='word_1_397' title='bbox 1045 2639 1179 2688; x_wconf 90' lang='lat' dir='ltr'><strong>putes.</strong></span> <span class='ocrx_word' id='word_1_398' title='bbox 1240 2635 1335 2673; x_wconf 87' lang='grc'><strong>297.</strong></span> <span class='ocrx_word' id='word_1_399' title='bbox 1368 2634 1523 2675; x_wconf 83' lang='lat' dir='ltr'><strong>Omitto</strong></span> <span class='ocrx_word' id='word_1_400' title='bbox 1554 2634 1702 2686; x_wconf 87' lang='lat' dir='ltr'><strong>igitur,</strong></span> <span class='ocrx_word' id='word_1_401' title='bbox 1736 2646 1841 2686; x_wconf 88' lang='lat' dir='ltr'><strong>quae</strong></span> <span class='ocrx_word' id='word_1_402' title='bbox 1863 2634 1914 2674; x_wconf 88' lang='lat' dir='ltr'><strong>de</strong></span> <span class='ocrx_word' id='word_1_403' title='bbox 1935 2633 2000 2675; x_wconf 92' lang='lat' dir='ltr'><strong>his</strong></span> 
     </span>
     <span class='ocr_line' id='line_1_39' title="bbox 229 2694 1997 2752; baseline 0 -15"><span class='ocrx_word' id='word_1_404' title='bbox 229 2695 351 2751; x_wconf 89' lang='lat' dir='ltr'><strong>ipsis,</strong></span> <span class='ocrx_word' id='word_1_405' title='bbox 394 2709 499 2752; x_wconf 90' lang='lat' dir='ltr'><strong>quae</strong></span> <span class='ocrx_word' id='word_1_406' title='bbox 531 2694 582 2736; x_wconf 91' lang='lat' dir='ltr'><strong>de</strong></span> <span class='ocrx_word' id='word_1_407' title='bbox 615 2697 755 2743; x_wconf 85' lang='lat' dir='ltr'><strong>Cotta,</strong></span> <span class='ocrx_word' id='word_1_408' title='bbox 797 2710 902 2751; x_wconf 88' lang='lat' dir='ltr'><strong>quae</strong></span> <span class='ocrx_word' id='word_1_409' title='bbox 933 2697 984 2737; x_wconf 92' lang='lat' dir='ltr'><strong>de</strong></span> <span class='ocrx_word' id='word_1_410' title='bbox 1018 2695 1223 2751; x_wconf 88' lang='lat' dir='ltr'><strong>Sulpicio,</strong></span> <span class='ocrx_word' id='word_1_411' title='bbox 1271 2709 1377 2751; x_wconf 90' lang='lat' dir='ltr'><strong>quae</strong></span> <span class='ocrx_word' id='word_1_412' title='bbox 1408 2697 1534 2736; x_wconf 90' lang='lat' dir='ltr'><strong>modo</strong></span> <span class='ocrx_word' id='word_1_413' title='bbox 1567 2695 1618 2736; x_wconf 91' lang='lat' dir='ltr'><strong>de</strong></span> <span class='ocrx_word' id='word_1_414' title='bbox 1651 2695 1790 2736; x_wconf 87' lang='lat' dir='ltr'><strong>Caelio</strong></span> <span class='ocrx_word' id='word_1_415' title='bbox 1823 2695 1997 2737; x_wconf 81' lang='lat' dir='ltr'><strong>dixeris.</strong></span> 
     </span>
     <span class='ocr_line' id='line_1_40' title="bbox 231 2757 1995 2813; baseline 0 -14"><span class='ocrx_word' id='word_1_416' title='bbox 231 2758 285 2799; x_wconf 89' lang='lat' dir='ltr'><strong>Hi</strong></span> <span class='ocrx_word' id='word_1_417' title='bbox 327 2759 438 2800; x_wconf 89' lang='lat' dir='ltr'><strong>enim</strong></span> <span class='ocrx_word' id='word_1_418' title='bbox 477 2757 648 2800; x_wconf 87' lang='lat' dir='ltr'><strong>suerunt</strong></span> <span class='ocrx_word' id='word_1_419' title='bbox 692 2764 803 2799; x_wconf 87' lang='lat' dir='ltr'><strong>certe</strong></span> <span class='ocrx_word' id='word_1_420' title='bbox 844 2764 1056 2808; x_wconf 84' lang='lat' dir='ltr'><strong>oratores;</strong></span> <span class='ocrx_word' id='word_1_421' title='bbox 1102 2758 1243 2813; x_wconf 89' lang='lat' dir='ltr'><strong>quanti</strong></span> <span class='ocrx_word' id='word_1_422' title='bbox 1284 2764 1421 2798; x_wconf 81' lang='lat' dir='ltr'><strong>autem</strong></span> <span class='ocrx_word' id='word_1_423' title='bbox 1460 2763 1502 2798; x_wconf 91' lang='lat' dir='ltr'><strong>et</strong></span> <span class='ocrx_word' id='word_1_424' title='bbox 1530 2757 1692 2811; x_wconf 90' lang='lat' dir='ltr'><strong>quales,</strong></span> <span class='ocrx_word' id='word_1_425' title='bbox 1740 2764 1784 2798; x_wconf 83' lang='lat' dir='ltr'><strong>tu</strong></span> <span class='ocrx_word' id='word_1_426' title='bbox 1823 2759 1995 2799; x_wconf 84' lang='lat' dir='ltr'><strong>videris.</strong></span> 
     </span>
     <span class='ocr_line' id='line_1_41' title="bbox 181 2819 1999 2875; baseline 0.001 -15"><span class='ocrx_word' id='word_1_427' title='bbox 181 2823 331 2861; x_wconf 66' lang='lat' dir='ltr'><strong>aoNam</strong></span> <span class='ocrx_word' id='word_1_428' title='bbox 375 2820 478 2862; x_wconf 94' lang='lat' dir='ltr'><strong>illud</strong></span> <span class='ocrx_word' id='word_1_429' title='bbox 524 2820 659 2862; x_wconf 88' lang='lat' dir='ltr'><strong>minus</strong></span> <span class='ocrx_word' id='word_1_430' title='bbox 704 2834 830 2870; x_wconf 86' lang='lat' dir='ltr'><strong>curo,</strong></span> <span class='ocrx_word' id='word_1_431' title='bbox 881 2823 993 2875; x_wconf 90' lang='lat' dir='ltr'><strong>quod</strong></span> <span class='ocrx_word' id='word_1_432' title='bbox 1036 2819 1282 2874; x_wconf 86' lang='lat' dir='ltr'><strong>congessisti</strong></span> <span class='ocrx_word' id='word_1_433' title='bbox 1326 2819 1540 2875; x_wconf 88' lang='lat' dir='ltr'><strong>operarios</strong></span> <span class='ocrx_word' id='word_1_434' title='bbox 1587 2833 1753 2870; x_wconf 90' lang='lat' dir='ltr'><strong>omnes;</strong></span> <span class='ocrx_word' id='word_1_435' title='bbox 1805 2826 1851 2862; x_wconf 90' lang='lat' dir='ltr'><strong>ut</strong></span> <span class='ocrx_word' id='word_1_436' title='bbox 1896 2822 1999 2862; x_wconf 90' lang='lat' dir='ltr'><strong>mihi</strong></span> 
     </span>
    </p>
   </div>
   <div class='ocr_carea' id='block_1_3' title="bbox 235 2939 1999 3074">
    <p class='ocr_par' dir='ltr' id='par_1_3' title="bbox 235 2939 1999 3074">
     <span class='ocr_line' id='line_1_42' title="bbox 325 2939 1999 2980; baseline 0 -8"><span class='ocrx_word' id='word_1_437' title='bbox 325 2941 359 2972; x_wconf 88' lang='lat'><strong>3.</strong></span> <span class='ocrx_word' id='word_1_438' title='bbox 389 2940 562 2980; x_wconf 82' lang='lat' dir='ltr'><strong>Quorsum</strong></span> <span class='ocrx_word' id='word_1_439' title='bbox 598 2941 640 2972; x_wconf 93' lang='lat' dir='ltr'><strong>D.</strong></span> <span class='ocrx_word' id='word_1_440' title='bbox 669 2940 737 2972; x_wconf 94' lang='lat' dir='ltr'><strong>Gu.</strong></span> <span class='ocrx_word' id='word_1_441' title='bbox 767 2942 799 2973; x_wconf 89' lang='lat'><strong>1.</strong></span> <span class='ocrx_word' id='word_1_442' title='bbox 826 2941 860 2972; x_wconf 90' lang='grc'><strong>2.</strong></span> <span class='ocrx_word' id='word_1_443' title='bbox 905 2957 945 2963; x_wconf 95' lang='lat'><strong>—-</strong></span> <span class='ocrx_word' id='word_1_444' title='bbox 988 2942 1044 2972; x_wconf 86' lang='lat'><strong>11.</strong></span> <span class='ocrx_word' id='word_1_445' title='bbox 1082 2942 1268 2972; x_wconf 80' lang='lat' dir='ltr'><strong>diceremus</strong></span> <span class='ocrx_word' id='word_1_446' title='bbox 1303 2939 1379 2971; x_wconf 86' lang='lat' dir='ltr'><strong>libri</strong></span> <span class='ocrx_word' id='word_1_447' title='bbox 1415 2944 1449 2972; x_wconf 86' lang='lat' dir='ltr'><strong>et</strong></span> <span class='ocrx_word' id='word_1_448' title='bbox 1477 2941 1529 2972; x_wconf 88' lang='lat' dir='ltr'><strong>R:</strong></span> <span class='ocrx_word' id='word_1_449' title='bbox 1575 2940 1730 2972; x_wconf 78' lang='lat' dir='ltr'><strong>dicamus</strong></span> <span class='ocrx_word' id='word_1_450' title='bbox 1756 2941 1782 2972; x_wconf 91' lang='lat' dir='ltr'>E</span> <span class='ocrx_word' id='word_1_451' title='bbox 1810 2942 1901 2972; x_wconf 85' lang='lat' dir='ltr'><strong>coni.</strong></span> <span class='ocrx_word' id='word_1_452' title='bbox 1954 2950 1999 2964; x_wconf 65' lang='lat'><strong>⁴—-</strong></span> 
     </span>
     <span class='ocr_line' id='line_1_43' title="bbox 235 2985 1995 3028; baseline 0.001 -10"><span class='ocrx_word' id='word_1_453' title='bbox 235 2987 290 3018; x_wconf 66' lang='lat'><strong>14.</strong></span> <span class='ocrx_word' id='word_1_454' title='bbox 329 2987 479 3027; x_wconf 81' lang='lat' dir='ltr'><strong>sormam</strong></span> <span class='ocrx_word' id='word_1_455' title='bbox 505 2989 683 3028; x_wconf 82' lang='lat' dir='ltr'><strong>quandam</strong></span> <span class='ocrx_word' id='word_1_456' title='bbox 708 2988 769 3028; x_wconf 87' lang='lat' dir='ltr'><strong>Lg.</strong></span> <span class='ocrx_word' id='word_1_457' title='bbox 796 2997 937 3024; x_wconf 85' lang='lat' dir='ltr'><strong>omnes,</strong></span> <span class='ocrx_word' id='word_1_458' title='bbox 979 2988 1066 3020; x_wconf 85' lang='lat' dir='ltr'><strong>Ven.</strong></span> <span class='ocrx_word' id='word_1_459' title='bbox 1096 2989 1129 3019; x_wconf 86' lang='lat'><strong>1.</strong></span> <span class='ocrx_word' id='word_1_460' title='bbox 1158 2988 1212 3019; x_wconf 89' lang='lat' dir='ltr'><strong>R:</strong></span> <span class='ocrx_word' id='word_1_461' title='bbox 1257 2987 1435 3027; x_wconf 82' lang='lat' dir='ltr'><strong>quandam</strong></span> <span class='ocrx_word' id='word_1_462' title='bbox 1460 2985 1610 3025; x_wconf 83' lang='lat' dir='ltr'><strong>formam</strong></span> <span class='ocrx_word' id='word_1_463' title='bbox 1637 2987 1757 3025; x_wconf 83' lang='lat' dir='ltr'><strong>Steph.</strong></span> <span class='ocrx_word' id='word_1_464' title='bbox 1793 2987 1842 3025; x_wconf 90' lang='lat' dir='ltr'><strong>L,</strong></span> <span class='ocrx_word' id='word_1_465' title='bbox 1886 2987 1925 3019; x_wconf 89' lang='lat' dir='ltr'><strong>E.</strong></span> <span class='ocrx_word' id='word_1_466' title='bbox 1956 3003 1995 3010; x_wconf 90' lang='lat'>—</span> 
     </span>
     <span class='ocr_line' id='line_1_44' title="bbox 235 3029 1999 3074; baseline 0 -10"><span class='ocrx_word' id='word_1_467' title='bbox 235 3034 291 3064; x_wconf 82' lang='lat'><strong>15.</strong></span> <span class='ocrx_word' id='word_1_468' title='bbox 320 3036 488 3066; x_wconf 78' lang='lat' dir='ltr'><strong>oratoriis</strong></span> <span class='ocrx_word' id='word_1_469' title='bbox 513 3040 656 3067; x_wconf 84' lang='lat' dir='ltr'><strong>auctore</strong></span> <span class='ocrx_word' id='word_1_470' title='bbox 682 3034 842 3066; x_wconf 82' lang='lat' dir='ltr'><strong>Manutio</strong></span> <span class='ocrx_word' id='word_1_471' title='bbox 860 3035 1009 3066; x_wconf 86' lang='lat' dir='ltr'><strong>Lamb.:</strong></span> <span class='ocrx_word' id='word_1_472' title='bbox 1039 3036 1193 3066; x_wconf 72' lang='lat' dir='ltr'><strong>oratoris</strong></span> <span class='ocrx_word' id='word_1_473' title='bbox 1219 3043 1297 3066; x_wconf 87' lang='lat' dir='ltr'><strong>cum</strong></span> <span class='ocrx_word' id='word_1_474' title='bbox 1327 3034 1420 3065; x_wconf 87' lang='lat' dir='ltr'><strong>libris</strong></span> <span class='ocrx_word' id='word_1_475' title='bbox 1440 3033 1510 3065; x_wconf 87' lang='lat' dir='ltr'><strong>RE.</strong></span> <span class='ocrx_word' id='word_1_476' title='bbox 1535 3051 1572 3058; x_wconf 86' lang='lat'><strong>-—</strong></span> <span class='ocrx_word' id='word_1_477' title='bbox 1602 3033 1659 3066; x_wconf 83' lang='lat'><strong>18.</strong></span> <span class='ocrx_word' id='word_1_478' title='bbox 1687 3034 1737 3064; x_wconf 77' lang='lat' dir='ltr'><strong>his</strong></span> <span class='ocrx_word' id='word_1_479' title='bbox 1761 3033 1824 3074; x_wconf 86' lang='lat' dir='ltr'><strong>Lg.</strong></span> <span class='ocrx_word' id='word_1_480' title='bbox 1845 3029 1999 3072; x_wconf 80' lang='lat' dir='ltr'><strong>(praeter</strong></span> 
     </span>
    </p>
   </div>
   <div class='ocr_carea' id='block_1_4' title="bbox 235 3078 1996 3169">
    <p class='ocr_par' dir='ltr' id='par_1_4' title="bbox 235 3078 1996 3169">
     <span class='ocr_line' id='line_1_45' title="bbox 235 3078 1995 3120; baseline 0.001 -11"><span class='ocrx_word' id='word_1_481' title='bbox 235 3080 293 3110; x_wconf 73' lang='lat'><strong>20.</strong></span> <span class='ocrx_word' id='word_1_482' title='bbox 322 3080 395 3120; x_wconf 89' lang='grc'><strong>35.)</strong></span> <span class='ocrx_word' id='word_1_483' title='bbox 415 3105 422 3119; x_wconf 87' lang='grc'>,</span> <span class='ocrx_word' id='word_1_484' title='bbox 450 3082 539 3114; x_wconf 86' lang='lat' dir='ltr'><strong>Ven.</strong></span> <span class='ocrx_word' id='word_1_485' title='bbox 569 3083 604 3113; x_wconf 83' lang='lat'><strong>1.</strong></span> <span class='ocrx_word' id='word_1_486' title='bbox 632 3081 753 3113; x_wconf 77' lang='lat' dir='ltr'><strong>ottob.</strong></span> <span class='ocrx_word' id='word_1_487' title='bbox 783 3082 838 3112; x_wconf 89' lang='lat' dir='ltr'><strong>R:</strong></span> <span class='ocrx_word' id='word_1_488' title='bbox 866 3083 909 3112; x_wconf 80' lang='lat' dir='ltr'><strong>iis</strong></span> <span class='ocrx_word' id='word_1_489' title='bbox 936 3090 1012 3113; x_wconf 88' lang='lat' dir='ltr'><strong>curn</strong></span> <span class='ocrx_word' id='word_1_490' title='bbox 1038 3082 1113 3113; x_wconf 89' lang='lat' dir='ltr'><strong>aliis</strong></span> <span class='ocrx_word' id='word_1_491' title='bbox 1132 3082 1172 3112; x_wconf 85' lang='lat' dir='ltr'><strong>E.</strong></span> <span class='ocrx_word' id='word_1_492' title='bbox 1198 3097 1231 3102; x_wconf 95' lang='lat'>—</span> <span class='ocrx_word' id='word_1_493' title='bbox 1262 3080 1319 3111; x_wconf 63' lang='lat'><strong>24.</strong></span> <span class='ocrx_word' id='word_1_494' title='bbox 1346 3080 1437 3111; x_wconf 76' lang='lat' dir='ltr'><strong>idem</strong></span> <span class='ocrx_word' id='word_1_495' title='bbox 1462 3080 1505 3111; x_wconf 93' lang='lat' dir='ltr'><strong>D.</strong></span> <span class='ocrx_word' id='word_1_496' title='bbox 1535 3081 1602 3113; x_wconf 90' lang='lat' dir='ltr'><strong>Gu.</strong></span> <span class='ocrx_word' id='word_1_497' title='bbox 1631 3082 1662 3111; x_wconf 87' lang='lat'><strong>1.</strong></span> <span class='ocrx_word' id='word_1_498' title='bbox 1690 3080 1734 3111; x_wconf 85' lang='lat' dir='ltr'><strong>R.</strong></span> <span class='ocrx_word' id='word_1_499' title='bbox 1761 3096 1805 3102; x_wconf 93' lang='lat'>—</span> <span class='ocrx_word' id='word_1_500' title='bbox 1831 3080 1888 3111; x_wconf 84' lang='grc'><strong>29.</strong></span> <span class='ocrx_word' id='word_1_501' title='bbox 1915 3078 1995 3120; x_wconf 81' lang='lat' dir='ltr'><strong>quo]</strong></span> 
     </span>
     <span class='ocr_line' id='line_1_46' title="bbox 236 3127 1996 3169; baseline -0.001 -12"><span class='ocrx_word' id='word_1_502' title='bbox 236 3129 401 3165; x_wconf 76' lang='lat' dir='ltr'><strong>quoniam</strong></span> <span class='ocrx_word' id='word_1_503' title='bbox 427 3128 470 3159; x_wconf 88' lang='lat' dir='ltr'><strong>D.</strong></span> <span class='ocrx_word' id='word_1_504' title='bbox 498 3128 559 3169; x_wconf 88' lang='lat' dir='ltr'><strong>Lg.</strong></span> <span class='ocrx_word' id='word_1_505' title='bbox 587 3129 734 3166; x_wconf 89' lang='lat' dir='ltr'><strong>decem,</strong></span> <span class='ocrx_word' id='word_1_506' title='bbox 773 3127 841 3160; x_wconf 91' lang='lat' dir='ltr'><strong>Gu.</strong></span> <span class='ocrx_word' id='word_1_507' title='bbox 871 3130 903 3159; x_wconf 91' lang='lat'><strong>1.</strong></span> <span class='ocrx_word' id='word_1_508' title='bbox 928 3129 962 3159; x_wconf 79' lang='grc'><strong>2.</strong></span> <span class='ocrx_word' id='word_1_509' title='bbox 1001 3128 1124 3160; x_wconf 84' lang='lat' dir='ltr'><strong>Dresd.</strong></span> <span class='ocrx_word' id='word_1_510' title='bbox 1151 3128 1278 3164; x_wconf 81' lang='lat' dir='ltr'><strong>Peter,</strong></span> <span class='ocrx_word' id='word_1_511' title='bbox 1318 3135 1392 3157; x_wconf 80' lang='lat' dir='ltr'><strong>cum</strong></span> <span class='ocrx_word' id='word_1_512' title='bbox 1419 3128 1460 3159; x_wconf 92' lang='lat' dir='ltr'><strong>R.</strong></span> <span class='ocrx_word' id='word_1_513' title='bbox 1513 3127 1746 3159; x_wconf 80' lang='lat' dir='ltr'><strong>Emendatum</strong></span> <span class='ocrx_word' id='word_1_514' title='bbox 1785 3127 1923 3159; x_wconf 84' lang='lat' dir='ltr'><strong>videtur</strong></span> <span class='ocrx_word' id='word_1_515' title='bbox 1961 3127 1996 3156; x_wconf 90' lang='lat' dir='ltr'><strong>in</strong></span> 
     </span>
    </p>
   </div>
   <div class='ocr_carea' id='block_1_5' title="bbox 236 3172 1998 3310">
    <p class='ocr_par' dir='ltr' id='par_1_5' title="bbox 236 3172 1998 3310">
     <span class='ocr_line' id='line_1_47' title="bbox 236 3172 1995 3214; baseline -0.001 -10"><span class='ocrx_word' id='word_1_516' title='bbox 236 3172 298 3213; x_wconf 83' lang='lat' dir='ltr'><strong>Lg.</strong></span> <span class='ocrx_word' id='word_1_517' title='bbox 327 3174 500 3214; x_wconf 85' lang='lat' dir='ltr'><strong>plerisque</strong></span> <span class='ocrx_word' id='word_1_518' title='bbox 528 3180 563 3208; x_wconf 85' lang='lat' dir='ltr'><strong>et</strong></span> <span class='ocrx_word' id='word_1_519' title='bbox 580 3176 669 3207; x_wconf 86' lang='lat' dir='ltr'><strong>Ven.</strong></span> <span class='ocrx_word' id='word_1_520' title='bbox 690 3177 723 3207; x_wconf 89' lang='lat'><strong>1.</strong></span> <span class='ocrx_word' id='word_1_521' title='bbox 742 3199 751 3211; x_wconf 90' lang='lat'><strong>,</strong></span> <span class='ocrx_word' id='word_1_522' title='bbox 779 3180 819 3206; x_wconf 85' lang='lat' dir='ltr'><strong>ut</strong></span> <span class='ocrx_word' id='word_1_523' title='bbox 844 3175 972 3206; x_wconf 77' lang='lat' dir='ltr'><strong>sactum</strong></span> <span class='ocrx_word' id='word_1_524' title='bbox 999 3180 1050 3207; x_wconf 81' lang='lat' dir='ltr'><strong>est</strong></span> <span class='ocrx_word' id='word_1_525' title='bbox 1076 3176 1110 3206; x_wconf 91' lang='lat' dir='ltr'><strong>in</strong></span> <span class='ocrx_word' id='word_1_526' title='bbox 1130 3175 1208 3205; x_wconf 74' lang='lat' dir='ltr'><strong>Asc.</strong></span> <span class='ocrx_word' id='word_1_527' title='bbox 1229 3182 1300 3205; x_wconf 85' lang='lat' dir='ltr'><strong>sec.</strong></span> <span class='ocrx_word' id='word_1_528' title='bbox 1320 3190 1364 3194; x_wconf 89' lang='lat'>—</span> <span class='ocrx_word' id='word_1_529' title='bbox 1390 3174 1446 3205; x_wconf 88' lang='grc'><strong>31.</strong></span> <span class='ocrx_word' id='word_1_530' title='bbox 1476 3175 1522 3206; x_wconf 78' lang='lat' dir='ltr'><strong>eis</strong></span> <span class='ocrx_word' id='word_1_531' title='bbox 1550 3175 1647 3211; x_wconf 82' lang='lat' dir='ltr'><strong>libri,</strong></span> <span class='ocrx_word' id='word_1_532' title='bbox 1664 3174 1719 3206; x_wconf 88' lang='lat' dir='ltr'><strong>R:</strong></span> <span class='ocrx_word' id='word_1_533' title='bbox 1745 3174 1788 3204; x_wconf 81' lang='lat' dir='ltr'><strong>iis</strong></span> <span class='ocrx_word' id='word_1_534' title='bbox 1807 3174 1848 3204; x_wconf 86' lang='lat' dir='ltr'><strong>E.</strong></span> <span class='ocrx_word' id='word_1_535' title='bbox 1871 3190 1907 3195; x_wconf 91' lang='lat'>—</span> <span class='ocrx_word' id='word_1_536' title='bbox 1936 3173 1995 3204; x_wconf 76' lang='lat'><strong>32.</strong></span> 
     </span>
     <span class='ocr_line' id='line_1_48' title="bbox 236 3219 1998 3261; baseline 0 -12"><span class='ocrx_word' id='word_1_537' title='bbox 236 3220 331 3249; x_wconf 77' lang='lat' dir='ltr'><strong>venis</strong></span> <span class='ocrx_word' id='word_1_538' title='bbox 357 3220 435 3251; x_wconf 86' lang='lat' dir='ltr'><strong>libri</strong></span> <span class='ocrx_word' id='word_1_539' title='bbox 463 3227 601 3259; x_wconf 81' lang='lat' dir='ltr'><strong>praeter</strong></span> <span class='ocrx_word' id='word_1_540' title='bbox 619 3222 738 3254; x_wconf 80' lang='lat' dir='ltr'><strong>Ottob.</strong></span> <span class='ocrx_word' id='word_1_541' title='bbox 753 3245 761 3257; x_wconf 83' lang='grc'>,</span> <span class='ocrx_word' id='word_1_542' title='bbox 782 3222 825 3253; x_wconf 87' lang='lat' dir='ltr'><strong>R.</strong></span> <span class='ocrx_word' id='word_1_543' title='bbox 856 3222 1088 3254; x_wconf 85' lang='lat' dir='ltr'><strong>Emendatum</strong></span> <span class='ocrx_word' id='word_1_544' title='bbox 1109 3224 1160 3252; x_wconf 82' lang='lat' dir='ltr'><strong>est</strong></span> <span class='ocrx_word' id='word_1_545' title='bbox 1178 3222 1260 3252; x_wconf 84' lang='lat' dir='ltr'><strong>item</strong></span> <span class='ocrx_word' id='word_1_546' title='bbox 1280 3222 1315 3251; x_wconf 90' lang='lat' dir='ltr'><strong>in</strong></span> <span class='ocrx_word' id='word_1_547' title='bbox 1334 3220 1551 3261; x_wconf 84' lang='lat' dir='ltr'><strong>Hervagiana</strong></span> <span class='ocrx_word' id='word_1_548' title='bbox 1572 3226 1605 3253; x_wconf 86' lang='lat' dir='ltr'><strong>et</strong></span> <span class='ocrx_word' id='word_1_549' title='bbox 1625 3229 1726 3260; x_wconf 87' lang='lat' dir='ltr'><strong>seqq.</strong></span> <span class='ocrx_word' id='word_1_550' title='bbox 1753 3237 1786 3244; x_wconf 83' lang='lat'>—</span> <span class='ocrx_word' id='word_1_551' title='bbox 1812 3219 1867 3250; x_wconf 91' lang='lat'><strong>35.</strong></span> <span class='ocrx_word' id='word_1_552' title='bbox 1896 3219 1998 3257; x_wconf 71' lang='lat' dir='ltr'><strong>Poly-</strong></span> 
     </span>
     <span class='ocr_line' id='line_1_49' title="bbox 238 3263 1996 3310; baseline -0.001 -13"><span class='ocrx_word' id='word_1_553' title='bbox 238 3266 311 3297; x_wconf 78' lang='lat' dir='ltr'><strong>cliti</strong></span> <span class='ocrx_word' id='word_1_554' title='bbox 337 3265 446 3297; x_wconf 88' lang='lat' dir='ltr'><strong>Codd.</strong></span> <span class='ocrx_word' id='word_1_555' title='bbox 475 3268 565 3300; x_wconf 89' lang='lat' dir='ltr'><strong>haud</strong></span> <span class='ocrx_word' id='word_1_556' title='bbox 594 3272 720 3307; x_wconf 82' lang='lat' dir='ltr'><strong>pauci:</strong></span> <span class='ocrx_word' id='word_1_557' title='bbox 750 3269 912 3310; x_wconf 71' lang='lat' dir='ltr'><strong>Polycleti</strong></span> <span class='ocrx_word' id='word_1_558' title='bbox 938 3277 1014 3300; x_wconf 87' lang='lat' dir='ltr'><strong>cum</strong></span> <span class='ocrx_word' id='word_1_559' title='bbox 1042 3269 1117 3299; x_wconf 83' lang='lat' dir='ltr'><strong>aliis</strong></span> <span class='ocrx_word' id='word_1_560' title='bbox 1142 3268 1215 3298; x_wconf 88' lang='lat' dir='ltr'><strong>RE.</strong></span> <span class='ocrx_word' id='word_1_561' title='bbox 1247 3283 1283 3288; x_wconf 97' lang='lat'><strong>—</strong></span> <span class='ocrx_word' id='word_1_562' title='bbox 1319 3266 1377 3296; x_wconf 85' lang='lat'><strong>37.</strong></span> <span class='ocrx_word' id='word_1_563' title='bbox 1405 3268 1457 3298; x_wconf 78' lang='lat' dir='ltr'><strong>his</strong></span> <span class='ocrx_word' id='word_1_564' title='bbox 1483 3268 1544 3308; x_wconf 86' lang='lat' dir='ltr'><strong>Lg.</strong></span> <span class='ocrx_word' id='word_1_565' title='bbox 1573 3267 1727 3307; x_wconf 82' lang='lat' dir='ltr'><strong>(praeter</strong></span> <span class='ocrx_word' id='word_1_566' title='bbox 1751 3267 1810 3297; x_wconf 79' lang='lat'><strong>20.</strong></span> <span class='ocrx_word' id='word_1_567' title='bbox 1836 3265 1892 3297; x_wconf 88' lang='lat'><strong>35.</strong></span> <span class='ocrx_word' id='word_1_568' title='bbox 1922 3263 1996 3306; x_wconf 85' lang='lat'><strong>39.)</strong></span> 
     </span>
    </p>
   </div>
   <div class='ocr_carea' id='block_1_6' title="bbox 237 3311 1992 3394">
    <p class='ocr_par' dir='ltr' id='par_1_6' title="bbox 237 3311 1992 3394">
     <span class='ocr_line' id='line_1_50' title="bbox 237 3311 1992 3356; baseline 0.001 -14"><span class='ocrx_word' id='word_1_569' title='bbox 237 3311 326 3344; x_wconf 89' lang='lat' dir='ltr'><strong>Ven.</strong></span> <span class='ocrx_word' id='word_1_570' title='bbox 354 3313 387 3344; x_wconf 91' lang='lat'><strong>1.</strong></span> <span class='ocrx_word' id='word_1_571' title='bbox 417 3312 533 3345; x_wconf 76' lang='lat' dir='ltr'><strong>ottob.</strong></span> <span class='ocrx_word' id='word_1_572' title='bbox 562 3315 629 3346; x_wconf 86' lang='lat' dir='ltr'><strong>Gn.</strong></span> <span class='ocrx_word' id='word_1_573' title='bbox 658 3317 691 3347; x_wconf 89' lang='lat'><strong>1.</strong></span> <span class='ocrx_word' id='word_1_574' title='bbox 720 3316 773 3348; x_wconf 79' lang='lat' dir='ltr'><strong>R:</strong></span> <span class='ocrx_word' id='word_1_575' title='bbox 817 3317 861 3347; x_wconf 80' lang='lat' dir='ltr'><strong>iis</strong></span> <span class='ocrx_word' id='word_1_576' title='bbox 887 3324 966 3347; x_wconf 90' lang='lat' dir='ltr'><strong>cum</strong></span> <span class='ocrx_word' id='word_1_577' title='bbox 993 3315 1134 3356; x_wconf 83' lang='lat' dir='ltr'><strong>reliquis</strong></span> <span class='ocrx_word' id='word_1_578' title='bbox 1163 3314 1200 3345; x_wconf 88' lang='lat' dir='ltr'><strong>E.</strong></span> <span class='ocrx_word' id='word_1_579' title='bbox 1244 3329 1279 3335; x_wconf 87' lang='lat'><strong>-</strong></span> <span class='ocrx_word' id='word_1_580' title='bbox 1327 3313 1383 3345; x_wconf 88' lang='lat'><strong>39.</strong></span> <span class='ocrx_word' id='word_1_581' title='bbox 1419 3314 1471 3347; x_wconf 80' lang='grc' dir='ltr'><strong>Ηι·</strong></span> <span class='ocrx_word' id='word_1_582' title='bbox 1496 3315 1572 3347; x_wconf 81' lang='lat' dir='ltr'><strong>libri</strong></span> <span class='ocrx_word' id='word_1_583' title='bbox 1599 3319 1735 3347; x_wconf 83' lang='lat' dir='ltr'><strong>tantum</strong></span> <span class='ocrx_word' id='word_1_584' title='bbox 1761 3320 1831 3344; x_wconf 89' lang='lat' dir='ltr'><strong>non</strong></span> <span class='ocrx_word' id='word_1_585' title='bbox 1859 3320 1992 3351; x_wconf 88' lang='lat' dir='ltr'><strong>omnes,</strong></span> 
     </span>
     <span class='ocr_line' id='line_1_51' title="bbox 237 3359 617 3394; baseline 0.005 -2"><span class='ocrx_word' id='word_1_586' title='bbox 237 3359 288 3392; x_wconf 84' lang='lat' dir='ltr'><strong>R:</strong></span> <span class='ocrx_word' id='word_1_587' title='bbox 316 3359 349 3391; x_wconf 81' lang='lat' dir='ltr'><strong>Ii</strong></span> <span class='ocrx_word' id='word_1_588' title='bbox 373 3366 451 3392; x_wconf 86' lang='lat' dir='ltr'><strong>cum</strong></span> <span class='ocrx_word' id='word_1_589' title='bbox 477 3360 550 3392; x_wconf 85' lang='lat' dir='ltr'><strong>aliis</strong></span> <span class='ocrx_word' id='word_1_590' title='bbox 577 3361 617 3394; x_wconf 86' lang='lat' dir='ltr'><strong>E.</strong></span> 
     </span>
    </p>
   </div>
  </div>
 </body>
</html>
