2117 3762
810 202 855 246 C.
884 203 952 244 24.
986 204 1054 244 25.
1089 204 1157 245 26.
1779 206 1853 247 491

119 322 223 366 quae
252 311 329 351 sita
358 317 453 352 sunt
482 312 524 352 in
554 309 698 352 officiis
728 313 850 365 atque
880 308 1120 359 virtutibus;
1171 308 1274 358 alia,
1315 311 1426 366 quod
1465 309 1621 363 aliquid
1654 312 1859 351 commodi

118 371 321 421 efficiunt,
354 379 397 414 ut
427 387 527 429 opes
552 379 591 414 et
611 373 767 428 copiae.
827 374 893 413 87.
931 371 1098 426 [Eorum
1129 379 1289 419 autem,
1323 385 1427 428 quae
1458 377 1629 426 propter
1658 384 1701 411 se
1733 385 1863 426 expe—

114 442 276 484 tuntur,
323 437 470 492 partim
501 439 712 478 honestate
744 435 850 489 ipsa,
900 438 1048 490 partim
1091 435 1380 476 commoditate.
1409 434 1545 489 aliqua
1577 433 1859 489 expetuntur.]

114 499 359 547 Honestate,
407 513 480 547 ea,
526 512 630 552 quae
660 498 978 553 proficiscuntur
1007 500 1058 539 ab
1090 497 1139 539 iis
1175 496 1416 545 virtutibus,
1463 499 1513 538 de
1545 496 1694 552 quibus
1725 495 1862 551 paullo

114 567 207 602 ante
239 568 301 602 est
331 561 504 609 dictum,
549 574 653 615 quae
684 567 776 601 sunt
807 560 1030 602 laudabilia
1061 561 1147 615 ipsa
1179 573 1253 612 per
1284 573 1352 609 sc;
1400 558 1692 601 commoditate
1725 565 1894 600 autem⁵

113 624 272 680 aliqua,
304 639 408 681 quac
438 631 533 667 sunt
563 624 604 666 in
635 626 823 680 corporis
853 624 984 665 autin
1007 622 1199 663 fortunae
1222 620 1341 662 bonis
1363 624 1611 676 expetenda.
1674 621 1864 671 Quorum

113 687 191 729 alia
229 695 321 730 sunt
360 687 475 743 quasi
515 690 695 743 quodam
737 687 860 729 modo
894 700 986 727 cum
1017 684 1229 726 honestate
1259 686 1498 732 coniuncta,
1547 691 1592 726 ut
1628 687 1778 731 honos,
1822 688 1868 724 ut

113 749 269 805 gloria3
302 749 378 790 alia
400 749 583 796 diversa,
614 757 658 791 ut
679 749 788 791 vires
805 781 815 798 ‚
848 749 1004 796 forma,
1037 747 1230 789 valetudo
1248 778 1258 795 ,
1286 747 1504 795 nobilitas,
1529 747 1717 795 divitiae,
1741 746 1868 788 clien-

113 811 232 854 telae.
292 813 420 852 XXV.
455 814 522 853 88.
567 814 636 854 Est
666 814 788 853 etiam
819 813 1020 867 quaedam
1053 810 1168 865 quasi
1201 809 1392 851 materies
1423 812 1609 851 subiecta
1639 810 1861 857 honestati,

113 887 220 930 quae
250 874 427 915 maxime
459 881 668 928 spectatur
699 874 741 916 in
772 873 975 915 amicitiis.
1033 872 1248 913 Amicitiae
1287 878 1425 913 autem
1457 871 1623 913 caritate
1653 878 1693 913 et
1721 885 1865 913 amore
1879 882 1916 907 1⁰

113 941 352 978 cernuntur.
414 939 516 978 Nam
548 951 641 979 cum
674 939 871 984 deorum,
906 941 991 976 tum
1012 940 1230 989 parentum
1260 933 1501 989 patriaeque
1533 934 1664 976 cultus
1697 947 1864 976 eorum-

112 1011 192 1054 que
236 997 475 1048 hominum,
528 1001 597 1053 qui
643 1005 711 1040 aut
749 999 951 1053 sapientia
989 1002 1059 1037 aut
1096 995 1246 1050 opibus
1285 996 1518 1043 excellunt,
1568 999 1619 1038 ad
1656 996 1867 1038 caritatem

111 1059 261 1102 referri
291 1061 411 1103 solet.
474 1063 677 1116 Coniuges
709 1067 845 1102 autem
878 1065 918 1101 et
946 1059 1068 1100 liberi
1090 1065 1130 1099 et
1150 1057 1299 1100 fratres
1321 1064 1361 1100 et
1382 1059 1472 1108 alii,
1506 1072 1608 1114 quos
1630 1072 1728 1101 usus
1747 1058 1869 1101 sami-

108 1122 348 1178 liaritasque
377 1123 609 1171 coniunxit,
651 1135 900 1178 quamquam
931 1123 1054 1162 etiam
1087 1123 1254 1163 caritate
1286 1120 1394 1177 ipsa,
1435 1128 1571 1163 tamen
1602 1135 1744 1164 amore
1776 1135 1863 1164 ma-

109 1185 223 1228 xime
253 1186 532 1227 continentur.
593 1187 638 1226 In
669 1185 730 1226 his
761 1185 886 1238 igitur
915 1185 1042 1225 rebus
1073 1197 1166 1225 cum
1198 1183 1308 1225 bona
1338 1185 1441 1233 sint,
1490 1183 1609 1226 facile
1647 1189 1708 1225 est
1746 1184 1916 1227 intel—1⁵

109 1248 241 1297 lectu,
274 1262 381 1304 quae
412 1250 493 1289 sint
521 1248 741 1289 contraria.
803 1249 871 1288 89.
907 1246 1067 1296 Quodsi
1096 1260 1261 1302 semper
1292 1247 1447 1300 optima
1468 1253 1610 1289 tenere
1632 1260 1862 1302 possemus,

110 1310 218 1353 haud
248 1324 372 1359 sane,
405 1311 599 1366 quoniam
631 1309 798 1365 quidem
830 1323 879 1350 ea
908 1309 1125 1364 perspicua
1156 1314 1273 1358 sunt,
1316 1309 1490 1352 consilio
1520 1312 1694 1351 multum
1724 1322 1867 1363 egere-

109 1386 215 1414 mus.
276 1373 356 1413 Sed
387 1373 482 1427 quia
514 1373 790 1427 temporibus,
823 1386 929 1428 quae
958 1373 1041 1413 vim
1071 1373 1229 1414 hahent
1258 1372 1502 1421 maximam,
1534 1386 1741 1427 persaepe
1773 1385 1867 1413 eve-

108 1436 190 1484 nit,
222 1440 268 1477 ut
296 1434 449 1476 utilitas
480 1450 572 1476 cum
603 1437 820 1477 honestate
850 1440 1002 1483 certet,
1038 1448 1262 1491 earumque
1292 1449 1433 1477 rerum
1454 1438 1662 1477 contentio
1685 1434 1867 1490 plerum-

109 1511 189 1554 que
219 1499 540 1540 deliberationes
573 1497 720 1547 efficit,
765 1512 816 1539 ne
847 1504 916 1540 aut
945 1503 1180 1551 opportuna
1212 1504 1382 1553 propter
1412 1498 1656 1552 dignitatem
1689 1504 1761 1539 aut
1791 1499 1864 1539 ho-
1883 1507 1917 1533 20

108 1566 225 1602 nesta
255 1566 428 1616 propter
458 1561 674 1603 utilitatem
706 1559 1016 1615 relinquantur,
1048 1563 1099 1601 ad
1129 1561 1236 1601 hanc
1268 1559 1547 1602 difficultatem
1580 1560 1893 1616 explicandam·

108 1628 329 1678 praecepta
358 1622 598 1666 referamus.
657 1625 724 1665 90.
758 1625 810 1664 Et
839 1622 1036 1678 quoniam
1067 1637 1150 1664 non
1180 1625 1232 1664 ad
1253 1625 1471 1664 veritatem
1493 1623 1626 1665 solum
1649 1622 1720 1665 sed
1743 1625 1867 1665 etiam

108 1687 159 1727 ad
191 1685 407 1739 opiniones
429 1699 594 1734 eorum,
627 1685 696 1742 qui
719 1687 912 1734 audiunt,
944 1685 1290 1728 accommodanda
1315 1692 1376 1728 est
1399 1687 1556 1735 oratio,
1589 1686 1667 1728 hoc
1686 1685 1866 1742 primum

107 1747 406 1802 intelligamus,
448 1750 663 1791 hominum
696 1751 778 1790 duo
810 1763 899 1791 esse
931 1762 1108 1804 genera,
1154 1748 1328 1790 alterum
1363 1749 1574 1790 indoctum
1606 1756 1646 1792 ct
1675 1755 1863 1805 agreste,

109 1810 221 1865 quod
251 1810 451 1853 anteferat
470 1825 634 1866 semper
653 1812 869 1853 utilitatem
893 1812 1118 1859 honestati,
1150 1812 1324 1853 alterum
1345 1813 1571 1854 humanum
1592 1820 1715 1868 atque
1737 1825 1866 1867 expo·
1880 1821 1916 1847 2⁵

106 1873 248 1922 litum,
294 1876 405 1929 quod
442 1873 567 1916 rebus
598 1873 791 1916 omnibus
822 1873 1063 1928 dignitatem
1093 1880 1330 1930 anteponat.
1406 1878 1548 1931 ltaque
1594 1874 1689 1917 huic
1720 1874 1864 1928 generi

106 1935 219 1984 laus,
267 1935 426 1986 honos,
475 1936 627 1992 gloria,
673 1936 798 1985 fides,
844 1937 998 1979 iustitia
1038 1939 1256 1992 omnisque
1286 1939 1440 1986 virtus,
1488 1937 1547 1979 illi
1577 1943 1714 1979 autem
1746 1936 1867 1978 alteri

108 2002 324 2052 quaestus,
371 2000 699 2041 emolumentum
739 1998 981 2055 fructusque
1010 2001 1272 2056 proponitur.
1333 2003 1466 2056 Atque
1497 1999 1621 2042 etiam
1652 2001 1861 2055 voluptas,

108 2073 214 2116 quae
259 2063 437 2103 maxime
479 2067 542 2104 est
579 2061 745 2103 inimica
790 2061 929 2105 virtuti
974 2062 1156 2120 bonique
1196 2070 1386 2106 naturam
1424 2063 1624 2106 fallaciter
1666 2060 1866 2104 imitando

107 2123 333 2170 adulterat,
380 2137 504 2178 quam
542 2123 860 2166 immanissimus
901 2125 1076 2181 quisque
1115 2127 1316 2169 acerrime
1347 2129 1535 2182 sequitur
1564 2139 1701 2182 neque
1730 2127 1866 2167 solum
1880 2133 1916 2159 ³0

106 2186 291 2227 honestis
321 2184 444 2228 rebus
474 2188 546 2228 sed
578 2186 702 2228 etiam
733 2188 977 2230 necessariis
1007 2189 1241 2245 anteponit,
1275 2191 1317 2231 in
1347 2192 1583 2237 suadendo,
1615 2201 1709 2230 cum
1731 2187 1768 2229 ei
1793 2203 1867 2243 ge-

106 2247 197 2290 neri
227 2248 440 2290 hominum
471 2249 689 2290 consilium
721 2251 811 2297 des,
856 2264 980 2304 saepe
1011 2265 1108 2294 sane
1137 2251 1341 2294 laudanda
1371 2258 1446 2294 est.
1507 2253 1658 2297 XXVI.
1703 2253 1770 2292 91.
1815 2253 1867 2292 Et

106 2310 208 2352 illud
245 2312 492 2361 videndum,
546 2317 699 2367 quanto
738 2313 868 2366 magis
897 2315 1087 2356 homines
1118 2315 1224 2357 mala
1255 2315 1434 2370 fugiant,
1486 2328 1611 2370 quam
1641 2318 1866 2370 sequantur

106 2377 231 2416 bona.
293 2377 394 2417 Nam
425 2389 559 2432 neque
590 2378 762 2417 honesta
792 2382 874 2417 tam
905 2383 1123 2432 expetunt,
1170 2393 1293 2434 quam
1331 2378 1515 2420 devitant
1552 2375 1703 2432 turpia.
1761 2375 1864 2426 Quis

108 2441 217 2480 enim
257 2438 480 2487 honorem,
534 2439 625 2494 quis
672 2440 870 2493 gloriam,
917 2439 1008 2494 quis
1053 2440 1239 2490 laudem,
1292 2443 1385 2497 quis
1432 2441 1562 2483 ullum
1609 2439 1735 2481 decus
1780 2445 1914 2480 tamns

105 2515 290 2557 unquam
320 2507 509 2558 expetat,
556 2516 676 2557 quam
709 2502 999 2555 ignominiam,
1043 2503 1282 2553 infamiam,
1326 2504 1639 2551 contumeliam,
1684 2501 1863 2543 dedecus

106 2563 261 2618 fugiat?
293 2565 476 2614 Quarum
508 2579 649 2606 rerum
681 2566 801 2606 dolor
833 2567 968 2619 gravis
999 2571 1060 2607 est
1090 2566 1206 2608 testis
1238 2581 1366 2621 genus
1395 2568 1612 2608 hominum
1642 2563 1692 2606 ad
1731 2566 1860 2605 hone-

107 2631 250 2668 statem
280 2632 430 2691 natumv
449 2627 557 2669 malo
588 2626 700 2668 cultu
729 2628 947 2683 pravisque
977 2628 1243 2684 opinionibus
1281 2642 1371 2671 esse
1403 2634 1660 2684 corruptum.
1723 2627 1861 2676 Quare

107 2689 147 2730 in
180 2688 434 2732 cohortando
465 2696 589 2745 atque
621 2693 832 2733 suadendo
864 2691 1122 2747 propositum
1165 2691 1332 2746 quidem
1374 2691 1494 2734 nobis
1535 2692 1612 2732 crit
1650 2689 1768 2736 illud,
1818 2694 1864 2731 ut

108 2752 354 2801 doceamus,
402 2754 472 2808 qui
513 2752 623 2795 hona
654 2753 853 2809 consequi
883 2755 1072 2810 malaque
1103 2755 1231 2796 vitare
1268 2756 1498 2811 possimus;
1549 2756 1616 2795 92.
1651 2754 1722 2795 sed
1754 2751 1862 2808 apud
1876 2762 1913 2789 too

199 2916 232 2947 1.
259 2920 340 2947 sunt
364 2917 433 2948 sita
456 2917 527 2949 RV.
567 2935 603 2941 —
649 2918 682 2950 3.
710 2919 772 2950 Vv.
802 2918 901 2950 nobis
930 2922 1089 2957 suspecta
1116 2918 1332 2951 seclusimus.
1370 2934 1410 2940 —
1451 2918 1485 2949 5.
1513 2918 1643 2949 dictum
1669 2921 1718 2950 est
1745 2917 1787 2949 V.
1819 2934 1857 2942 —

105 2962 140 2994 6.
168 2962 205 2994 in
231 2967 309 2994 ante
327 2964 487 3003 fortunae
504 2972 571 2996 om.
592 2964 664 2997 RV.
687 2965 799 2998 Habet
819 2965 887 2998 Gu.
911 2983 947 2989 —
976 2966 1011 2997 7.
1039 2967 1138 3006 quasi
1156 2966 1306 3005 quodam
1323 2966 1422 2996 morlo
1441 2964 1469 2995 V
1486 2965 1614 3004 aliique
1630 2989 1639 3001 ,
1670 2964 1759 2997 Edd.
1782 2969 1862 2998 ante

107 3010 213 3041 Ern.:
241 3011 341 3050 quasi
367 3011 451 3048 (om.
478 3011 628 3050 quodam
652 3012 766 3053 modo)
793 3014 847 3049 R,
875 3012 985 3045 Oxon.
1015 3021 1129 3049 unus,
1160 3013 1199 3043 E.
1228 3028 1266 3034 -
1294 3012 1327 3043 9.
1358 3009 1477 3051 etiam]
1505 3015 1620 3042 autem
1644 3010 1716 3044 RV.
1737 3029 1776 3035 -
1803 3011 1860 3045 13.

107 3059 137 3088 et
158 3057 206 3092 ii,
235 3064 319 3095 quos
345 3056 370 3087 R
391 3080 398 3094 ‚
426 3061 456 3087 et
480 3058 539 3096 hi,
565 3067 650 3100 quos
675 3059 715 3090 V.
747 3076 781 3082 —
826 3059 883 3091 25.
911 3063 1014 3099 atque
1038 3059 1224 3097 expolitum
1251 3059 1300 3098 Y,
1327 3058 1473 3089 Lamb.:
1501 3058 1648 3089 alterum
1673 3059 1863 3098 &politum

105 3103 190 3140 Rv,
217 3107 248 3134 et
270 3102 416 3142 politum
443 3104 482 3135 E.
507 3120 550 3125 —
591 3106 648 3136 27.
678 3106 786 3136 honos
813 3106 861 3137 V:
905 3106 1017 3137 honor
1042 3106 1120 3137 RE.
1156 3121 1199 3126 -
1240 3106 1296 3136 29.
1325 3109 1373 3135 est
1397 3106 1520 3136 virtuti
1545 3105 1695 3136 maxime
1719 3106 1861 3138 inimica

105 3149 156 3186 R.
182 3150 333 3180 maxime
359 3154 406 3181 est
431 3151 555 3181 virtuti
578 3152 718 3183 inimica
746 3152 785 3183 V.
814 3168 855 3174 —
893 3152 950 3184 36.
977 3153 1140 3191 expetivit
1168 3152 1206 3183 Y.
1236 3168 1275 3175 —
1314 3150 1370 3183 37.
1398 3150 1489 3191 suqic
1520 3152 1558 3183 Y.
1587 3167 1630 3174 —
1670 3153 1788 3193 yravis
1812 3156 1860 3184 est

106 3198 200 3228 testis
223 3205 327 3237 (lenus
364 3196 447 3228 BR:
487 3199 602 3238 yravis
628 3201 688 3230 est.
729 3198 792 3230 Est
817 3207 923 3240 yenus
950 3199 1019 3230 VE.
1061 3215 1101 3221 —
1142 3198 1199 3229 38.
1234 3199 1453 3237 opinionibus
1477 3207 1547 3230 esse
1573 3203 1777 3240 corruptum
1804 3199 1856 3230 B:

107 3243 325 3282 opinionibus
350 3251 447 3275 omne
471 3249 672 3283 corruptum
697 3245 747 3279 R,
777 3245 998 3284 opinionibus
1023 3249 1227 3284 corruptum
1253 3245 1292 3277 E.
1321 3244 1385 3286 (De
1411 3244 1441 3278 V
1466 3253 1535 3279 non
1562 3244 1700 3288 liquet.)
1727 3260 1763 3267 -
1793 3245 1851 3277 40.

106 3291 166 3330 qui
191 3288 242 3321 V:
273 3298 381 3330 quare
406 3290 452 3331 Y,
478 3299 549 3332 qua
573 3291 633 3324 via
658 3291 706 3331 R,
734 3299 804 3333 qua
828 3293 864 3323 vi
889 3300 966 3324 cum
993 3291 1084 3324 Atdo
1111 3291 1152 3323 E.
