2117 3762
229 257 314 299 268
933 250 1002 290 DE
1035 249 1281 293 ORATORE

228 375 503 418 nequeamus,
536 363 577 401 et
606 356 818 412 quomodo
849 353 971 395 simul
1000 355 1152 405 latera,
1186 370 1256 408 os,
1291 371 1441 407 venas,
1473 355 1654 407 vultum,
1688 357 1830 400 oculos
1862 373 1984 402 occu-

227 431 318 481 pet,
354 423 505 467 viderit
532 419 809 463 Democritus.
869 419 1014 470 Neque
1044 417 1153 458 enim
1184 419 1235 460 ad
1264 422 1373 461 hunc
1401 433 1635 461 sermonem
1666 422 1746 461 hoc
1776 424 1982 475 pertinet,

231 494 294 537 et,
324 488 358 529 si
388 487 638 540 pertineret,
671 479 829 521 nescire
859 493 926 519 me
956 485 1095 520 tamen
1124 481 1167 520 id
1196 494 1279 522 non
1308 484 1509 536 puderet,
1556 483 1668 535 quod
1698 495 1751 523 ne
1781 484 1859 537 ipsi
1892 485 1983 539 qui-

230 549 325 592 dem
353 548 414 589 illi
443 549 614 591 scirent,
660 543 729 598 qui
758 540 1072 595 pollicerentur.
1133 544 1229 584 236.
1276 546 1412 586 Locus
1454 550 1590 585 autem
1636 549 1677 585 ct
1721 544 1837 599 regio
1867 547 1985 599 quasi

201 611 394 656 ⁵ridiculi
443 609 548 664 (nam
580 605 622 648 id
651 606 841 661 proxime
881 603 1108 660 quaeritur)
1152 606 1406 661 turpitudine
1437 612 1478 648 et
1508 605 1769 649 deformitate
1809 607 1986 662 quadam

229 674 476 718 continetur.
533 671 646 711 Haec
677 668 786 710 enim
818 666 1006 710 ridentur
1044 669 1110 708 vel
1156 666 1244 708 sola
1285 668 1353 710 vel
1381 670 1584 718 maxime,
1636 683 1742 725 quae
1772 675 1917 711 notant
1947 674 1988 711 et

228 737 444 790 designant
472 731 774 786 turpitudinem
803 730 982 786 aliquam
1014 744 1098 772 non
1137 731 1327 785 turpiter.
1387 734 1460 773 Est
1498 737 1658 781 autem,
1709 737 1756 773 ut
1792 734 1843 774 ad
1883 731 1986 773 illud

226 799 395 842 tertium
424 795 609 844 veniam,
645 799 707 836 est
734 796 859 848 plane
888 793 1067 835 oratoris
1097 806 1269 834 movere
1301 794 1449 844 risum;
1490 795 1556 837 vel
1587 794 1698 851 quod
1726 795 1815 850 ipsa
1844 795 1989 837 hilari-

227 870 287 904 tas
318 858 653 902 benevolentiam
683 856 876 899 conciliat
907 855 966 905 ei,
1014 869 1090 909 per
1120 869 1243 911 quem
1275 856 1451 898 excitata
1481 864 1558 900 est:
1611 860 1676 899 vel
1715 857 1828 912 quod
1857 857 1988 899 admi-

180 928 370 966 wrantur
412 935 555 964 omnes
597 934 793 970 acumen,
840 933 923 961 uno
962 933 1085 974 saepe
1116 918 1158 959 in
1188 921 1318 960 verbo
1350 921 1553 972 positum,
1600 921 1780 962 maxime
1811 933 1985 974 respon-

229 986 383 1033 dentis,
430 997 727 1040 nonnunquam
769 984 892 1023 etiam
930 981 1191 1031 lacessentis;
1242 981 1308 1023 vel
1346 983 1458 1036 quod
1495 983 1646 1037 frangit
1676 984 1985 1031 adversarium,

228 1051 339 1106 quod
361 1049 558 1102 impedit,
592 1045 703 1102 quod
725 1048 883 1094 elevat,
919 1044 1031 1101 quod
1053 1047 1256 1090 deterret,
1288 1043 1400 1099 quod
1421 1044 1595 1085 refutat:
1629 1047 1697 1087 vel
1718 1047 1831 1100 quod
1850 1045 1989 1099 ipsum

229 1117 439 1155 oratorem
477 1110 653 1166 politum
693 1122 783 1150 esse
813 1107 1024 1150 hominem
1055 1106 1280 1161 significat,
1314 1107 1427 1160 quod
1459 1106 1690 1156 eruditum,
1724 1109 1836 1162 quod
1867 1110 1990 1149 urba-

227 1190 348 1223 num,
379 1175 645 1228 maximeque
668 1173 780 1227 quod
800 1171 1004 1212 tristitiam
1026 1184 1072 1210 ac
1107 1168 1373 1211 severitatem
1406 1169 1565 1222 mitigat
1596 1175 1636 1210 et
1655 1172 1838 1219 relaxat,
1872 1169 1991 1211 odio-

177 1249 212 1275 1⁵
228 1252 375 1294 sasque
405 1251 470 1278 res
500 1249 647 1290 saepe,
697 1247 798 1290 quas
838 1234 1092 1287 argumentis
1134 1232 1234 1273 dilui
1267 1245 1349 1273 non
1379 1231 1500 1273 facile
1543 1237 1628 1280 est,
1679 1233 1772 1273 ioco
1811 1234 1984 1289 risuque

227 1301 430 1343 dissolvit.
491 1301 588 1340 237.
624 1299 836 1348 Quatenus
867 1302 1004 1337 autem
1035 1296 1116 1336 sint
1144 1294 1321 1335 ridicula
1346 1296 1558 1336 tractanda
1579 1298 1758 1344 oratori,
1790 1309 1989 1351 perquam

226 1363 445 1418 diligenter
473 1362 699 1404 videndum
731 1364 815 1407 est,
849 1358 890 1400 id
921 1360 1033 1414 quod
1063 1357 1106 1398 in
1137 1362 1284 1412 quarto
1317 1358 1413 1398 loco
1445 1357 1672 1412 quaerendi
1702 1371 1989 1413 posueramus

225 1428 327 1468 Nam
357 1440 434 1467 nec
464 1424 635 1477 insignis
666 1423 909 1478 improbitas
955 1426 996 1462 et
1037 1421 1193 1461 scelere
1233 1419 1396 1468 iuncta,
1445 1433 1522 1461 nec
1560 1434 1703 1462 rursus
1733 1421 1898 1462 miseria
1929 1420 1992 1461 in-

226 1490 353 1543 signis
383 1487 533 1543 agitata
561 1488 738 1528 ridetur.
799 1485 1074 1525 Facinorosos
1107 1484 1217 1524 enim
1248 1483 1408 1524 maiore
1440 1485 1619 1539 quadam
1649 1483 1691 1524 vi
1733 1497 1855 1539 quam
1892 1483 1992 1525 ridi-

176 1551 307 1593 20culi
351 1549 561 1594 vulnerari
602 1548 768 1591 volunt:
821 1549 997 1588 miseros
1033 1545 1150 1587 illudi
1193 1545 1360 1593 nolunt,
1406 1546 1550 1586 nisisi
1582 1543 1763 1587 sesorte
1817 1545 1986 1587 iactant.

226 1616 485 1656 Parcendum
515 1617 577 1654 est
607 1617 744 1653 autem
774 1609 954 1652 maxime
985 1609 1143 1651 caritati
1173 1608 1415 1657 hominum,
1448 1623 1500 1649 ne
1521 1613 1679 1650 temere
1701 1609 1745 1650 in
1767 1621 1838 1650 eos
1860 1607 1988 1657 dicas,

226 1678 297 1732 qui
328 1675 570 1729 diliguntur.
632 1675 740 1715 LIX.
773 1674 872 1715 238.
906 1674 1019 1713 Haec
1038 1672 1164 1726 igitur
1189 1670 1423 1713 adhibenda
1455 1676 1515 1712 est
1544 1672 1724 1724 primum
1750 1670 1793 1711 in
1814 1669 1991 1712 iocando

227 1738 475 1781 moderatio.
535 1740 676 1792 ltaque
708 1749 755 1777 ea
786 1734 978 1776 facillime
1009 1736 1235 1782 luduntur,
1285 1747 1391 1788 quae
1422 1747 1560 1788 neque
1591 1735 1687 1774 odio
1729 1746 1879 1787 magno
1919 1747 1992 1774 ne-

227 1816 308 1858 que
338 1802 625 1843 misericordia
655 1798 836 1840 maxima
865 1800 990 1852 digna
1019 1802 1124 1839 sunt.
1187 1795 1471 1846 Quamobrem
1501 1795 1695 1837 materies
1726 1794 1860 1836 omnis
1890 1794 1992 1836 ridi-

178 1876 215 1903 25
228 1867 418 1907 culorum
451 1870 511 1905 est
540 1865 581 1904 in
614 1862 703 1904 istis
734 1861 870 1910 vitiis,
916 1875 1022 1916 quae
1054 1865 1150 1901 sunt
1179 1859 1222 1901 in
1253 1860 1336 1899 vita
1368 1857 1584 1899 hominum
1623 1871 1761 1912 neque
1801 1870 1992 1898 carorum

226 1942 364 1982 neque
409 1926 744 1969 calamitosorum
804 1938 940 1978 neque
987 1936 1158 1971 eorum,
1217 1920 1289 1977 qui
1342 1919 1396 1961 ob
1440 1919 1600 1961 facinus
1646 1922 1697 1960 ad
1743 1918 1991 1974 supplicium

225 1988 415 2044 rapiendi
444 1991 661 2037 videntur3
713 1999 845 2041 eaque
876 1986 982 2027 helle
1013 1986 1163 2040 agitata
1193 1985 1394 2025 ridentur.
1456 1985 1553 2023 239.
1588 1985 1658 2023 Est
1688 1982 1813 2022 etiam
1844 1980 1986 2022 defor-

225 2053 378 2094 mitatis
410 2057 450 2092 et
479 2051 668 2107 corporis
699 2051 895 2091 vitiorum
925 2049 1022 2090 satis
1053 2047 1159 2089 bella
1192 2044 1388 2086 materies
1419 2047 1470 2085 ad
1494 2045 1736 2086 iocandum:
1771 2045 1844 2084 sed
1866 2057 1992 2098 quae-

227 2116 356 2156 rimus
386 2116 521 2163 idem,
563 2115 675 2169 quod
705 2114 747 2153 in
778 2113 926 2153 ceteris
957 2113 1081 2152 rebus
1111 2110 1293 2150 maxime
1325 2109 1610 2162 quaerendum
1641 2112 1728 2154 est,
1769 2111 1988 2161 quatenus.

178 2180 275 2219 ³01n
307 2192 388 2232 quo
421 2192 505 2218 non
536 2178 661 2217 modo
691 2174 794 2216 illud
823 2174 1092 2229 praecipitur,
1124 2185 1175 2212 ne
1205 2172 1304 2225 quid
1335 2170 1512 2218 insulse,
1545 2173 1616 2211 sed
1649 2171 1792 2216 etiam,
1825 2168 1861 2210 si
1891 2168 1991 2224 quid

228 2239 479 2296 perridicule
510 2241 667 2293 possis,
700 2236 912 2279 vitandum
945 2241 1006 2276 est
1036 2235 1191 2276 oratori
1221 2240 1463 2288 utrumque,
1496 2247 1548 2274 ne
1576 2237 1645 2273 aut
1666 2231 1853 2273 scurrilis
1874 2232 1990 2273 iocus

230 2306 282 2346 sit
311 2308 381 2345 aut
409 2302 615 2343 mimicus.
678 2301 795 2349 Quae
828 2297 1060 2340 cuiusmodi
1091 2298 1193 2343 sint,
1237 2295 1400 2337 facilius
1431 2297 1512 2336 iam
1550 2294 1851 2350 intelligemus,
1898 2308 1992 2336 cum

229 2369 282 2408 ad
310 2367 399 2421 ipsa
426 2363 700 2406 ridiculorum
732 2376 884 2417 genera
914 2362 1165 2403 venerimus.

342 2430 438 2470 240.
480 2429 573 2469 1)υο
604 2431 697 2467 sunt
728 2427 837 2466 enim
868 2437 1020 2478 genera
1049 2422 1313 2470 facetiarum,
1356 2434 1534 2477 quorum
1565 2420 1741 2462 alterum
1770 2433 1816 2461 re
1845 2423 1992 2461 tracta-

179 2500 215 2528 55
230 2498 320 2541 tur,
352 2491 527 2533 alterum
549 2489 674 2530 dicto.
732 2491 816 2537 Re,
851 2490 883 2528 si
905 2488 1068 2541 quando
1092 2487 1192 2540 quid
1212 2491 1419 2541 tamquam
1441 2484 1579 2540 aliqua
1599 2483 1750 2525 fabella
1781 2487 1988 2530 narratur,

230 2560 275 2596 ut
306 2554 405 2596 olim
435 2558 503 2601 tu,
538 2554 708 2599 Crasse,
738 2553 781 2592 in
807 2550 1072 2598 Memmium,
1107 2550 1402 2590 comedisse
1436 2561 1550 2588 eum
1581 2548 1843 2588 lacertum
1874 2546 1993 2585 Lar-

232 2617 299 2673 gi,
331 2630 424 2659 cum
456 2620 564 2658 esset
594 2629 687 2656 cum
717 2628 766 2655 eo
799 2613 1046 2654 Tarracinae
1078 2610 1128 2653 de
1159 2610 1336 2652 amicula
1372 2611 1541 2653 rixatus.
1601 2607 1738 2656 Salsa,
1770 2620 1818 2648 ac
1854 2612 1993 2649 tamen

325 2789 358 2820 1.
387 2788 500 2819 oculos
524 2785 661 2817 vultum
687 2785 796 2817 Codd.
824 2785 867 2816 al.
893 2784 968 2815 ΒΤ.
1000 2800 1035 2805 -
1079 2783 1114 2814 2.
1143 2784 1230 2814 enim
1257 2791 1368 2814 sermo
1393 2781 1447 2812 hic
1473 2779 1515 2811 A.
1560 2794 1595 2800 —
1640 2779 1673 2811 3.
1709 2782 1853 2819 putaret
1878 2777 1920 2810 A.
1949 2796 1989 2802 —

234 2844 275 2867 ne
299 2836 367 2876 ipsi
391 2834 445 2866 illi
471 2834 607 2873 quidem
634 2832 659 2863 A
677 2855 684 2868 ‚
722 2841 763 2864 ne
788 2833 855 2871 ipsi
881 2832 1015 2872 quidem
1042 2830 1069 2861 B
1086 2855 1094 2866 ,
1136 2838 1178 2860 ne
1212 2830 1264 2860 ml-
1290 2829 1424 2870 quidem
1450 2835 1527 2858 cum
1555 2827 1629 2857 aliis
1655 2826 1696 2857 T.
1735 2843 1774 2849 —-
1819 2825 1853 2857 4.
1880 2826 1992 2857 Locus

235 2883 323 2914 enim
347 2883 438 2913 risus
464 2880 523 2922 qui
546 2881 590 2911 sit
614 2883 644 2911 et
669 2887 757 2918 qaue
781 2880 876 2919 regio
902 2879 1003 2919 quusi
1029 2881 1076 2908 est
1102 2877 1244 2907 ridiculi
1268 2877 1309 2907 B.
1349 2892 1392 2897 —-
1433 2875 1467 2905 5.
1505 2874 1542 2904 id
1567 2874 1659 2913 quod
1682 2874 1846 2913 proxime
1870 2872 1911 2903 B.
1950 2890 1988 2896 -

236 2929 268 2959 7.
298 2929 446 2968 turpiter
471 2932 599 2959 tamen.
628 2927 689 2957 Est
714 2926 755 2957 B.
786 2941 821 2946 —
850 2923 950 2965 illud]
978 2926 1080 2956 istum
1106 2922 1183 2960 (sic)
1208 2924 1251 2960 R.
1284 2939 1323 2945 —
1351 2922 1406 2953 11.
1434 2920 1487 2951 vel
1512 2922 1616 2952 etiam
1641 2919 1777 2960 franyit
1804 2919 1846 2950 R.
1864 2936 1906 2941 —
1933 2919 1989 2950 12.

241 2975 329 3006 levat
350 2975 421 3006 BR.
443 2992 484 2996 —
515 2973 571 3006 16.
592 2982 696 3013 quam
715 2972 758 3003 R.
783 2987 822 2994 —
852 2972 907 3002 17.
934 2973 970 3003 id
996 2980 1073 3003 cum
1095 2969 1204 3002 Codd.
1226 2970 1269 3000 al.
1291 2978 1358 3000 om.
1380 2967 1420 2998 T.
1449 2967 1537 3006 (Non
1557 2964 1677 3006 ABR.)
1699 2981 1733 2988 -u
1766 2966 1823 2998 19.
1842 2965 1990 2997 Facino-

235 3029 334 3051 rosos
358 3023 445 3053 enim
470 3021 499 3052 A
525 3021 680 3059 aliique:
708 3020 937 3051 Facinorosos
964 3017 1044 3056 (13⁶2)
1072 3017 1146 3048 RE.
1174 3033 1216 3039 —
1253 3016 1308 3047 20.
1335 3016 1477 3045 miseros
1504 3014 1605 3045 illudi
1629 3013 1755 3045 nolunt
1781 3021 1849 3043 om.
1877 3013 1920 3043 A.
1949 3028 1988 3034 —

236 3069 273 3098 ni
298 3076 330 3097 se
356 3068 408 3103 A,
434 3069 503 3099 nisi
526 3076 560 3098 se
587 3066 698 3098 Codd.
727 3067 770 3098 al.
799 3065 872 3096 ΒΤ.
903 3081 942 3086 -
970 3066 1026 3096 21.
1054 3063 1277 3095 Parcendum
1303 3066 1419 3092 autem
1445 3062 1473 3092 A
1499 3061 1628 3101 aliique
1647 3083 1656 3095 ,
1684 3060 1711 3090 Τ
1730 3082 1739 3095 ,
1773 3057 1991 3090 Parcendum

238 3117 351 3145 autem
376 3119 423 3145 est
449 3115 488 3145 R.
517 3130 559 3135 —
585 3113 642 3144 23.
671 3114 794 3153 Itaque
822 3121 861 3143 ea
885 3112 1125 3142 misericordia
1151 3110 1274 3141 mediis
1301 3109 1434 3139 omissis
1461 3108 1502 3139 A.
1534 3123 1573 3129 —
1617 3106 1673 3137 24.
1703 3109 1851 3137 omnium
1876 3104 1918 3135 R.
1950 3122 1987 3128 -

237 3161 294 3192 25.
323 3160 358 3190 in
382 3160 432 3190 his
459 3160 566 3191 Codd.
595 3160 638 3192 al.
667 3160 707 3191 T.
736 3160 825 3200 (Non
851 3159 971 3191 ABR.)
999 3175 1038 3181 —
1073 3157 1129 3188 26-
1159 3157 1336 3187 clarorum
1363 3155 1403 3186 R.
1435 3171 1473 3177 —
1516 3154 1574 3186 27.
1603 3154 1736 3194 ayitart
1758 3153 1921 3184 videntur
1946 3152 1988 3183 A.

241 3224 277 3230 —-
307 3207 362 3237 30.
390 3215 461 3236 non
486 3206 587 3236 modo
614 3215 681 3238 om.
710 3206 752 3238 A.
787 3221 820 3226 —
851 3206 935 3246 quid
961 3214 1029 3236 om.
1058 3204 1100 3235 A.
1131 3219 1170 3224 —
1198 3203 1252 3233 32.
1281 3203 1442 3233 inimicus
1468 3201 1510 3232 R.
1542 3218 1578 3224 —-
1608 3200 1664 3232 34.
1692 3200 1769 3231 1)αο
1795 3202 1878 3229 sunt
1903 3199 1992 3229 enim

238 3253 297 3285 AB
323 3253 471 3292 aliique:
500 3253 575 3283 Duo
601 3255 690 3284 enim
713 3257 793 3285 sunt
816 3253 888 3284 RE.
919 3270 955 3276 —
986 3251 1042 3283 35.
1069 3247 1166 3293 quid]
1193 3250 1230 3279 id
1256 3249 1295 3280 R.
1319 3265 1359 3270 —
1387 3247 1443 3278 36.
1472 3246 1761 3279 commodissime:
1789 3253 1866 3275 cum
1883 3244 1926 3276 R.
1947 3261 1991 3266 —

238 3300 348 3341 Laryi
374 3298 483 3330 Codd.
512 3298 581 3329 al.:
609 3300 732 3341 Larqii
758 3299 830 3340 (AB
843 3297 874 3337 ⁶2)
899 3299 973 3330 RE.
1014 3313 1053 3320 —
1096 3296 1153 3328 37.
1181 3294 1296 3335 Salsa]
1325 3295 1458 3327 addunt
1484 3295 1539 3326 hic
1566 3299 1599 3326 et
1624 3296 1702 3334 post
1726 3293 1891 3324 omittunt
1916 3294 1992 3323 tota

238 3347 312 3379 BR.
341 3361 383 3369 —
411 3345 620 3378 Terracinae
646 3346 684 3377 B.
714 3363 752 3369 —
782 3355 822 3378 ac
849 3350 963 3378 tamen
990 3343 1100 3377 Codd.
1130 3343 1172 3375 al.
1190 3367 1199 3383 ,
1226 3344 1279 3374 R:
1306 3346 1462 3374 attamen
1489 3339 1542 3383 (B)
1569 3341 1608 3372 E.
