2117 3762
757 246 856 287 LIB.
891 246 922 286 Ι.
985 246 1027 287 C.
1061 246 1127 288 22.
1158 248 1225 287 23.
1786 252 1861 294 103

123 361 190 396 tur
219 367 353 408 neque
383 354 589 407 permixte
619 364 711 392 cum
747 350 932 406 partibus
974 350 1248 407 implicantur.
1311 354 1413 393 Nam
1454 366 1582 407 genus
1623 360 1703 402 est,
1753 357 1865 410 quod

121 417 259 472 plures
289 424 425 470 partes
456 414 737 468 amplectitur,
782 419 826 454 ut
856 414 1017 455 animal.
1077 417 1173 456 Pars
1205 421 1289 464 est,
1322 429 1427 471 quae
1457 418 1596 458 subest
1625 421 1789 471 generi,
1821 426 1866 461 ut

121 493 263 534 equus.
325 477 403 519 Sed
434 491 555 532 saepe
587 478 728 517 eadem
761 490 829 517 res
859 476 926 517 alii
959 491 1105 528 genus,
1136 478 1205 519 alii
1237 492 1330 533 pars
1353 484 1428 520 est.
1490 481 1590 519 Nam
1622 481 1746 521 homo
1778 483 1865 522 ani-

121 541 237 582 malis
267 554 362 596 pars
392 546 471 589 est;
523 538 705 580 Thebani
735 545 803 578 aut
834 540 999 580 'l‘roiani
1030 553 1173 593 genus,
1200 576 1204 583 .
1235 543 1388 582 xxm.
1424 542 1537 583 Haec
1566 540 1660 582 ideo
1693 543 1864 596 diligen-

119 603 199 644 tius
242 602 447 644 inducitur
483 600 723 654 descriptio,
774 606 815 640 ut
856 608 995 654 aperte
1047 602 1252 644 intellecta
1299 603 1479 656 generali
1534 604 1893 660 praescriptiones

120 666 302 719 paucitas
346 676 541 719 generum
582 663 624 704 in
665 664 884 715 partitione
926 664 1081 705 servari
1122 665 1266 720 possit.
1329 668 1430 707 Nam
1471 666 1539 721 qui
1575 667 1630 707 ita
1660 669 1859 720 partitur:

121 727 343 769 Ostendam
378 731 549 780 propter
578 724 843 778 cupiditatem
889 732 929 766 et
969 727 1181 767 audaciam
1214 732 1254 767 et
1283 727 1498 770 avaritiam
1530 727 1863 772 adversariorum

119 790 259 831 omnia
287 786 547 830 incommoda
577 786 629 828 ad
659 801 748 828 rem
778 786 983 841 publicam
1014 788 1278 843 pervenisse;
1313 790 1347 829 is
1379 803 1460 830 non
1482 790 1687 832 intellexit
1706 792 1748 833 in
1770 806 1864 847 par-

119 852 283 899 titione,
317 850 504 906 exposito
536 864 704 904 genere,
754 857 912 903 partem
951 865 994 892 se
1034 850 1197 905 generis
1237 849 1520 893 admiscuisse.
1600 856 1702 895 Nam
1734 869 1862 909 genus

118 921 178 955 est
207 915 389 956 omnium
421 914 612 954 nimirum
644 911 859 954 libidinum
891 914 1113 969 cupiditas3
1146 914 1234 955 eius
1257 919 1394 955 autem
1425 917 1587 968 generis
1616 918 1703 958 sine
1734 916 1860 960 dubio
1877 931 1912 956 10

116 989 211 1032 pars
243 981 305 1017 est
333 975 517 1016 avaritia.

227 1041 298 1080 33.
332 1039 423 1079 Hoc
453 1037 579 1091 igitur
607 1036 816 1078 vitandum
848 1042 934 1086 est,
966 1051 1036 1085 ne,
1069 1038 1185 1080 cuius
1215 1052 1344 1094 genus
1375 1042 1588 1093 posueris,
1623 1041 1710 1083 eius
1741 1044 1864 1087 sicuti

115 1100 292 1156 aliquam
335 1101 540 1142 diversam
585 1114 630 1140 ac
676 1100 918 1140 dissimilem
963 1106 1119 1155 partem
1164 1114 1295 1154 ponas
1339 1101 1381 1143 in
1434 1102 1577 1145 eadem
1621 1108 1858 1160 partitione.

115 1162 273 1214 Quodsi
312 1165 423 1218 quod
462 1163 501 1203 in
539 1176 668 1216 genus
703 1164 841 1216 plures
871 1163 1051 1204 incident
1079 1169 1237 1217 partes,
1285 1163 1328 1206 id
1358 1179 1450 1206 cum
1481 1166 1522 1207 in
1554 1169 1687 1221 prima
1716 1182 1862 1213 causae

114 1225 337 1281 partitione
369 1227 447 1266 erit
475 1227 717 1278 simpliciter
747 1224 1004 1278 expositum,
1053 1225 1324 1268 distribuetur
1363 1233 1549 1282 tempore
1591 1245 1640 1271 eo
1681 1242 1910 1274 commo-1⁵

114 1288 302 1335 dissime,
335 1301 428 1329 cum
459 1287 509 1329 ad
541 1288 674 1341 ipsum
705 1294 872 1329 ventum
904 1288 984 1329 erit
1012 1288 1303 1342 explicandum
1333 1292 1375 1331 in
1403 1304 1550 1333 causae
1572 1292 1748 1334 dictione
1770 1301 1864 1347 post

114 1351 392 1405 partitionem.
453 1352 587 1406 Atque
618 1351 720 1391 illud
751 1363 915 1405 quoque
948 1351 1127 1404 pertinet
1155 1354 1207 1393 ad
1237 1354 1509 1408 paucitatem,
1542 1369 1593 1395 ne
1624 1361 1692 1396 aut
1721 1357 1859 1409 plura,

114 1428 235 1470 quam
267 1415 363 1454 satis
396 1419 481 1462 est,
515 1413 868 1454 demonstraturos
898 1426 972 1454 nos
1004 1413 1213 1462 dicamus,
1247 1414 1326 1457 hoc
1355 1418 1500 1458 modo:
1540 1417 1760 1459 Ostendam
1792 1418 1862 1459 ad-

113 1478 341 1523 versarios,
388 1477 498 1530 quod
539 1477 772 1530 arguimus,
821 1481 861 1516 et
898 1477 1080 1528 potuisse
1120 1478 1257 1519 facere
1303 1483 1344 1519 et
1380 1479 1560 1520 voluisse
1602 1485 1643 1521 et
1687 1480 1858 1531 secisse;

112 1552 205 1579 nam
237 1537 382 1579 secisse
414 1540 511 1579 satis
543 1545 604 1579 est
634 1540 874 1579 ostendere:
921 1544 1009 1587 aut,
1052 1553 1145 1580 eum
1175 1541 1218 1581 in
1249 1554 1373 1581 causa
1402 1541 1566 1596 partitio
1598 1542 1709 1584 nulla
1739 1543 1791 1584 sit
1821 1549 1861 1585 et
1875 1556 1909 1581 20

113 1614 204 1641 cum
235 1599 410 1655 simplex
440 1600 635 1655 quiddam
663 1605 830 1654 agatur,
862 1606 998 1641 tamen
1027 1607 1191 1642 utamur
1221 1602 1532 1653 distributione;
1565 1603 1606 1645 id
1637 1607 1748 1659 quod
1768 1619 1862 1661 per-

112 1675 207 1704 raro
237 1667 375 1715 potest
404 1662 606 1704 accidere.
667 1666 723 1703 Ae
755 1668 849 1703 sunt
878 1662 958 1703 alia
987 1677 1154 1718 quoque
1184 1672 1406 1719 praecepta
1434 1666 1723 1721 partitionum,
1753 1682 1858 1722 quae

111 1724 161 1765 ad
191 1726 301 1765 hunc
330 1739 450 1765 usum
482 1724 709 1767 oratorium
741 1738 825 1765 non
858 1730 970 1765 tanto
1002 1739 1128 1780 opere
1158 1728 1414 1781 pertineant,
1450 1741 1555 1782 quae
1584 1737 1798 1772 versantur
1817 1733 1859 1772 in

110 1786 392 1840 philosophia,
425 1801 477 1827 ex
509 1789 659 1841 quibus
689 1789 789 1827 haec
819 1788 906 1842 ipsa
936 1789 1242 1837 transtulimus,
1275 1803 1381 1844 quae
1413 1792 1635 1832 convenire
1663 1793 1859 1833 videban-

109 1855 196 1895 tur,
235 1861 412 1902 quorum
447 1850 549 1889 nihil
578 1850 618 1889 in
650 1850 797 1890 ceteris
826 1847 981 1890 artibus
1011 1849 1338 1892 inveniebamus.
1399 1855 1531 1907 Atque
1561 1855 1623 1894 his
1654 1855 1705 1895 de
1734 1857 1906 1908 parti-25

109 1909 222 1951 tione
261 1910 516 1966 praeceptis,
564 1913 605 1952 in
646 1912 759 1952 omni
804 1909 982 1953 dictione
1025 1913 1261 1954 meminisse
1301 1914 1527 1968 oportebit,
1576 1921 1620 1956 ut
1657 1923 1697 1957 et
1726 1919 1858 1970 prima

110 1986 298 2028 quaeque
333 1987 452 2027 pars,
503 1978 549 2014 ut
589 1974 777 2028 exposita
817 1980 877 2016 est
912 1975 953 2014 in
983 1976 1224 2029 partitione,
1273 1976 1332 2016 sic
1363 1977 1509 2017 ordine
1539 1977 1787 2032 transigatur
1817 1986 1857 2020 et

109 2033 300 2076 omnibus
342 2037 559 2090 explicatis
601 2041 841 2090 peroratum
883 2036 956 2086 sit3
1009 2038 1091 2077 hoc
1130 2039 1278 2084 modo,
1322 2042 1369 2078 ut
1406 2052 1458 2079 ne
1506 2039 1604 2093 quid
1651 2042 1856 2093 posterius

108 2103 272 2152 praeter
313 2098 623 2139 conclusionem
667 2098 883 2140 inferatur.
943 2100 1122 2140 Partitur
1163 2098 1271 2154 apud
1315 2101 1552 2143 Terentium
1596 2102 1779 2145 breviter
1818 2107 1858 2144 et

110 2159 328 2202 commode
358 2175 486 2202 senex
514 2160 557 2202 in
588 2161 761 2208 Andria,
795 2176 900 2216 quae
930 2175 1184 2216 cognoscere
1213 2163 1408 2205 libertum
1437 2165 1584 2207 velitzi
1870 2177 1905 2203 so

329 2255 394 2295 Eo
416 2261 535 2308 pacto
565 2261 600 2296 et
626 2257 740 2309 qnati
767 2257 890 2297 vitam
919 2261 954 2297 et
981 2257 1189 2297 eonsilium
1217 2271 1345 2298 meum

331 2318 543 2371 Coqnosces
571 2324 606 2358 et
634 2319 728 2372 quid
751 2319 882 2372 facere
912 2319 956 2359 in
983 2319 1056 2360 hac
1084 2332 1127 2360 re
1155 2325 1189 2360 te
1217 2321 1347 2361 velim.

108 2411 250 2466 Itaque
281 2413 632 2465 quemadmodum
662 2410 704 2453 in
732 2410 955 2467 partitione
985 2412 1227 2466 proposuit,
1259 2414 1316 2454 ita
1345 2419 1506 2464 narrat,
1538 2415 1715 2471 primum
1745 2417 1852 2470 gnati

106 2472 255 2516 vitam:

327 2537 432 2577 Nam
461 2537 497 2576 is
518 2541 731 2589 postquam
759 2539 925 2578 excessit
954 2551 1004 2579 ea:
1035 2539 1205 2592 ephebis,
1236 2539 1354 2580 Sosia
1382 2562 1436 2570 —
1868 2552 1902 2578 ³⁵

330 2596 526 2653 [Liberius
553 2601 708 2640 vivendi
733 2601 812 2654 suit
834 2599 1041 2656 potestasJ.

106 2689 264 2733 Deinde
294 2705 413 2733 suum
443 2694 686 2736 consilium:

326 2774 384 2814 Et
411 2787 514 2815 nunc
542 2775 584 2815 id
612 2788 772 2828 operam
799 2775 861 2817 do.

199 2906 234 2937 5.
263 2905 450 2946 descriptio
476 2907 547 2940 Eri.
577 2908 712 2940 Oxonn.
744 2914 928 2949 quattuor,
958 2918 1008 2949 pr.
1030 2909 1086 2941 ΡΑ
1113 2914 1147 2944 et
1169 2920 1272 2951 supra
1300 2920 1434 2944 versum
1454 2912 1506 2942 T:
1531 2911 1736 2951 perscriptio
1763 2920 1853 2944 corr.

105 2952 153 2989 P,
188 2954 420 2992 praescriptio
448 2954 473 2985 E
500 2962 576 2986 cum
604 2956 664 2987 ΒΤ
691 2961 725 2988 et
763 2964 866 2996 supra
903 2966 1037 2988 versum
1066 2958 1106 2988 A.
1149 2975 1186 2981 -
1226 2960 1505 2997 praescriptione
1530 2958 1610 2995 ΒΤ,
1653 2958 1750 2989 Leid.
1780 2960 1852 2990 lt.:

101 3000 298 3040 partitione
322 2999 400 3037 PE,
425 3002 588 3040 portione
612 2999 689 3042 (sic)
716 3004 759 3034 A.
781 3019 819 3025 —
847 3003 903 3035 12.
924 3006 993 3035 eius
1018 3004 1119 3036 sicuti
1144 3005 1301 3044 aliquam
1325 3006 1495 3036 diversam
1520 3004 1612 3036 ΛΒΤ
1641 3009 1675 3036 et
1693 3012 1779 3036 corr.
1809 3006 1853 3037 P:

106 3047 178 3078 eius
195 3046 301 3077 secuti
320 3046 393 3083 (sic)
420 3047 539 3087 aliqua
555 3048 729 3081 diversam
747 3058 797 3088 pr.
818 3049 842 3081 P
856 3073 865 3088 ,
893 3051 962 3081 eius
987 3051 1090 3081 sicuti
1115 3051 1288 3082 diversam
1306 3052 1460 3091 aliquam
1477 3051 1597 3082 Lamb.
1619 3074 1628 3088 ,
1656 3053 1726 3083 eius
1743 3061 1857 3084 secum

106 3093 263 3133 aliquam
288 3092 389 3123 sicuti
413 3094 583 3125 diversam
611 3096 647 3126 E.
680 3114 715 3120 —
761 3096 817 3128 14.
845 3106 970 3128 causae
991 3098 1186 3136 partitione
1212 3098 1351 3129 PART:
1375 3099 1567 3137 partitione
1593 3107 1716 3130 causae
1742 3099 1780 3130 E.
1813 3116 1850 3122 --

107 3140 165 3170 15.
191 3142 343 3179 tempore
368 3148 405 3170 co
431 3139 523 3170 ΛΒΤ
550 3145 584 3172 et
608 3149 693 3174 corr.
718 3142 772 3174 P:
812 3152 879 3176 om.
907 3153 944 3175 eo
973 3151 1022 3182 pr.
1051 3143 1100 3182 P,
1137 3153 1175 3175 eo
1202 3149 1354 3183 tempore
1381 3143 1417 3174 E.
1451 3158 1496 3166 ‘—
1537 3144 1594 3176 18.
1631 3153 1694 3176 nos
1720 3145 1856 3176 demon-

106 3189 284 3216 straturos
310 3194 376 3217 esse
404 3185 557 3216 dicamus
583 3188 611 3218 V
628 3212 636 3225 ‚
665 3189 962 3222 demonstraturos
986 3198 1050 3220 nos
1075 3198 1144 3221 esse
1169 3191 1323 3221 dicamus
1346 3190 1387 3221 R.
1418 3207 1455 3212 —
1483 3191 1539 3223 20.
1567 3191 1652 3222 satis
1679 3197 1727 3223 est
1746 3197 1855 3222 osten-

107 3232 186 3264 dere
211 3231 324 3264 PAT:
353 3233 528 3264 ostendere
551 3234 638 3266 satis
663 3239 711 3266 est
737 3236 808 3266 RE.
837 3251 879 3258 —-
906 3238 962 3268 21.
989 3237 1134 3274 simplex
1158 3237 1321 3277 quiddam
1347 3236 1491 3269 PART:
1519 3239 1683 3279 quiddam
1708 3238 1856 3276 simplex

109 3278 148 3309 E.
177 3294 216 3313 —,
243 3278 299 3310 23.
325 3281 497 3319 pertinent
526 3278 572 3315 V,
596 3283 815 3320 pertineant,
842 3283 899 3314 sed
923 3291 1012 3324 quae
1038 3282 1197 3314 Ernestio
1223 3288 1363 3316 auctore
1393 3283 1471 3316 Sch.
1501 3301 1539 3308 —
1581 3284 1636 3316 36.
1673 3284 1734 3317 Vv.
1763 3284 1855 3316 Libe-

107 3325 183 3356 rius
207 3341 221 3348 ·
245 3340 258 3347 ·
279 3329 433 3367 potestas
459 3334 527 3358 om.
556 3326 644 3358 PAT
670 3329 815 3371 aliique.
863 3328 932 3362 Nos
958 3329 1174 3362 seclusimus.
