2117 3762
686 222 785 262 LIB.
820 221 888 262 lv.
953 220 997 262 C.
1037 223 1099 263 10.
1139 224 1202 265 11.
1240 225 1304 265 12.
1818 232 1869 273 57

123 325 204 377 Qui
246 326 286 365 in
328 325 534 367 mediocre
575 339 701 378 genus
747 327 944 367 orationis
988 328 1160 383 profecti
1210 335 1331 378 sunt,
1383 331 1415 370 si
1460 332 1677 385 pervenire
1709 347 1757 374 eo
1790 350 1871 376 non

122 394 371 442 potuerunt.
406 394 588 429 errantes
620 387 863 442 perveniunt
893 391 940 430 ad
975 391 1194 432 conlinium
1229 394 1316 432 eius
1349 395 1511 445 generis
1532 425 1541 441 ,
1595 397 1703 449 quod
1735 398 1870 451 appel-

120 452 250 493 lamus
285 449 499 503 {fluctuans
530 448 583 503 et]
617 449 886 496 dissolutum,
922 467 971 492 co
1004 457 1114 507 quod
1147 456 1232 494 sine
1265 456 1401 495 nervis
1433 462 1471 496 ct
1502 456 1684 497 articulis
1708 460 1872 499 fluctuat

120 513 199 554 huc
229 520 268 553 et
300 513 393 553 illuc
424 526 497 552 nec
531 518 666 564 potest
696 512 934 554 contii-mate
967 531 1100 570 neque
1133 518 1304 557 viriliter
1341 531 1431 559 sese
1462 518 1673 571 expedire.
1738 522 1778 560 ld
1813 529 1874 561 cst

121 577 385 618 huiusmodi:
437 575 543 615 Socii
589 576 718 615 nostri
763 590 853 616 cum
897 578 1140 630 belligerare
1187 579 1399 620 nobiscum
1450 580 1626 629 vellent,
1688 582 1902 636 profectos

120 639 351 681 ratiocinati
397 643 534 678 essent
578 637 699 677 etiam
740 645 860 693 atque
893 642 1012 681 ctiam
1033 673 1042 688 ,
1095 643 1192 694 quid
1224 649 1391 695 possent
1423 642 1587 691 facere,
1640 643 1673 683 si
1707 646 1873 697 (piidem

119 717 192 743 sua
223 707 369 757 sponte
400 701 584 740 facerent
616 706 654 740 et
687 716 769 741 non
813 703 1015 743 baberent
1047 705 1140 743 binc
1173 705 1381 744 adiutores
1415 708 1586 754 multos,
1630 708 1758 747 malos
1800 709 1873 748 ho-

118 766 249 805 mines
281 769 320 803 et
351 763 542 801 audaces.
606 762 747 803 Solent
780 766 887 804 enim
922 767 990 805 diu
1023 767 1203 817 cogitare
1236 779 1406 814 omncs,
1444 770 1512 823 qui
1537 783 1683 822 magna
1708 771 1872 823 negotia

117 827 260 867 volunt
290 839 428 877 agere.
492 826 581 864 Non
613 832 748 880 potest
779 828 1014 868 huiusmodi
1047 841 1184 868 sermo
1217 834 1358 868 tenere
1391 837 1589 871 attentum
1612 833 1870 880 auditorem;

117 888 265 930 diffluit
311 888 420 927 enim
477 893 584 927 totus
635 904 768 944 neque
824 891 1047 945 quidquam
1092 891 1449 943 comprehendens
1497 893 1689 946 perfectis
1735 896 1922 936 verbisw

115 950 389 1005 amplectitur.
452 950 532 999 Qui
565 964 645 991 non
679 959 852 1006 possunt
884 953 923 991 in
957 953 1026 992 illa
1057 950 1304 992 facetissima
1338 955 1558 996 verborum
1591 959 1872 998 attenuatione

115 1013 332 1054 commode
354 1014 534 1059 versari,
570 1014 738 1054 veniunt
769 1017 818 1055 ad
851 1015 1011 1054 aridum
1046 1020 1086 1054 et
1118 1028 1323 1067 exsangue
1347 1030 1475 1068 genus
1498 1019 1721 1066 orationis,
1758 1022 1871 1074 quod

114 1088 198 1116 non
240 1075 420 1114 alienum
465 1081 527 1114 est
570 1077 677 1116 exile
723 1077 953 1123 nominari,
1008 1078 1239 1117 cuiusmodi
1285 1084 1346 1117 est
1391 1080 1498 1119 hoc:
1551 1083 1650 1121 Nam
1697 1082 1786 1122 istic
1830 1083 1871 1123 in

113 1137 272 1180 balneis
304 1136 506 1184 accessit;
555 1140 605 1178 ad
638 1141 744 1178 hunc
778 1145 922 1193 postea
959 1140 1084 1187 dicit,
1136 1141 1211 1179 llic
1252 1146 1344 1180 tuus
1388 1156 1529 1182 servus
1576 1158 1637 1183 me
1677 1145 1866 1198 pulsavit.

113 1202 260 1242 Postea
294 1201 391 1240 dicit
423 1201 488 1240 hic
523 1202 603 1248 illi,
654 1203 952 1242 Considerabo.
1015 1204 1112 1242 Post
1152 1204 1220 1243 ille
1262 1205 1493 1244 convicium
1535 1207 1632 1245 fecit
1671 1212 1711 1246 et
1743 1209 1918 1261 magis¹⁵

113 1264 325 1318 magisque
371 1265 658 1317 praesentibus
704 1265 841 1304 multis
885 1265 1089 1304 clamavit.
1164 1265 1352 1306 Frivolus
1399 1268 1466 1306 hic
1512 1269 1676 1321 quidem
1719 1270 1796 1309 iam
1830 1276 1871 1310 et

113 1326 328 1367 illiberalis
372 1332 432 1365 est
474 1339 624 1366 sermo.
694 1328 782 1366 Non
830 1327 937 1366 enim
972 1328 1144 1381 adeptus
1177 1335 1237 1368 est
1268 1330 1331 1376 id,
1367 1331 1477 1383 quod
1511 1331 1634 1370 habet
1664 1337 1868 1372 attenuata

111 1390 270 1443 figura,
324 1389 438 1442 puris
478 1389 616 1428 verbis
663 1394 703 1429 et
746 1388 886 1429 electis
928 1389 1197 1443 compositam
1245 1390 1491 1432 orationem.
1568 1393 1700 1433 Omne
1743 1408 1869 1446 genus

112 1451 310 1492 orationis
353 1456 393 1490 et
434 1464 556 1503 grave
596 1455 636 1491 et
676 1452 884 1491 mediocre
918 1459 958 1492 et
989 1458 1242 1493 attenuatum
1277 1453 1475 1507 dignitate
1523 1453 1706 1495 afficiunt
1751 1470 1870 1495 exor-

111 1514 325 1558 nationes,
361 1513 411 1552 de
443 1513 591 1566 quibus
623 1519 717 1567 post
749 1514 987 1567 loquemur;
1036 1528 1140 1569 quae
1174 1516 1206 1554 si
1240 1529 1358 1555 rarae
1392 1517 1691 1570 disponentur,
1727 1519 1918 1558 distin-20

113 1582 217 1617 ctam
251 1575 368 1615 sicuti
401 1574 632 1622 coloribus,
668 1576 699 1615 si
733 1577 905 1616 crebrae
939 1578 1276 1624 collocabuntur,
1312 1579 1482 1618 oblitam
1515 1580 1689 1619 reddent
1716 1582 1869 1621 oratio-

111 1653 221 1679 nem.
286 1638 366 1677 Sed
397 1636 567 1690 liguram
602 1639 640 1677 in
676 1639 851 1678 dicendo
886 1640 1130 1678 commutari
1153 1646 1339 1693 oportet,
1375 1647 1419 1680 ut
1440 1656 1606 1695 gravem
1630 1644 1865 1690 mediocris,

112 1701 364 1741 mediocrem
398 1701 574 1754 excipiat
606 1707 826 1741 attenuata.
888 1701 1047 1741 Deinde
1076 1702 1299 1743 identidem
1322 1709 1649 1753 commutentur,
1684 1711 1728 1745 ut
1748 1705 1867 1746 facile

111 1765 277 1804 satietas
308 1763 506 1802 varietate
539 1764 703 1803 vitetur.

220 1826 314 1864 XII.
368 1827 432 1864 17.
483 1825 713 1873 Quoniam,
759 1824 907 1879 quibus
951 1826 991 1864 in
1035 1826 1258 1879 generibus
1297 1827 1476 1867 elocutio
1509 1830 1663 1868 versari
1697 1830 1861 1877 debeat,
1881 1840 1915 1866 2⁵

111 1888 264 1928 dictum
297 1892 380 1934 est,
415 1886 629 1927 videamus
663 1901 794 1934 nunc,
839 1901 938 1941 quas
972 1902 1036 1927 res
1069 1886 1217 1928 debeat
1248 1889 1403 1929 habere
1437 1891 1617 1931 elocutio
1650 1894 1866 1933 commoda

111 1957 149 1991 et
193 1948 388 2005 perfecta.
467 1950 582 1998 Quae
628 1951 803 1990 maxime
841 1950 1062 1989 admodum
1104 1952 1257 1991 oratori
1297 1955 1604 1993 accommodata
1648 1960 1737 2001 est,
1785 1961 1865 1995 tres

109 2026 175 2053 res
208 2013 246 2052 in
281 2026 324 2052 se
357 2013 480 2052 debet
512 2014 686 2057 habere,
722 2013 999 2065 elegantiam,
1035 2015 1378 2067 compositionem
1400 2046 1409 2061 ,
1445 2016 1700 2068 dignitatem.
1773 2018 1867 2057 Ele-

110 2076 242 2129 gantia
275 2080 361 2122 est,
410 2089 515 2130 quae
549 2074 663 2118 facit.
715 2081 760 2115 ut
791 2088 914 2114 unum
949 2076 1143 2128 quodque
1175 2088 1275 2129 pure
1309 2083 1348 2116 et
1379 2083 1519 2131 aperte
1552 2077 1629 2118 dici
1661 2078 1862 2118 videatur.

109 2139 222 2179 llaec
255 2137 514 2178 distribuitur
543 2138 583 2178 in
617 2139 858 2178 latinitatem
901 2142 941 2177 et
982 2138 1332 2192 explanationem.
1397 2141 1592 2180 Latinitas
1625 2147 1712 2188 est,
1761 2154 1865 2195 quae
1880 2151 1915 2177 ³0

109 2213 343 2241 sermonem
376 2213 523 2254 purum
559 2207 802 2248 conservat,
837 2201 886 2240 ab
922 2201 1033 2239 omni
1057 2201 1156 2241 vitio
1180 2207 1398 2244 remotum.
1459 2203 1566 2242 Vitia
1592 2203 1633 2242 in
1655 2217 1862 2251 sermone,

109 2276 192 2317 quo
225 2263 358 2302 minus
391 2263 424 2303 is
456 2263 604 2303 latinus
637 2263 710 2310 sit,
745 2265 826 2303 duo
859 2269 1031 2317 possunt
1061 2277 1150 2304 esse
1170 2295 1180 2311 ,
1215 2265 1484 2305 soloecismus
1506 2271 1544 2305 et
1568 2265 1860 2306 barbarismus.

111 2324 391 2365 Soloecisrnus
435 2331 525 2373 est,
578 2340 669 2366 cum
710 2327 750 2366 in
783 2324 919 2366 verbis
950 2327 1138 2381 pluribus
1170 2340 1427 2382 consequens
1461 2326 1630 2368 verbum
1662 2327 1863 2382 superiori

108 2400 192 2426 non
235 2389 587 2428 accommodatur.
668 2389 952 2428 Barbarismus
1002 2394 1088 2433 est,
1135 2402 1227 2428 eum
1279 2388 1449 2430 verbum
1506 2389 1670 2444 aliquod
1718 2391 1863 2429 vitiose

109 2446 292 2492 effertur.
355 2450 466 2489 Haec
498 2463 578 2504 qua
609 2451 768 2490 ratione
800 2451 928 2490 vitare
962 2451 1165 2503 possimus
1185 2482 1194 2498 ,
1230 2452 1269 2490 in
1293 2458 1380 2492 arte
1403 2453 1663 2506 grammatica
1685 2453 1861 2492 dilucide
1877 2461 1911 2488 ³⁵

109 2511 306 2552 dicemus.
367 2513 609 2567 Explanatio
642 2518 723 2558 est,
772 2526 876 2566 quae
908 2513 1046 2552 reddit
1076 2519 1259 2565 apertam
1294 2520 1334 2554 et
1366 2515 1584 2555 dilucidam
1618 2515 1861 2559 orationem.

107 2575 167 2615 Ea
198 2580 458 2629 comparatur
490 2576 648 2615 duabus
680 2576 834 2623 rebus,
884 2574 1040 2615 usitatis
1082 2576 1218 2615 verbis
1263 2581 1303 2616 et
1333 2576 1529 2631 propriis.
1592 2578 1738 2617 Usitata
1770 2580 1862 2616 sunt

200 2700 234 2731 2.
261 2701 306 2731 ad
331 2701 519 2740 confinium
543 2702 614 2732 eius
643 2711 775 2739 ueneris
801 2702 872 2732 Erf-
903 2701 1024 2732 Duisb.
1055 2707 1083 2732 et
1113 2711 1200 2732 corr.
1221 2702 1265 2732 P:
1294 2702 1342 2732 ad
1367 2703 1551 2743 confinium
1578 2711 1683 2742 yemis
1709 2704 1780 2731 eius
1806 2710 1861 2740 qe-

108 2747 200 2777 neris
227 2755 279 2786 pr.
306 2747 349 2781 P.
378 2748 423 2778 ad
449 2748 580 2788 confine
607 2750 678 2778 eius
705 2751 839 2788 qeneris
866 2749 912 2784 Β,
948 2749 994 2779 ad
1019 2749 1148 2789 confine
1175 2757 1282 2788 (lenus
1308 2750 1376 2779 eins
1402 2750 1532 2789 yeueris
1551 2748 1687 2782 AFTE,
1718 2749 1763 2778 ad
1783 2758 1861 2778 eon-

109 2793 173 2834 fine
197 2802 303 2833 genus
328 2795 474 2824 eiusdem
499 2795 629 2835 Ueneris
657 2795 696 2826 R.
732 2811 763 2816 —
793 2796 826 2825 3.
856 2795 916 2825 Vv.
943 2794 1119 2837 fluctuans
1139 2801 1168 2825 et
1190 2804 1257 2825 om.
1278 2795 1384 2825 Palat.
1407 2796 1539 2826 Fabric.
1569 2801 1601 2824 et
1622 2799 1687 2825 tres
1708 2794 1856 2825 Graevii.

111 2856 142 2861 —-
181 2839 239 2870 Vv.
268 2845 298 2870 et
323 2841 526 2871 dissolutam
552 2851 618 2871 orn.
643 2841 739 2872 AFT.
790 2841 858 2873 Nos
889 2844 999 2879 priora
1029 2843 1256 2879 seclusimus,
1301 2844 1378 2880 quia
1416 2842 1503 2871 idem
1543 2843 1683 2871 verbum
1713 2844 1861 2871 recurrit.

110 2887 142 2916 in
171 2885 414 2924 explicatione.
467 2888 626 2919 Ceterum
656 2889 779 2927 reliqui
809 2889 942 2925 (huid,
982 2891 1083 2919 etiam
1122 2892 1250 2922 nostri.
1293 2889 1527 2919 incredibilem
1563 2891 1595 2917 in
1624 2890 1761 2918 modum
1791 2894 1856 2917 tur—

109 2932 202 2963 bant.
235 2949 272 2955 —
300 2934 333 2964 5.
361 2934 526 2964 eiusmodi
555 2934 709 2966 l'.xssi¹‘T.
739 2952 779 2956 -
805 2936 839 2965 7.
866 2936 944 2966 hinc
971 2934 1087 2965 Alii-'R
1115 2942 1148 2965 et
1174 2944 1260 2965 corr.
1283 2935 1327 2965 P:
1355 2936 1408 2965 hic
1438 2935 1460 2964 E
1488 2943 1562 2964 cum
1591 2934 1618 2964 T
1646 2940 1678 2966 et
1705 2943 1793 2964 corr.
1819 2934 1855 2965 P.

109 2996 147 3000 —
176 2978 231 3010 13.
258 2980 337 3009 istic
364 2980 498 3011 i’xFT:
527 2980 589 3011 iste
614 2982 692 3012 istic
721 2991 770 3020 pr.
793 2982 842 3016 Β,
869 2983 926 3013 ille
953 2982 1028 3011 istic
1057 2983 1081 3011 n
1111 2986 1144 3012 et
1169 2990 1257 3012 eurr.
1282 2982 1330 3016 B.
1360 2982 1433 3011 istic
1456 2981 1511 3010 iile
1539 2980 1576 3010 Ε.
1601 2996 1638 3002 -
1665 2982 1701 3011 in
1727 2980 1858 3011 balneis

109 3025 248 3057 PAFT:
276 3027 312 3056 in
337 3026 476 3057 balneas
502 3027 552 3060 R.
581 3029 626 3058 ad
650 3029 788 3060 balneas
815 3029 884 3059 BE.
906 3045 943 3049 —
976 3029 1028 3058 15.
1057 3028 1113 3057 ille
1141 3026 1342 3058 PABFRT:
1372 3027 1424 3056 ill.v
1443 3027 1518 3057 huie
1546 3026 1583 3057 E·
1608 3044 1646 3049 —
1676 3026 1731 3058 1⁸.
1758 3027 1858 3065 puris

109 3076 139 3103 et
163 3073 275 3103 electis
301 3073 410 3103 verbis
438 3072 561 3103 PBFT.
592 3091 631 3096 —
659 3076 714 3106 20.
744 3072 936 3116 loquemur]
965 3083 1140 3115 queremus
1166 3074 1241 3113 (sic)
1271 3074 1293 3104 F
1321 3077 1353 3105 et
1379 3082 1428 3111 pr.
1451 3074 1491 3103 Α.
1523 3089 1560 3095 -
1596 3073 1653 3104 21.
1683 3073 1859 3114 obliquam

107 3118 298 3150 PABFRT.
351 3119 556 3150 Emendavit.
581 3121 703 3152 Aldus.
735 3139 775 3144 ——
813 3122 959 3152 reddunt
987 3120 1144 3151 PABFT.
1180 3137 1218 3142 —
1258 3120 1312 3150 23.
1341 3118 1440 3157 facile
1469 3120 1627 3150 Ernestio
1654 3127 1856 3158 suspectum

109 3165 176 3197 del·
199 3165 278 3197 Sch·
307 3166 339 3195 in
370 3165 431 3196 Ed·
461 3166 542 3196 nmi-
572 3183 609 3188 --
639 3168 695 3199 27.
723 3169 874 3199 maoeime
900 3165 1099 3206 admodum]
1126 3168 1276 3197 maxime
1301 3168 1347 3197 ad
1372 3166 1512 3196 modum
1537 3166 1643 3199 divise
1661 3166 1689 3197 T
1715 3168 1855 3206 abique,

107 3214 258 3243 maxime
284 3211 330 3242 ad
355 3213 568 3243 commodum
591 3213 690 3246 Voss.
715 3215 760 3245 li.
782 3215 843 3245 lii.
874 3214 970 3245 Lcid.
994 3214 1036 3242 ΙΙ.
1072 3219 1104 3245 et
1131 3222 1176 3243 rc.
1199 3222 1285 3243 corr.
1308 3213 1352 3246 Ρ.
1382 3212 1508 3243 delevit
1533 3213 1717 3244 admodum
1736 3213 1855 3244 Lamb.

111 3258 177 3289 Ct’r.
209 3259 308 3295 Haud
335 3257 435 3289 Turs.
458 3259 483 3288 Ι.
514 3266 546 3296 ρ.
570 3260 647 3292 171.
675 3277 717 3283 -
743 3262 895 3292 oratoris
914 3259 1030 3291 BFRT
1050 3265 1084 3291 et
1103 3267 1190 3290 corr.
1211 3259 1249 3290 P.
1273 3275 1310 3281 —
1338 3258 1394 3290 33.
1422 3260 1457 3290 in
1475 3268 1542 3291 om.
1563 3268 1614 3299 pr.
1635 3260 1660 3291 P
1677 3265 1710 3292 et
1729 3258 1852 3292 Graev.

112 3321 150 3328 -—
178 3304 234 3337 36.
262 3306 429 3338 discemus
454 3305 557 3336 ΛΒΤ.
