2117 3762
611 206 680 245 Al)
712 205 764 244 M.
797 200 1007 244 BRUTUM
1039 202 1082 244 C.
1115 204 1184 244 43.
1219 201 1286 243 sifi.
1320 202 1388 244 45.
1796 203 1876 245 433

130 325 220 353 rum
265 325 356 352 cum
397 310 707 365 insequentibus
745 308 887 363 primis
927 322 1151 350 concursus
1189 313 1258 350 aut
1293 306 1450 349 hiulcas
1480 318 1604 348 voces
1635 304 1784 348 efficiat
1812 314 1881 350 aut

129 387 309 429 asperas.
372 372 568 423 Quamvis
599 373 706 412 enim
739 384 886 411 suaves
916 385 1113 426 gravcsve
1144 370 1371 414 sentcntiae
1403 375 1563 418 tamen,
1597 368 1631 410 si
1663 368 1881 411 inconditis

129 434 267 477 verbis
299 435 548 482 efferuntur,
579 433 796 476 offendunt
815 447 956 482 aures,
991 447 1165 489 quarum
1197 439 1258 475 est
1289 432 1487 474 iudicium
1517 431 1879 485 superbissimum.

129 499 252 547 Quod
283 498 451 552 quidem
484 497 626 538 Latina
656 496 794 549 lingua
825 496 883 535 sic
914 498 1130 544 observat,
1162 509 1285 538 nemo
1315 501 1362 536 ut
1391 501 1474 536 tam
1503 496 1682 536 rusticus
1703 496 1778 544 sit,
1812 495 1882 549 qui

131 561 295 601 vocales
335 561 437 601 nolit
480 561 746 611 coniungere.
822 561 914 600 151.
964 561 1009 600 ln
1052 573 1135 615 quo
1184 560 1350 613 quidam
1396 558 1711 612 Theopompum
1759 559 1913 598 etiams

130 621 460 676 reprehendunt,
491 619 602 676 quod
634 633 701 660 eas
733 619 889 661 litteras
921 627 1032 662 tanto
1065 634 1193 677 opere
1224 619 1397 674 sugerit,
1440 619 1516 660 etsi
1547 621 1654 660 idem
1687 621 1884 675 magister

130 684 218 725 cius
250 686 470 725 Isocrates:
521 688 563 722 at
592 695 674 722 non
706 682 989 738 Thucydides,
1037 697 1089 724 nc
1127 683 1196 725 ille
1237 681 1401 738 quidem
1442 681 1551 723 haud
1583 682 1722 738 paullo
1755 681 1887 723 maior

129 747 305 801 scriptor
334 745 446 787 Plato
477 757 552 785 nce
581 743 713 785 solum
746 746 787 784 in
818 745 866 786 iis
897 745 1184 794 sermonibus,
1235 744 1306 799 qui
1338 744 1537 798 διάλογοι
1569 745 1782 793 dicuntur,
1814 744 1887 785 ubi

129 807 251 849 etiam
284 807 334 849 de
365 806 566 848 industria
597 806 637 848 id
670 807 902 848 faciendum
934 807 1034 855 suit,
1065 809 1137 848 sed
1168 808 1210 848 in
1236 806 1427 862 populari
1449 806 1661 856 oratione,
1694 821 1776 863 qua
1797 820 1888 849 mos

129 876 191 911 est
221 870 388 912 Athenis
419 870 578 910 laudari
609 869 650 910 in
682 869 875 911 contione
907 882 997 918 eos,
1031 870 1101 923 qui
1131 869 1213 910 sint
1243 869 1285 910 in
1316 868 1489 922 proeliis
1519 868 1748 919 intersecti3
1782 883 1937 926 quaem

128 935 186 974 sic
216 934 387 987 probata
419 938 502 979 est,
534 938 579 972 ut
608 946 698 972 cam
731 934 976 987 quotannis,
1009 938 1054 974 ut
1085 933 1182 979 scis,
1220 931 1293 973 illo
1324 932 1391 972 die
1422 932 1590 973 recitari
1620 946 1787 974 necesse
1818 932 1885 974 sit.

129 996 174 1035 In
206 1008 255 1035 ea
284 999 346 1035 est
374 996 522 1036 crebra
553 995 629 1035 ista
659 1008 808 1036 vocum
839 994 1083 1043 concursio,
1131 1007 1255 1048 quam
1287 1007 1434 1049 magna
1465 1008 1517 1036 ex
1547 1000 1664 1050 parte
1695 1001 1741 1036 ut
1769 996 1890 1037 vitio-

128 1069 215 1097 sam
244 1055 348 1110 sugit
376 1057 691 1099 Demosthenes.

240 1120 366 1161 XLV.
402 1122 493 1161 152.
549 1119 629 1161 Sed
675 1121 820 1161 Gracci
864 1119 1068 1162 viderint:
1118 1120 1242 1162 nobis
1285 1134 1338 1161 ne
1383 1120 1418 1161 si
1464 1118 1679 1175 cupiamus
1722 1117 1890 1174 quidem

129 1182 357 1223 distrahere
400 1195 524 1224 voces
566 1181 821 1224 conceditur.
884 1184 1072 1224 Indicant
1106 1182 1318 1224 orationes
1357 1182 1453 1224 illae
1492 1183 1610 1236 ipsae
1647 1182 1938 1224 horridulae1⁵

131 1245 320 1293 Catonis,
368 1245 553 1287 indicant
583 1258 726 1287 omnes
757 1250 906 1299 poetae
936 1251 1105 1299 praeter
1135 1259 1232 1295 eos,
1272 1246 1363 1301 qui,
1402 1250 1449 1287 ut
1476 1258 1643 1288 versum
1673 1244 1889 1296 facerent,

129 1321 252 1364 saepe
282 1307 473 1349 hiabant:
506 1313 551 1349 ut
579 1309 759 1349 Naevius

358 1402 451 1449 Vos,
482 1402 550 1455 qui
578 1402 757 1442 accolitis
785 1402 971 1444 Ilistrum
995 1403 1162 1457 fluvium
1190 1408 1307 1457 atque
1335 1403 1510 1458 alyidam
1537 1426 1592 1435 -

129 1497 179 1538 Et
207 1493 364 1537 ibidem

356 1587 486 1640 Quam
513 1603 715 1644 nimquam
742 1591 850 1631 vobis
881 1592 984 1633 Grai
1012 1598 1126 1647 atque
1155 1592 1332 1635 Barbari
1360 1615 1414 1623 —
1901 1607 1939 1633 20

130 1686 182 1726 At
211 1684 365 1726 Ennius
396 1682 525 1726 semel

352 1779 486 1832 Scipio
514 1779 654 1820 invicte
682 1802 736 1810 —

127 1872 180 1914 Et
208 1870 376 1928 quidem
406 1885 482 1914 nos

350 1967 437 2007 Hoc
465 1972 574 2007 motu
601 1966 814 2008 Radiantis
842 1966 1002 2008 Etesiae
1030 1968 1074 2009 in
1101 1968 1203 2009 ‘cada
1224 1970 1341 2022 ponti
1370 1992 1424 2000 —

132 2061 224 2103 153.
266 2061 358 2102 Hoc
385 2061 497 2102 idem
525 2061 658 2102 nostri
689 2061 853 2114 saepius
883 2074 968 2102 non
998 2062 1208 2110 tulissent,
1243 2061 1355 2118 quod
1386 2063 1530 2104 Graeci
1561 2063 1732 2105 laudare
1763 2064 1887 2106 etiam
1900 2076 1936 2103 2⁵

129 2122 278 2164 solent.
340 2121 423 2164 Sed
462 2121 560 2177 quid
600 2136 678 2178 ego
716 2124 909 2165 vocales?
961 2124 1057 2166 Sine
1096 2126 1312 2167 vocalibus
1353 2140 1478 2180 saepe
1518 2126 1732 2169 brevitatis
1764 2141 1888 2169 causa

130 2186 449 2234 contrahebant,
479 2190 526 2226 ut
545 2184 600 2226 ita
626 2186 836 2234 dicerent,
868 2185 1026 2227 multi'
1057 2189 1247 2237 modis,
1279 2191 1380 2230 vas’
1411 2191 1711 2244 argenteis,
1743 2191 1886 2246 palm’

131 2252 180 2288 et
211 2245 474 2295 crinibus,
507 2248 647 2288 tecti'
677 2247 880 2289 fractis.
942 2249 1052 2298 Quid
1080 2263 1182 2291 vero
1213 2250 1427 2300 licentius,
1459 2266 1582 2308 quam
1613 2254 1725 2308 quod
1754 2253 1888 2295 homi-

129 2324 230 2351 num
261 2311 383 2351 etiam
414 2310 582 2351 nomina
612 2308 928 2359 contrahebant,
962 2325 1045 2366 quo
1075 2317 1212 2355 essent
1240 2315 1428 2369 aptiora?
1459 2316 1562 2356 Nam
1581 2320 1628 2356 ut
1656 2315 1886 2358 duellum

129 2370 285 2414 bellum
316 2378 356 2414 et
391 2373 504 2413 duis
541 2370 627 2421 bis,
674 2373 733 2413 sic
770 2373 1037 2415 Duellium
1076 2388 1196 2423 eum,
1242 2377 1313 2431 qui
1351 2378 1514 2420 Poenos
1545 2378 1675 2421 classe
1705 2377 1936 2428 devicit‚³0

130 2434 360 2477 Bellium
390 2435 733 2485 nominaverunt,
764 2449 856 2477 cum
879 2438 1116 2492 superiores
1147 2437 1341 2493 appellati
1373 2445 1511 2481 essent
1541 2454 1707 2494 semper
1734 2442 1886 2482 Duel-

127 2496 205 2540 lii.
266 2498 376 2548 Quin
405 2499 529 2540 etiam
564 2497 690 2540 verba
720 2511 844 2552 saepe
875 2498 1176 2541 contrahuntur
1205 2514 1289 2543 non
1318 2515 1419 2543 usus
1450 2516 1574 2545 causa
1603 2503 1675 2545 sed
1705 2505 1882 2545 aurium.

132 2560 353 2610 Quomodo
386 2562 496 2603 enim
527 2567 665 2603 vester
692 2561 865 2603 Axilla
893 2561 979 2604 Ala
1009 2561 1142 2604 sactus
1173 2569 1261 2614 est,
1312 2565 1393 2606 nisi
1421 2564 1519 2621 fuga
1546 2565 1706 2608 litterae
1735 2567 1885 2608 vastio-

131 2623 215 2664 ris?
264 2636 386 2678 quam
429 2623 608 2666 litteram
654 2624 778 2666 etiam
819 2639 842 2666 e
887 2625 1129 2667 maxillis
1173 2631 1216 2667 et
1257 2627 1471 2670 taxillis
1517 2634 1560 2671 et
1593 2629 1799 2671 vexillo
1843 2634 1884 2671 et

225 2774 258 2806 2.
286 2783 451 2815 yravesve
475 2776 546 2809 Ἧι.
572 2775 638 2809 Gu.
667 2777 700 2809 1.
728 2776 800 2808 Erl.
827 2777 878 2810 R:
921 2786 1111 2819 gravesque
1134 2777 1232 2811 Mon.
1257 2778 1311 2818 E,
1355 2787 1481 2819 graves
1507 2779 1604 2812 Eius.
1642 2777 1779 2822 (qr-aves
1803 2788 1884 2811 sua-

134 2828 230 2853 veave
256 2820 321 2854 Gu.
349 2820 400 2864 3.)
425 2838 466 2846 —
502 2824 677 2856 incondite
698 2824 824 2863 positis
848 2824 902 2862 Α,
929 2824 969 2855 L.
995 2841 1039 2846 —
1076 2825 1110 2856 3.
1146 2824 1327 2866 offendunt
1352 2826 1421 2858 Ἧι.
1449 2826 1544 2859 Eins.
1572 2826 1634 2858 Dr.
1665 2826 1733 2858 Gu.
1762 2827 1794 2858 1.
1822 2827 1882 2858 2.:

133 2866 304 2908 offendent
322 2868 395 2900 RE.
418 2885 454 2891 —
486 2870 746 2902 subtilissimum
772 2870 851 2902 Vet.
881 2870 1002 2910 steph.
1032 2871 1124 2908 Erl.,
1153 2872 1193 2903 L.
1212 2889 1254 2895 —
1281 2872 1316 2904 4.
1344 2874 1428 2914 quin
1454 2873 1522 2905 Vit.
1553 2873 1648 2905 Eius.
1676 2872 1737 2905 Dr.
1758 2872 1825 2905 Gu.
1845 2873 1881 2906 3.

132 2914 230 2947 Mon.
249 2938 258 2954 ‚
284 2915 351 2948 Erl.
380 2915 423 2947 R.
452 2915 522 2948 err.
549 2917 652 2951 Peter
679 2917 743 2950 Ed.
773 2926 805 2957 p.
834 2916 891 2950 39.
920 2922 954 2949 et
979 2916 1117 2950 Goeller
1143 2918 1184 2950 ad
1213 2919 1247 2950 h.
1275 2919 1298 2951 l.
1331 2936 1367 2943 —
1413 2920 1448 2951 5.
1475 2921 1611 2961 quidem
1636 2919 1679 2951 R.
1707 2936 1750 2942 —
1779 2919 1885 2952 Theo-

131 2971 298 3002 pompum
321 2963 427 2994 ctiam
451 2962 519 2994 Ἧι.
547 2964 640 2997 Eius.
667 2964 728 2996 Dr.
757 2964 821 2996 Gu.
851 2965 884 2996 1.
912 2964 945 2995 2.
975 2964 1028 2996 R:
1069 2965 1175 2996 ctiam
1201 2965 1457 3006 Theopompum
1483 2968 1524 2998 E.
1553 2984 1595 2990 —
1622 2966 1656 2998 6.
1687 2965 1778 2998 idem
1802 2966 1881 3000 vet.

134 3008 256 3048 steph.
285 3007 353 3040 Gu.
379 3009 414 3041 3.
440 3008 548 3042 Palat.
574 3010 603 3041 1.
632 3011 724 3042 Erl.:
760 3012 797 3042 id
823 3011 892 3043 Ἧι.
919 3011 1014 3043 Eins.
1042 3010 1104 3042 Dr.
1132 3011 1206 3042 RE.
1237 3012 1307 3044 Cir.
1335 3012 1437 3044 Hand
1466 3013 1567 3045 Tui-s.
1595 3013 1640 3043 ΙΙ.
1669 3020 1704 3052 p.
1731 3011 1812 3045 603.
1839 3030 1884 3037 —-

134 3055 170 3088 8.
195 3058 239 3087 iis
265 3055 388 3086 Eius.:
416 3055 467 3086 his
493 3056 532 3087 E.
555 3056 601 3080 '—
627 3057 761 3098 dialogi
786 3059 825 3090 E.
852 3073 893 3080 -·
932 3059 989 3090 10.
1016 3061 1096 3088 sunt
1121 3057 1217 3091 Eins.
1245 3059 1315 3091 Erl.
1345 3076 1383 3082 —
1424 3060 1482 3091 11.
1507 3056 1565 3099 sit]
1593 3064 1643 3091 est
1668 3059 1764 3098 Vit.‚
1798 3064 1884 3093 esset

134 3102 178 3134 R.
205 3117 250 3125 —
275 3101 333 3133 18.
359 3101 523 3143 Aeyidam
547 3102 585 3135 E.
615 3120 651 3127 —-
679 3104 737 3136 20.
766 3102 855 3135 Grai
878 3104 928 3141 R.
955 3105 1003 3136 L:
1032 3104 1133 3137 Graii
1159 3106 1199 3136 E.
1227 3120 1270 3128 —
1296 3106 1353 3136 21.
1381 3103 1494 3146 semel]
1521 3114 1624 3146 saepo
1646 3105 1676 3138 Α
1703 3109 1882 3147 ceterique

136 3149 346 3189 interpolati.
381 3165 421 3171 —
462 3148 518 3180 27.
543 3149 649 3188 palm·
675 3153 707 3181 et
731 3151 880 3183 crinibus
908 3150 1010 3183 libri:
1047 3150 1157 3191 passi'
1183 3152 1336 3183 crinibus
1360 3152 1504 3190 Lamb.,
1542 3159 1636 3192 ρων
1668 3156 1700 3184 ct
1733 3155 1883 3186 crinibus

136 3199 234 3236 quasi
260 3204 340 3228 cum
367 3194 490 3227 Lamb.
518 3195 559 3227 E.
603 3194 704 3228 Certa
729 3197 829 3230 sedes
857 3197 960 3230 huius
987 3199 1247 3237 compositionis
1281 3203 1334 3231 est
1359 3199 1393 3230 in
1421 3198 1598 3238 Euripidis
1624 3199 1772 3233 Hecuba
1797 3200 1880 3233 816.

136 3243 257 3275 Herm.
297 3243 364 3274 καὶ
402 3242 512 3286 χερσὶ
548 3243 613 3275 καὶ
637 3241 813 3284 κόμαισι·
855 3244 942 3277 adeo
975 3248 1013 3276 ut
1046 3244 1208 3278 Latinum
1243 3244 1439 3286 exemplum
1475 3245 1695 3288 desumptum
1721 3247 1882 3282 videatur

138 3298 178 3323 ex
205 3289 308 3321 Ennii
335 3289 495 3322 Hecuba.
522 3288 589 3322 On.
622 3306 655 3313 —
685 3289 741 3322 31.
767 3291 995 3323 nominarunt
1019 3291 1062 3324 R.
1490 3315 1493 3317 .

213 3360 306 3387 Cicero
325 3359 355 3389 Τ.
374 3360 395 3387 1.
1382 3362 1436 3403 28
