2117 3762
221 259 303 306 216
915 258 984 300 DE
1031 258 1278 301 ORATORE

220 369 400 420 nesciat,
433 370 610 411 eundem
641 367 729 409 eius
758 363 965 412 mulieriS‚
998 378 1102 419 quae
1134 365 1435 421 coemptionem
1466 363 1636 413 fecerit,
1670 378 1831 409 causam
1850 382 1971 425 posse

222 433 472 482 defendere3
520 444 618 479 nec,
667 430 700 470 si
739 427 857 481 parvi
896 428 1049 482 navigii
1087 432 1128 468 et
1171 429 1310 482 magni
1354 430 1498 470 eadem
1538 432 1600 468 est
1627 427 1671 468 in
1701 430 1971 482 gubernando

223 498 414 544 scientia,
464 494 619 536 idcirco
663 491 761 547 qui,
809 492 959 545 quibus
998 489 1139 531 verbis
1178 491 1368 533 heretum
1407 492 1507 531 cieri
1546 494 1753 544 oporteat,
1803 495 1971 542 nesciat,

223 562 335 602 idem
365 557 662 599 herciscundae
692 552 874 595 familiae
907 566 1071 594 causam
1103 566 1227 606 agere
1256 566 1340 594 non
1370 553 1513 607 possit.
1574 554 1671 593 238.
1704 555 1830 602 Nam,
1864 558 1975 608 quod

193 622 423 664 ⁵maximas
461 617 780 658 centumvirales
820 629 963 656 causas
1006 616 1048 655 in
1089 615 1179 655 iure
1208 616 1362 670 positas
1393 614 1623 670 protulisti,
1675 628 1780 669 quae
1811 617 1975 659 tandem

225 697 367 727 earum
407 693 528 723 causa
565 678 668 726 fuit,
717 692 823 732 quae
872 677 924 719 ab
965 676 1132 718 homine
1179 676 1426 732 eloquente,
1478 678 1581 721 iuris
1624 680 1842 734 imperito,
1892 693 1977 721 non

223 748 482 790 ornatissime
520 741 702 799 potuerit
739 742 848 782 dici‘?
900 739 1061 790 Quibus
1101 738 1268 794 quidem
1305 742 1347 780 in
1377 742 1509 783 causis
1540 741 1751 789 omnibus,
1801 742 1906 783 sicut
1934 744 1978 784 in

223 812 311 866 ipsa
340 811 406 851 Μ’.
436 808 571 855 Curii,
623 817 729 859 quae
769 802 842 845 abs
879 809 918 844 te
949 816 1081 858 nuper
1113 808 1176 844 est
1205 804 1339 851 dicta,
1385 810 1425 845 et
1454 804 1496 845 in
1528 805 1572 846 C.
1607 805 1771 846 Hostilii
1800 804 1978 847 Mancini

225 871 508 913 controversia
547 873 670 922 atque
701 865 743 908 in
774 880 825 907 eo
854 879 1012 922 puerO,
1062 866 1133 919 qui
1165 879 1216 906 ex
1246 865 1375 906 altera
1405 871 1522 908 natus
1556 873 1645 909 erat
1681 882 1813 909 uxore
1833 900 1842 916 ,
1894 882 1978 909 non

173 938 210 963 ¹⁰
224 936 397 977 remisso
425 932 572 975 nuntio
602 928 831 985 superiori,
862 928 941 969 suit
969 929 1078 969 inter
1097 927 1371 983 peritissimos
1402 929 1590 970 homines
1621 944 1778 971 summa
1809 933 1859 971 de
1889 930 1978 971 iure

225 997 443 1038 dissensio.
504 997 600 1036 239.
651 994 819 1043 Quaero
859 991 1010 1045 igitur,
1059 991 1159 1045 quid
1198 992 1404 1031 adiuverit
1441 997 1649 1033 oratorem
1679 995 1721 1033 in
1752 994 1815 1034 his
1846 993 1979 1035 causis

222 1059 325 1101 iuris
355 1057 549 1105 scientia,
594 1069 687 1097 cum
717 1055 784 1096 hic
813 1056 914 1096 iuris
945 1055 1158 1095 consultus
1198 1054 1391 1108 superior
1421 1053 1546 1094 fuerit
1584 1054 1862 1105 discessurus,
1910 1058 1980 1112 qui

225 1127 334 1163 esset
371 1135 455 1162 non
494 1135 568 1162 suo
609 1117 811 1167 artificio,
859 1119 932 1158 sed
972 1117 1132 1165 alieno,
1178 1118 1260 1157 hoc
1300 1121 1388 1164 est,
1436 1130 1519 1156 non
1558 1116 1659 1157 iuris
1698 1119 1868 1160 scientia
1910 1123 1981 1161 sed

225 1183 460 1240 eloquentia
506 1187 771 1224 sustentatus.
846 1179 1051 1235 Equidem
1092 1182 1171 1220 hoc
1215 1192 1338 1234 saepe
1382 1178 1546 1227 audivi,
1596 1193 1690 1220 cum
1729 1181 1982 1222 aedilitatem

172 1249 266 1290 1⁵P.
299 1248 468 1288 Crassus
513 1249 675 1301 peteret
717 1257 895 1299 eumque
937 1242 1070 1283 maior
1107 1247 1207 1283 natu
1249 1247 1290 1282 et
1333 1240 1413 1281 iam
1455 1241 1682 1282 consularis
1723 1245 1812 1285 Ser.
1855 1245 1984 1287 Galba

224 1315 521 1358 assectaretur,
555 1306 667 1363 quod
697 1306 831 1349 Crassi
861 1304 987 1346 filiam
1021 1305 1065 1346 C.
1098 1303 1182 1345 filio
1214 1318 1289 1345 suo
1323 1303 1634 1359 despondisset,
1677 1306 1902 1348 accessisse
1933 1310 1984 1349 ad

226 1374 418 1414 Crassum
464 1369 706 1413 consulendi
750 1382 873 1410 causa
924 1369 1130 1424 quendam
1170 1368 1453 1415 rusticanum,
1502 1369 1598 1422 qui,
1652 1382 1744 1409 cum
1792 1370 1983 1412 Crassum

225 1437 459 1478 seduxisset
496 1440 619 1488 atque
659 1434 709 1473 ad
752 1447 847 1473 eum
886 1431 1114 1473 rettulisset
1150 1443 1483 1485 responsumque
1514 1429 1564 1471 ab
1596 1444 1647 1472 eo
1677 1445 1824 1473 verum
1854 1435 1984 1487 magis

226 1514 349 1554 quam
388 1497 439 1540 ad
477 1511 592 1538 suam
631 1509 720 1537 rem
760 1497 1120 1536 accommodatum
1156 1492 1419 1542 abstulisset3
1469 1498 1513 1533 ut
1544 1506 1638 1534 eum
1671 1495 1825 1536 tristem
1858 1496 1986 1537 Galba

175 1568 212 1593 20
229 1564 349 1608 vidit,
380 1560 550 1602 nomine
580 1558 803 1615 appellavit
833 1557 1143 1612 quaesivitque,
1175 1569 1255 1610 qua
1287 1558 1337 1596 de
1368 1570 1412 1597 re
1444 1555 1495 1597 ad
1518 1557 1709 1598 Crassum
1740 1557 1983 1599 rettulisset.

225 1627 289 1666 Ex
319 1637 401 1679 quo
433 1630 478 1665 ut
507 1623 687 1670 audivit,
720 1626 1060 1676 commotumque
1090 1624 1137 1659 ut
1165 1620 1268 1660 vidit
1298 1620 1535 1668 hominem,
1571 1621 1802 1674 Suspenso,
1836 1621 1984 1675 inquit,

226 1689 364 1728 animo
403 1693 443 1727 et
473 1690 674 1741 occupato
709 1685 899 1725 Crassum
929 1682 1005 1724 tibi
1035 1681 1303 1736 respondisse
1333 1682 1480 1722 video:
1534 1683 1630 1723 240.
1672 1681 1821 1723 deinde
1852 1684 1988 1737 ipsum

228 1751 418 1791 Crassum
449 1763 575 1790 manu
603 1746 826 1803 prehendit
847 1751 909 1795 et,
944 1748 1059 1787 Heus
1080 1750 1140 1792 tu,
1171 1745 1329 1798 inquit,
1364 1743 1463 1800 quid
1495 1743 1569 1785 tibi
1602 1746 1644 1785 in
1675 1750 1854 1786 mentem
1876 1747 1990 1786 venit

227 1815 284 1855 ita
323 1815 611 1868 respondere?
661 1814 763 1852 Tum
796 1810 867 1851 ille
904 1808 1079 1850 fidenter
1114 1809 1241 1848 homo
1273 1806 1550 1862 peritissimus
1581 1806 1826 1849 confirmare
1858 1809 1916 1849 ita
1945 1822 1989 1849 se

177 1889 213 1915 25
228 1890 317 1918 rem
348 1877 529 1923 habere,
577 1880 623 1915 ut
664 1872 973 1928 respondisset,
1019 1883 1097 1911 nec
1136 1868 1307 1910 dubium
1347 1882 1437 1910 esse
1476 1883 1614 1924 posse.
1679 1872 1808 1912 Galba
1852 1877 1989 1912 autem

228 1939 415 1980 alludens
447 1939 560 1979 varie
591 1942 632 1978 et
661 1938 829 1990 copiose
860 1936 1010 1974 multas
1041 1932 1331 1973 similitudines
1353 1930 1501 1972 afferre
1523 1932 1730 1987 multaque
1752 1947 1826 1988 pro
1849 1935 1990 1989 aequi-

227 2007 311 2043 tate
342 2006 485 2042 contra
515 2001 577 2041 ius
611 1999 773 2047 dicere3
809 2003 932 2053 atque
963 1996 1099 2043 illum,
1133 2008 1225 2036 cum
1258 1993 1500 2035 disserendo
1531 2008 1604 2049 par
1634 2008 1723 2036 esse
1744 2010 1828 2036 non
1850 2001 1991 2049 posset

232 2064 495 2120 (quamquam
536 2061 614 2102 fuit
645 2062 815 2102 Crassus
855 2061 898 2100 in
937 2071 1112 2100 numero
1152 2057 1427 2105 disertorum,
1481 2059 1553 2098 sed
1583 2070 1657 2112 par
1689 2060 1842 2099 Galbae
1873 2060 1989 2099 nullo

230 2125 396 2180 modo),
431 2127 482 2165 ad
512 2129 702 2165 auctores
733 2121 969 2176 confugisse
1001 2126 1042 2162 et
1070 2121 1139 2168 id,
1174 2122 1285 2175 quod
1315 2120 1404 2172 ipse
1436 2118 1611 2166 diceret,
1644 2125 1684 2160 et
1714 2120 1756 2161 in
1778 2122 1822 2161 P.
1847 2121 1987 2169 Mucii,

181 2190 370 2230 nofratris
410 2189 497 2236 sui,
560 2188 677 2228 libris
723 2192 764 2227 ct
805 2185 846 2226 in
888 2186 986 2226 Sex.
1034 2183 1137 2225 Aelii
1179 2182 1487 2224 commentariis
1527 2182 1725 2237 scriptum
1766 2183 1990 2238 protulisse

231 2264 279 2292 ac
324 2256 463 2292 tamen
506 2248 759 2291 concessisse
803 2249 956 2289 Galbae
996 2246 1317 2299 disputationem
1361 2244 1439 2286 sibi
1474 2244 1733 2301 probabilem
1774 2251 1815 2286 et
1857 2258 1989 2301 prope

231 2328 373 2355 veram
403 2312 551 2355 videri.
610 2313 733 2354 LVII.
767 2312 863 2351 ⁶241.
903 2313 1114 2358 Attamen,
1157 2323 1261 2363 quae
1293 2323 1440 2349 causae
1471 2312 1565 2349 sunt
1595 2307 1822 2357 eiusmodi,
1867 2314 1913 2349 ut
1942 2308 1992 2350 de

233 2391 377 2418 earum
420 2375 510 2417 iure
548 2374 720 2415 dubium
761 2386 851 2414 esse
889 2385 973 2413 non
1012 2371 1163 2427 possit,
1212 2370 1378 2411 omnino
1420 2372 1463 2411 in
1502 2370 1702 2412 iudicium
1733 2370 1876 2412 vocari
1906 2385 1992 2413 non

234 2440 381 2481 solent.
443 2441 549 2479 Num
582 2438 673 2491 quis
705 2450 754 2477 eo
786 2440 1053 2483 testamento,
1105 2436 1216 2490 quod
1247 2433 1542 2488 paterfamilias
1574 2438 1667 2474 ante
1697 2432 1816 2482 fecit,
1868 2447 1991 2487 quam

183 2513 218 2538 ³⁵
234 2504 271 2544 ei
301 2501 409 2543 filius
438 2506 557 2541 natus
589 2504 722 2548 esset,
755 2497 1029 2539 hereditatem
1059 2499 1189 2551 petit?
1235 2499 1386 2547 Nemo;
1418 2498 1514 2551 quia
1544 2501 1703 2537 constat
1732 2498 1990 2550 agnascendo

232 2564 368 2620 rumpi
389 2569 691 2605 testamentum.
752 2564 863 2616 Ergo
893 2562 935 2601 in
966 2560 1045 2602 hoc
1074 2574 1228 2614 genere
1258 2561 1358 2602 iuris
1388 2560 1538 2601 iudicia
1567 2558 1680 2600 nulla
1709 2564 1817 2599 sunt.
1878 2560 1994 2600 Licet

232 2629 361 2681 igitur
390 2628 558 2681 impune
590 2625 746 2667 oratori
777 2638 943 2665 omnem
974 2626 1080 2665 hanc
1110 2629 1269 2676 partem
1300 2622 1403 2663 iuris
1433 2623 1463 2674 -Ι-
1492 2622 1534 2663 in
1559 2621 1853 2662 controversiis
1874 2622 1994 2676 igno-

233 2703 351 2736 rare,
389 2702 494 2744 quae
523 2702 619 2744 pars
651 2689 739 2728 sine
770 2688 895 2728 dubio
928 2686 1058 2727 multo
1088 2685 1268 2726 maxima
1299 2692 1380 2727 cst:
1431 2687 1525 2727 242.
1556 2686 1598 2725 in
1630 2698 1680 2726 eo
1710 2689 1847 2725 autem
1877 2684 1990 2733 iure,

236 2754 347 2807 quod
377 2753 603 2805 ambigitur
630 2751 740 2792 inter
768 2751 1065 2805 peritissimos,
1117 2762 1202 2790 non
1233 2754 1294 2790 est
1323 2747 1490 2789 difficile
1521 2746 1677 2788 oratori
1713 2746 1801 2788 eius
1840 2746 1989 2800 partis,

187 2824 222 2849 40
238 2828 527 2869 quamcunque
558 2812 774 2861 defendet,
808 2819 1021 2853 auctorem
1051 2812 1231 2868 aliquem
1260 2812 1472 2861 invenire3
1505 2824 1528 2851 a
1549 2823 1632 2864 quo
1653 2823 1746 2850 cum
1771 2815 1993 2851 amentatas

331 2928 365 2959 2.
392 2937 475 2960 nam
501 2932 531 2959 et
556 2928 586 2958 si
609 2927 715 2967 parvi
739 2930 770 2958 et
794 2928 914 2968 maqni
938 2927 1075 2967 naviyii
1098 2927 1143 2958 R.
1174 2944 1211 2949 --
1258 2925 1290 2956 3.
1318 2925 1466 2956 heretum
1494 2923 1579 2954 BR:
1622 2926 1752 2954 erctum
1777 2923 1803 2954 E
1819 2946 1828 2957 ,
1874 2927 1992 2955 contra

239 2983 315 3006 mox
342 2975 432 3007 idem
457 2975 709 3006 herisciundae.
740 2990 779 2995 —
816 2974 849 3004 6.
878 2973 1051 3013 eloquente
1078 2973 1188 3005 Codd.
1217 2973 1287 3004 aL:
1315 2971 1485 3011 eloquenti
1508 2970 1613 3002 BRE.
1640 2987 1684 2992 ——
1712 2970 1746 3001 8.
1774 2973 1805 3001 et
1827 2973 1867 3001 ut
1889 2972 1927 3002 in
1951 2969 1990 3001 C.

242 3036 279 3040 —
322 3022 360 3051 Τ.
400 3022 524 3052 Lucilii
559 3022 602 3053 R.
637 3037 681 3041 —
720 3020 775 3052 12.
813 3021 882 3062 suit
919 3021 958 3050 B.
1002 3038 1037 3043 —-
1084 3020 1140 3052 13.
1180 3019 1279 3058 esset]
1314 3020 1416 3050 etiam
1442 3018 1480 3048 B.
1523 3035 1560 3040 —-
1603 3017 1666 3049 Vv.
1693 3018 1755 3048 hoc
1778 3020 1829 3048 est
1853 3035 1865 3041 -
1889 3034 1903 3039 -
1925 3016 1993 3047 elo·

239 3069 381 3107 quentia
420 3073 577 3106 suspecta
616 3069 724 3099 Bakio
765 3067 861 3105 prob.
903 3067 1090 3098 Ellendtio.
1132 3083 1170 3089 —
1213 3067 1270 3097 15.
1304 3068 1335 3096 et
1370 3066 1440 3095 iam
1467 3064 1596 3096 Orellio
1631 3069 1771 3096 auctore
1798 3063 1851 3094 T:
1888 3063 1993 3093 etiam

241 3122 317 3145 cum
345 3114 438 3144 libris
466 3115 538 3145 RE.
569 3131 608 3137 —
638 3115 692 3146 19.
723 3115 886 3154 quoniam
912 3114 951 3144 B.
983 3131 1020 3136 —
1062 3114 1119 3145 20.
1145 3109 1296 3152 nomine]
1325 3112 1466 3142 comiter
1492 3111 1634 3143 Bakius.
1667 3128 1702 3133 —
1744 3111 1801 3141 21.
1837 3112 1876 3140 ut
1912 3114 1991 3141 ante

238 3162 325 3191 vivit
351 3166 548 3198 suspectum
577 3162 763 3193 Ellendtio.
791 3177 832 3181 —
860 3159 916 3191 2⁷4.
944 3161 995 3192 'illl
1022 3158 1099 3201 (sic)
1128 3160 1273 3191 Crassus
1298 3159 1441 3200 fidenter
1466 3158 1508 3189 R.
1538 3174 1581 3180 -
1621 3157 1679 3189 27.
1707 3154 1822 3196 atque]
1849 3156 1992 3196 denique

240 3208 383 3238 Bakius.
413 3223 453 3228 —
479 3207 536 3237 28.
564 3207 667 3246 fuerit
693 3209 735 3240 R.
766 3224 805 3229 -
834 3207 891 3238 31.
920 3212 1077 3238 attamen
1101 3206 1175 3238 BR.
1206 3223 1242 3228 —
1272 3204 1328 3236 33.
1356 3206 1392 3236 in
1416 3205 1546 3236 iudicio
1572 3205 1611 3236 B.
1641 3220 1681 3226 —
1723 3204 1780 3235 35.
1808 3207 1856 3234 est
1882 3202 1921 3232 B.
1952 3218 1990 3224 —-

238 3253 460 3293 aynoscerzdo
487 3253 524 3282 B.
547 3269 587 3274 —
614 3254 670 3285 37.
699 3257 737 3286 in
762 3255 1005 3285 controversiis
1032 3262 1110 3285 cum
1136 3254 1258 3285 ceteris
1285 3251 1377 3283 libris
1404 3251 1564 3283 omnibus
1592 3251 1693 3282 BRT.
1721 3247 1789 3290 (hic
1815 3257 1892 3279 cum
1919 3256 1993 3279 cor-

240 3299 398 3338 ruptelae
425 3297 557 3339 sign0):
584 3301 838 3332 incontroversi
855 3301 1023 3332 Lambino
1043 3304 1183 3331 auctore
1199 3300 1239 3335 E,
1269 3301 1327 3338 qui
1354 3304 1469 3330 tamen
1495 3298 1658 3334 seclusit3
1686 3305 1756 3329 non
1781 3295 1994 3328 controversi

240 3347 384 3379 Bakius.
414 3360 450 3366 —
479 3344 535 3376 39.
565 3345 627 3387 est]
654 3356 720 3380 esse
746 3348 788 3380 R.
819 3363 858 3370 —
885 3347 943 3379 [40.
972 3346 1127 3388 defendet
1153 3346 1179 3378 B
1206 3346 1362 3387 aliique:
1389 3343 1551 3386 defendat
1575 3344 1651 3375 RE.
