2117 3762
724 285 822 325 LIB.
856 283 908 323 11.
969 283 1010 324 C.
1041 282 1106 324 119.
1137 283 1204 324 50.
1238 283 1304 324 51.
1803 285 1881 326 261

139 408 320 451 unquam
351 393 456 441 vidi,
489 390 599 447 quod
626 395 705 432 tam
728 404 750 431 e
771 387 959 430 manilius
991 387 1240 437 elaberetur,
1272 401 1393 445 quam
1422 387 1522 430 mihi
1552 393 1637 430 tum
1668 394 1730 431 est
1749 389 1887 445 elapsa

139 458 206 500 illa
236 470 371 498 causa.
433 457 532 497 Cum
565 453 693 500 enim,
726 451 1071 507 quemadmodum
1103 451 1261 500 dixisti,
1294 453 1367 492 tibi
1394 464 1470 506 ego
1492 465 1575 493 11011
1597 450 1793 494 iudicium
1814 456 1886 495 scd

139 521 374 561 incendium
408 516 687 562 tradidissem,
719 516 830 570 quod
862 519 974 556 tuum
1002 515 1267 568 principium,
1300 513 1354 554 dii
1377 513 1651 562 immortales,
1684 513 1783 555 fuitl
1818 517 1887 570 qui

140 583 283 622 timor!
337 594 442 636 quae
486 577 711 620 dubitatiol
788 582 940 631 quanta
981 577 1196 618 haesitatio
1245 581 1480 632 tractusque
1524 574 1771 618 verborum!
1841 580 1890 620 Ut

138 643 240 685 illud
269 643 408 691 initio,
453 639 565 695 quod
597 638 670 681 tibi
700 653 827 681 unum
857 638 906 680 ad
937 637 1234 693 ignoscendum
1263 639 1451 681 homines
1481 637 1650 687 dabant,
1694 639 1917 682 tenuistizs

139 712 178 748 te
209 719 286 759 pro
316 703 486 746 homine
516 703 844 757 pernecessario,
881 707 1098 757 quaestore
1130 706 1221 746 tuo,
1253 701 1414 741 diceret
1450 715 1572 756 quam
1602 699 1676 743 tibi
1705 701 1886 757 primum

139 767 310 809 munisti
350 766 401 808 ad
442 772 481 807 te
521 764 770 807 audiendum
802 767 929 807 viaml
981 766 1074 806 203.
1104 765 1210 803 Ecce
1241 767 1399 811 autem,
1447 777 1540 805 cum
1572 769 1610 805 te
1641 763 1742 805 nihil
1775 766 1889 806 aliud

137 829 362 886 profecisse
400 828 646 876 arbitrarer,
693 829 769 868 nisi
808 834 853 869 ut
890 828 1075 869 homines
1115 823 1188 865 tibi
1221 824 1352 865 civem
1384 826 1620 881 improbum
1652 825 1890 869 defendenti

138 890 433 946 ignoscendum
462 896 638 943 propter
665 890 1012 931 necessitudinem
1045 887 1368 934 arbitrarentur,
1408 900 1576 943 serpere
1604 889 1764 931 occulte
1794 903 1889 932 coe-

137 953 257 1010 pisti,
288 950 486 994 nihildum
519 952 608 994 aliis
638 952 962 1007 suspicantibus,
994 965 1060 993 me
1090 963 1187 991 vero
1216 949 1297 990 iam
1331 949 1675 1004 pertimescente,
1708 957 1753 993 ut
1777 951 1889 994 illam
1903 961 1939 988 10

138 1031 222 1058 non
251 1015 433 1055 Norbani
465 1014 708 1056 seditionem
742 1018 813 1056 sed
846 1014 989 1068 populi
1018 1011 1193 1055 Romani
1224 1011 1477 1054 iracundiam
1508 1028 1643 1068 neque
1666 1028 1756 1056 eam
1783 1015 1891 1057 iniu-

137 1084 239 1120 stam
272 1076 343 1118 sed
374 1078 563 1119 meritam
596 1092 641 1119 ac
679 1079 860 1119 debitam
890 1076 1015 1117 fuisse
1051 1073 1310 1117 defenderes,
1372 1074 1531 1117 Deinde
1566 1078 1634 1132 qui
1666 1076 1781 1119 locus
1816 1079 1890 1120 abs

138 1148 176 1182 te
202 1140 516 1194 praetermissus
547 1146 608 1181 est
640 1142 679 1181 in
708 1139 986 1193 Caepionem?
1035 1141 1081 1180 Ut
1114 1144 1157 1180 tu
1188 1137 1257 1178 illa
1287 1137 1424 1179 omnia
1452 1138 1568 1186 odio,
1601 1138 1780 1188 invidia,
1813 1141 1891 1181 mi-

137 1202 362 1243 sericordia
384 1203 601 1243 miscuisti!
639 1205 780 1256 Neque
808 1200 906 1242 haec
931 1201 1064 1242 solum
1086 1202 1127 1242 in
1157 1199 1399 1242 defensione
1426 1200 1500 1243 sed
1529 1203 1650 1243 etiam
1672 1204 1713 1244 in
1735 1204 1888 1244 Scauro

138 1265 371 1319 ceterisque
407 1264 507 1305 meis
536 1263 729 1313 testibus,
763 1277 940 1320 quorum
962 1262 1199 1305 testimonia
1228 1276 1312 1304 non
1344 1262 1572 1305 refellendo
1606 1265 1680 1305 sed
1710 1263 1760 1306 ad
1792 1271 1939 1306 eun-1⁵

137 1327 231 1370 dem
252 1327 449 1382 impetum
482 1326 623 1381 populi
653 1325 930 1380 confugiendo
959 1325 1160 1366 refutasti.
1221 1327 1315 1366 204.
1350 1326 1465 1375 Quae
1487 1338 1580 1366 cum
1602 1327 1738 1368 abste
1762 1329 1886 1368 modo

138 1395 585 1437 commemorarentur,
620 1388 811 1444 equidem
842 1388 953 1430 nulla
983 1391 1205 1442 praecepta
1235 1385 1548 1438 desiderabam3
1594 1388 1724 1442 ipsam
1756 1394 1892 1430 tamen

137 1455 254 1495 istam
286 1451 692 1506 [demonstrationem
716 1450 1001 1492 defensionum
1024 1456 1190 1490 tuarum
1221 1448 1294 1491 abs
1321 1454 1360 1490 te
1390 1450 1480 1505 ipso
1511 1449 1888 1505 commemoratam]

138 1516 367 1559 doctrinam
391 1527 481 1555 esse
510 1526 593 1554 non
621 1511 872 1554 mediocrem
905 1517 1022 1568 puto.
1082 1511 1226 1567 Atqui,
1265 1513 1299 1553 si
1330 1512 1387 1553 ita
1414 1512 1575 1567 placet,
1607 1512 1741 1570 inquit
1766 1516 1892 1555 Anto-

137 1581 256 1628 nius,
288 1577 499 1619 trademus
524 1574 669 1623 etiam,
703 1589 809 1631 quae
840 1589 916 1616 nos
942 1575 1059 1629 sequi
1090 1574 1132 1615 in
1167 1575 1343 1616 dicendo
1375 1589 1563 1632 quaeque
1593 1576 1772 1619 maxime
1801 1584 1940 1632 spe-20

139 1647 250 1683 ctare
278 1640 474 1682 solemus.
534 1639 685 1679 Docuit
715 1637 825 1679 enim
851 1639 933 1679 iam
962 1651 1038 1679 nos
1060 1638 1185 1691 longa
1214 1637 1298 1679 vita
1321 1651 1500 1693 ususque
1525 1652 1665 1680 rerum
1695 1639 1892 1680 maxima-

139 1718 249 1750 rum,
280 1709 327 1744 ut
358 1703 506 1756 quibus
537 1702 661 1741 rebus
693 1702 817 1741 animi
847 1702 1064 1742 hominum
1093 1707 1377 1749 moverentur,
1407 1706 1659 1743 teneremus.

249 1766 317 1806 LI.
364 1767 459 1805 205.
506 1764 709 1818 Equidem
748 1764 928 1818 primum
973 1764 1239 1805 considerare
1279 1763 1417 1813 soleo,
1464 1762 1701 1819 postuletne
1748 1777 1887 1805 031153.

138 1831 240 1870 Nam
283 1841 419 1882 neque
460 1827 598 1880 parvis
638 1828 678 1866 in
717 1829 845 1867 rebus
885 1827 1145 1867 adhibendae
1185 1831 1281 1867 sunt
1310 1828 1387 1868 hae
1419 1826 1580 1868 dicendi
1609 1825 1722 1868 faces
1752 1839 1891 1881 neque

137 1893 196 1932 ita
225 1890 414 1932 animatis
444 1889 709 1937 hominibus,
754 1894 800 1928 ut
838 1890 940 1929 nihil
981 1888 1031 1930 ad
1071 1902 1217 1930 eorum
1258 1894 1416 1930 mentes
1447 1891 1636 1931 oratione
1666 1887 1890 1931 flectendas
1904 1905 1940 1932 2⁵

137 1951 341 2010 proficere
363 1952 587 2005 possimus,
618 1964 670 1991 ne
701 1956 774 1991 aut
803 1952 994 1992 irrisione
1025 1957 1098 1992 aut
1122 1950 1218 1993 odio
1251 1952 1362 2005 digni
1392 1956 1610 2007 putemur,
1641 1953 1675 1993 si
1705 1957 1778 1993 aut
1808 1957 1893 1992 tra-

139 2015 308 2071 goedias
338 2028 508 2069 agamus
538 2016 580 2055 in
610 2015 730 2067 nugis
761 2019 834 2053 aut
863 2013 1095 2055 convellere
1127 2015 1368 2055 adoriamur
1389 2027 1437 2055 ea
1456 2045 1468 2063 ,
1501 2028 1608 2069 quae
1629 2027 1712 2056 non
1731 2015 1893 2070 possint

140 2078 411 2120 commoveri.
473 2078 569 2117 206.
617 2078 721 2116 Ν3111
763 2078 961 2130 quoniam
1001 2077 1105 2117 haec
1144 2077 1233 2117 fere
1271 2077 1450 2118 maxime
1491 2081 1587 2118 sunt
1622 2079 1666 2118 in
1701 2078 1893 2125 ⁴iudicum

139 2143 287 2183 animis
307 2146 401 2189 aut,
435 2140 673 2195 quicunque
701 2137 760 2179 illi
792 2144 935 2187 erunt,
969 2141 1080 2194 apud
1101 2152 1206 2195 quos
1227 2152 1423 2192 agemus,
1457 2140 1646 2181 oratione
1667 2138 1890 2189 molienda,

139 2217 277 2251 amor,
317 2201 480 2251 odium,
525 2199 760 2250 iracundia,
800 2201 979 2250 invidia,
1023 2203 1336 2250 misericordia,
1382 2215 1498 2257 spes,
1535 2201 1715 2251 laetitia,
1750 2203 1890 2252 timor,
1906 2218 1941 2244 ³0

139 2266 355 2307 molestia:
403 2266 603 2306 sentimus
643 2277 829 2305 amorem
870 2265 1103 2313 conciliari,
1152 2265 1185 2305 si
1216 2263 1258 2305 id
1294 2263 1486 2313 videare,
1540 2263 1653 2320 quod
1691 2266 1746 2306 sit
1789 2266 1891 2307 utile

139 2329 264 2384 ipsis,
297 2326 406 2382 apud
437 2341 543 2381 quos
574 2339 698 2380 agas,
732 2325 981 2377 defendere;
1014 2328 1046 2367 si
1078 2332 1151 2367 aut
1180 2339 1259 2382 pro
1289 2328 1410 2368 honis
1439 2328 1538 2369 viris
1569 2332 1642 2368 aut
1672 2333 1783 2369 certe
1813 2341 1890 2381 pro

140 2393 213 2439 iis,
246 2391 317 2446 qui
346 2389 425 2430 illis
456 2390 554 2430 boni
585 2394 710 2444 atque
740 2387 865 2429 utiles
885 2390 988 2437 sint,
1022 2387 1229 2430 laborare.
1290 2391 1477 2445 Namque
1497 2391 1601 2431 haec
1621 2402 1686 2431 res
1706 2402 1890 2430 amorem

140 2454 272 2506 magis
303 2451 521 2500 conciliat,
570 2450 639 2492 illa
678 2453 844 2493 virtutis
888 2452 1072 2492 defensio
1117 2454 1360 2503 caritatem;
1406 2454 1585 2506 plusque
1626 2450 1808 2508 proficit,
1858 2452 1891 2493 si

140 2516 390 2572 proponitur
426 2528 518 2569 spes
554 2515 746 2554 utilitatis
776 2513 943 2555 suturae
975 2528 1099 2569 quam
1128 2516 1342 2570 praeteriti
1373 2513 1565 2556 beneficii
1595 2527 1891 2555 commemora-
1904 2527 1939 2555 ³5

142 2579 215 2619 tio.
273 2579 370 2618 207.
403 2578 654 2618 Enitendum
685 2582 769 2623 est,
814 2582 862 2617 ut
892 2575 1112 2626 ostendas,
1156 2577 1199 2617 in
1229 2590 1278 2618 ea
1307 2591 1376 2626 re,
1410 2591 1535 2632 quam
1565 2576 1785 2625 defendas,
1819 2581 1892 2617 aut

143 2641 386 2694 dignitatem
416 2641 553 2681 inesse
583 2645 656 2680 aut
686 2639 928 2687 utilitatem,
977 2652 1175 2695 eumque,
1223 2641 1289 2681 cui
1323 2640 1518 2682 concilies
1550 2641 1660 2681 1111110
1690 2650 1888 2687 3111010111,

144 2701 350 2756 significes
391 2701 491 2743 1111111
535 2700 587 2743 ad
632 2703 854 2742 utilitatem
901 2715 1017 2743 suam
1056 2702 1263 2743 rettulisse
1305 2716 1353 2744 30
1398 2704 1500 2744 1111111
1539 2703 1706 2744 0111111110
1745 2701 1891 2741 fecisse

145 2778 270 2806 causa
298 2777 387 2806 sua.
448 2765 662 2805 Invidctur
693 2764 801 2804 enim
832 2762 1058 2805 commodis
1088 2766 1301 2809 hominum
1332 2766 1543 2820 ipsorum3
1577 2764 1722 2805 studiis
1752 2767 1891 2804 autem

238 2909 270 2940 1.
291 2907 446 2947 collapsa
463 2908 505 2939 R.
526 2923 565 2931 —
583 2907 618 2939 lt.
639 2910 770 2949 quanta
788 2907 970 2940 haesitatio
989 2916 1057 2939 0111.
1074 2907 1146 2939 ΑΒ.
1165 2926 1204 2932 -
1225 2909 1279 2948 Ut]
1296 2908 1345 2939 Tu
1362 2909 1402 2946 B,
1425 2909 1464 2940 Ut
1482 2912 1518 2939 tu
1537 2906 1602 2938 Gu.
1622 2906 1654 2938 3.
1673 2921 1709 2927 -
1729 2905 1764 2938 6.
1783 2905 1893 2938 dicere

146 2959 204 2987 tuo
231 2955 284 2993 R,
310 2955 419 2986 dicere
444 2963 512 2986 om.
539 2954 610 2986 AB.
642 2972 680 2978 —
706 2955 739 2986 7.
769 2958 799 2985 te
824 2960 902 2986 ante
928 2954 1014 2985 nihil
1040 2963 1108 2986 om.
1136 2955 1208 2987 ΑΒ.
1239 2973 1273 2978 -
1304 2957 1361 2987 10.
1387 2955 1474 2985 nihil
1499 2957 1569 2984 tum
1594 2953 1669 2985 AR.
1687 2969 1722 2975 —
1753 2953 1809 2984 11.
1834 2952 1894 2984 sed

144 3003 243 3034 illam
265 3001 385 3041 populi
410 3002 452 3031 R.
475 3016 514 3022 —
541 3001 593 3032 12.
621 3011 643 3033 α
669 3007 700 3033 te
725 3001 795 3033 ΒΤ.
825 3000 881 3042 (Ut
899 3010 982 3036 nos.
1010 2999 1098 3042 AB.)
1123 3018 1163 3024 -
1190 3001 1246 3033 17.
1275 3006 1587 3033 commemorantur
1613 3000 1684 3031 AB.
1710 3016 1748 3022 —
1779 2999 1894 3039 ipsam

146 3052 262 3081 tamen
285 3049 390 3079 istam
416 3047 445 3078 Α
471 3047 624 3087 allique:
654 3049 756 3080 istam
781 3050 894 3088 ipsam
922 3052 1034 3078 tamen
1052 3048 1078 3078 Β
1094 3071 1103 3085 ,
1129 3049 1236 3080 istam
1262 3050 1350 3080 enim
1374 3050 1485 3087 ipsam
1510 3046 1580 3078 RE.
1603 3059 1644 3066 -
1671 3045 1726 3077 18.
1755 3045 1895 3077 demon-

145 3097 352 3128 strationem
370 3111 383 3117 -
401 3110 413 3116 -
431 3099 733 3126 commemoratam
759 3103 827 3126 om.
854 3095 880 3126 B
908 3095 1036 3134 31111110
1054 3118 1062 3131 ,
1090 3095 1231 3127 seclusit
1258 3096 1407 3127 Ellendt.
1435 3092 1592 3133 (Habere
1618 3092 1758 3125 videtur
1772 3090 1831 3133 Α.)
1850 3108 1890 3115 --

147 3142 205 3174 19.
232 3142 346 3182 inquit
369 3140 540 3172 Antonius
566 3149 632 3173 om.
654 3142 733 3179 AB,
760 3142 930 3173 Antonius
956 3149 1022 3172 om.
1046 3141 1086 3173 R.
1107 3158 1149 3164 —-
1174 3142 1230 3173 21.
1259 3142 1363 3183 lonqa
1389 3142 1459 3172 iam
1483 3149 1545 3170 nos
1564 3139 1605 3170 R.
1629 3154 1665 3160 —
1694 3138 1749 3171 23.
1772 3143 1894 3180 postu—

148 3188 258 3221 lentne
284 3188 324 3219 A.
354 3204 393 3209 —
437 3195 579 3217 causam
605 3187 676 3218 ΑΒ.
717 3204 756 3210 -
800 3188 856 3220 214.
884 3187 973 3219 Nam
997 3196 1064 3218 om.
1093 3186 1136 3220 Α.
1165 3205 1203 3210 -
1247 3188 1303 3219 26.
1329 3195 1504 3228 possemus
1530 3185 1602 3217 AB.
1629 3201 1671 3208 -
1706 3185 1762 3218 28.
1791 3183 1892 3226 Nam]

147 3235 225 3266 Iam
251 3235 424 3275 Madvigio
451 3237 592 3264 auctore
619 3233 848 3266 Henrlchsen.
873 3252 910 3257 —
939 3234 995 3265 31.
1023 3234 1059 3264 id
1083 3232 1236 3274 videare]
1264 3235 1300 3265 id
1324 3236 1361 3265 in
1384 3241 1421 3264 re
1444 3233 1622 3264 videamus
1647 3228 1722 3273 (sic)
1749 3231 1830 3272 AB,
1857 3232 1895 3263 td

147 3282 232 3313 velte
254 3281 392 3313 videare
417 3279 497 3310 Ald.
535 3284 568 3311 et
594 3279 682 3311 Edd.
711 3285 789 3312 ante
817 3280 1006 3312 Gruterum
1040 3288 1078 3311 30
1105 3289 1156 3319 pr.
1185 3280 1296 3312 Havn.
1323 3281 1354 3311 1.
1372 3303 1382 3316 ,
1420 3279 1458 3310 id
1481 3280 1556 3311 iure
1579 3279 1758 3311 videamur
1783 3279 1823 3310 R.
1853 3293 1892 3301 «-

150 3328 206 3360 32.
233 3332 294 3359 aut
312 3329 347 3358 'st'
372 3326 479 3358 Balsio
506 3330 647 3358 auctore
673 3326 714 3358 T.
740 3340 782 3348 -
809 3326 865 3359 35.
888 3331 1039 3366 ponetur
1063 3326 1114 3366 A,
1138 3328 1284 3367 ponitur
1310 3326 1350 3358 B.
1382 3341 1416 3347 —
1445 3325 1502 3358 37.
1530 3334 1599 3358 esse
1623 3325 1696 3357 ΑΒ.
1727 3343 1765 3350 -
1801 3333 1878 3357 amo

148 3371 233 3414 rem]
259 3374 426 3405 maiorem
450 3372 522 3404 ΑΒ.
