2117 3762
757 217 855 256 LIB.
887 216 917 258 l.
978 213 1021 258 C.
1052 214 1093 254 2.
1132 214 1173 254 3.
1206 212 1245 254 4.
1848 215 1873 255 3

125 331 205 377 sit,
252 335 293 369 et
331 341 405 382 per
443 339 566 380 quam
609 322 882 375 exponimus,
917 321 1067 374 quibus
1098 321 1148 360 de
1178 319 1303 359 rebus
1333 317 1460 358 simus
1495 317 1657 358 dicturi.
1721 317 1876 358 Consu--

125 392 250 432 matio
282 397 344 430 cst
374 396 610 431 nostrorum
641 390 981 437 argumentorum
1013 383 1219 435 expositio
1251 395 1343 421 cum
1374 382 1694 421 asseveratione.
1771 382 1877 420 Con-

125 454 269 493 sutatio
302 458 363 492 est
393 451 695 492 contrariorum
727 448 915 486 locorum
957 446 1190 486 dissolutio.
1271 444 1492 485 Conclusio
1534 450 1595 484 est
1634 441 1877 483 artificiosus

125 517 325 556 terminus
357 513 572 555 orationis.
634 512 775 555 Nunc,
810 509 1005 562 quoniam
1038 522 1119 548 una
1149 522 1242 548 cum
1273 508 1450 548 oratoris
1482 505 1655 554 officiis,
1699 521 1780 560 quo
1814 520 1877 547 res

125 579 293 631 cognitu
323 577 486 617 facilior
516 579 623 615 esset
642 603 652 621 ,
702 572 892 624 producti
924 585 1088 618 sumus,
1128 576 1174 610 ut
1203 572 1253 611 de
1285 570 1486 610 orationis
1516 570 1702 622 partibus
1735 570 1906 622 loque-5

126 655 266 681 remur
310 645 350 680 et
395 652 464 679 eas
509 639 559 677 ad
603 635 852 675 inventionis
892 635 1096 674 rationem
1127 634 1562 681 accominodareiliuS‚
1615 633 1666 673 de
1705 633 1876 672 exordio

126 704 305 757 primum
337 702 557 741 dicendum
589 700 766 739 videtur.

237 768 276 805 5.
312 764 444 804 Causa
474 763 607 815 posita
627 792 637 809 ‚
672 775 754 814 quo
787 760 1047 800 commodius
1078 759 1261 799 exordiri
1292 760 1525 812 possimus,
1573 772 1702 809 genus
1733 771 1880 799 causae

126 831 187 868 est
215 827 578 866 considerandum.
642 824 804 864 Genera
834 836 1052 863 causarum
1083 827 1178 862 suut
1209 828 1427 875 quattuor:
1462 824 1709 869 honestum,
1744 828 1878 874 turpe,

125 889 323 937 dubium,
356 889 528 929 humile.
591 887 821 927 Honestum
854 899 1000 925 causae
1033 898 1163 939 genus
1193 889 1389 937 putatur,
1443 899 1534 924 cum
1567 891 1637 925 aut
1667 886 1707 925 id
1739 884 1933 925 desen-10

125 953 289 999 dimus,
340 952 451 1005 quod
483 951 533 990 ab
566 950 759 989 omnibus
791 948 1097 988 defendendum
1141 948 1334 995 videtur,
1387 952 1457 986 aut
1496 948 1536 987 id
1575 961 1880 1000 oppugnamus,

125 1015 237 1069 quod
268 1015 320 1054 ab
353 1014 547 1054 omnibus
578 1013 742 1052 videtur
781 1011 1013 1063 oppugnari
1052 1011 1229 1059 debere;
1277 1013 1323 1049 ut
1352 1023 1428 1061 pro
1460 1010 1549 1049 viro
1582 1011 1676 1050 sorti
1697 1041 1707 1058 ,
1741 1015 1885 1051 contra

124 1077 389 1130 parricidam.
451 1078 589 1128 Turpe
620 1088 748 1129 genus
779 1074 1021 1126 intelligitur
1040 1104 1050 1121 ‚
1099 1087 1192 1113 cum
1223 1077 1292 1112 aut
1321 1072 1497 1112 honesta
1527 1086 1592 1113 res
1624 1079 1886 1125 oppugnatur

125 1145 195 1180 aut
223 1139 459 1180 defenditur
489 1138 635 1191 turpis.
697 1137 878 1176 Dubium
911 1150 1039 1189 genus
1072 1140 1162 1183 est,
1215 1149 1308 1175 cum
1348 1135 1475 1175 habet
1517 1135 1558 1174 in
1599 1148 1642 1176 se
1684 1149 1805 1176 causa
1845 1141 1887 1175 et

124 1202 354 1244 honestatis
385 1207 426 1242 et
455 1199 720 1253 turpitudinis
759 1204 934 1251 partem.
996 1199 1164 1238 Humile
1205 1211 1334 1251 genus
1376 1203 1467 1245 est,
1516 1211 1608 1237 cum
1649 1203 1933 1250 contemptam

126 1278 192 1306 res
221 1263 407 1305 affertur.
469 1263 537 1303 lv,
571 1264 611 1302 6.
647 1262 749 1302 Cum
780 1260 881 1301 haec
912 1262 967 1301 ita
997 1262 1106 1309 sint,
1139 1261 1361 1301 conveniet
1390 1260 1659 1301 exordiorum
1683 1261 1884 1300 rationem

125 1329 177 1368 ad
217 1339 364 1368 causae
404 1339 534 1380 genus
573 1324 897 1366 accommodari.
958 1325 1237 1364 Exordiorum
1279 1325 1361 1363 duo
1402 1328 1497 1363 sunt
1539 1337 1720 1376 genera,
1772 1323 1887 1375 prin-

126 1391 280 1444 cipium
299 1421 310 1438 ,
344 1390 456 1444 quod
488 1390 643 1429 Graece
675 1394 904 1444 προοίμιον
935 1388 1196 1440 appellatur,
1230 1391 1271 1427 et
1297 1386 1547 1434 insinuatio,
1586 1399 1692 1440 quae
1727 1384 1886 1437 ἔφοδος

124 1455 376 1494 nominatur.

237 1515 490 1568 Principium
533 1518 618 1562 est,
668 1527 762 1554 cum
800 1513 935 1553 statim
966 1513 1167 1553 auditoris
1200 1512 1384 1552 animum
1414 1512 1538 1552 nobis
1569 1512 1765 1552 idoneum
1796 1512 1888 1553 red-
1901 1525 1936 1550 20

126 1579 262 1620 dimus
292 1579 343 1618 ad
374 1578 642 1617 audiendum.
705 1577 750 1616 Id
782 1577 838 1616 ita
866 1577 1071 1624 sumitur,
1112 1579 1158 1615 ut
1187 1580 1396 1623 attentos,
1436 1580 1483 1615 ut
1513 1575 1667 1615 dociles
1687 1606 1697 1623 ‚
1742 1579 1788 1615 ut
1816 1576 1889 1615 be-

125 1641 301 1682 nevolos
332 1641 541 1680 auditores
571 1640 726 1679 habere
758 1639 980 1691 possimus.
1043 1639 1085 1679 Si
1107 1652 1236 1692 genus
1258 1651 1406 1678 causae
1429 1638 1602 1678 dubium
1624 1638 1886 1685 habebimus,

127 1718 152 1745 a
181 1703 475 1744 benevolentia
504 1702 754 1755 principium
786 1702 1084 1742 constituemus
1103 1732 1115 1750 ,
1166 1715 1220 1741 ne
1259 1701 1360 1755 quid
1395 1700 1467 1740 illa
1498 1700 1762 1753 turpitudinis
1793 1714 1888 1753 pars

82 1816 88 1820 Ι
126 1767 250 1807 nobis
280 1766 429 1806 obesse
459 1765 605 1817 possit.
677 1765 748 1804 Sin
778 1765 936 1804 humile
969 1778 1099 1818 genus
1130 1764 1209 1804 erit
1239 1776 1413 1811 causae,
1459 1763 1659 1803 faciemus
1690 1767 1885 1803 attentos.

127 1829 200 1869 Sin
230 1833 352 1880 turpe
383 1841 530 1868 causae
562 1840 690 1880 genus
722 1827 823 1874 erit,
868 1827 1148 1867 insinuatione
1184 1827 1385 1866 utendum
1423 1830 1507 1874 est,
1556 1826 1606 1866 de
1625 1839 1720 1879 -qua
1750 1830 1888 1878 poste·
1900 1836 1936 1862 25

126 1891 213 1932 rius
256 1891 467 1938 dicemus,
512 1890 593 1930 nisi
634 1890 733 1943 quid
777 1890 887 1929 nacti
926 1890 1107 1938 erimus,
1160 1902 1288 1943 quare
1324 1889 1584 1929 adversarios
1630 1888 1886 1928 criminando

126 1953 462 1994 benevolentiam
493 1965 641 2005 capere
663 1953 885 2005 possimus.
950 1953 1021 1992 Sin
1042 1953 1266 1992 honestum
1288 1964 1436 1992 causae
1463 1964 1592 2005 genus
1614 1951 1714 1999 erit,
1748 1951 1890 1990 licebit

127 2021 239 2058 recte
269 2016 336 2057 vel
372 2016 433 2056 uti
471 2016 539 2056 vel
578 2028 663 2055 non
700 2015 761 2055 uti
790 2014 1013 2067 principiO.
1076 2015 1119 2055 Si
1149 2015 1209 2055 uti
1239 2015 1452 2062 volemus,
1504 2018 1574 2053 aut
1606 2014 1648 2054 id
1679 2014 1891 2066 oportebit

129 2079 372 2126 ostendere,
424 2090 553 2132 quare
598 2091 722 2118 causa
762 2077 816 2117 sit
855 2078 1058 2132 honesta,
1105 2082 1176 2118 aut
1213 2077 1424 2126 breviter,
1476 2076 1627 2130 quibus
1670 2077 1721 2116 de
1765 2077 1889 2117 rebus

128 2141 458 2189 simusdicturi,
492 2153 720 2194 exponere.
783 2140 856 2180 Sin
885 2140 1090 2193 principio
1112 2141 1174 2180 uti
1195 2141 1415 2188 nolemus,
1448 2153 1473 2180 a
1492 2139 1609 2193 lege,
1642 2151 1667 2179 a
1687 2138 1890 2191 scriptura
1903 2150 1938 2176 so

128 2209 201 2245 aut
236 2205 288 2246 ab
329 2204 468 2258 aliquo
508 2201 744 2244 firmissimo
784 2208 953 2244 nostrae
988 2217 1137 2244 causae
1179 2203 1417 2244 adiumento
1460 2201 1710 2255 principium
1741 2213 1889 2253 capere

130 2266 354 2321 oportebit.
412 2267 452 2306 7.
487 2266 694 2315 Quoniam
723 2266 849 2320 igitur
879 2266 1084 2315 docilem,
1116 2266 1391 2314 benevolum,
1426 2269 1628 2305 attentum
1659 2264 1888 2304 auditorem

128 2332 285 2372 habere
313 2329 536 2378 volumus,
571 2331 784 2384 quomodo
816 2329 999 2385 quidque
1030 2329 1180 2370 confici
1209 2329 1369 2382 possit,
1402 2329 1651 2382 aperiemus.
1722 2326 1888 2366 Dociles

129 2394 341 2435 auditores
370 2393 527 2434 habere
557 2393 809 2446 poterimus,
859 2393 892 2433 si
937 2406 1141 2434 summam
1171 2405 1320 2433 causae
1349 2392 1533 2432 breviter
1563 2402 1818 2443 exponemus
1850 2393 1890 2428 et

130 2457 165 2497 si
207 2460 387 2497 attentos
434 2468 506 2496 eos
545 2455 776 2506 faciemus3
822 2469 919 2496 nam
959 2456 1105 2496 docilis
1146 2459 1236 2504 est,
1290 2455 1362 2509 qui
1405 2458 1560 2495 attente
1603 2453 1690 2493 vult
1728 2451 1884 2493 audire.
1902 2461 1936 2488 ³⁵

129 2522 318 2562 Attentos
354 2518 629 2567 habebimus,
677 2519 711 2559 si
750 2519 1045 2572 pollicebimur
1094 2532 1172 2559 nos
1222 2519 1273 2558 de
1322 2518 1448 2558 rebus
1501 2516 1661 2570 magnis
1680 2546 1690 2563 ‚
1750 2514 1884 2560 noris,

130 2582 336 2623 inusitatis
363 2582 494 2623 verba
521 2580 704 2622 facturos
722 2612 734 2630 ,
776 2586 847 2622 aut
876 2583 926 2623 de
957 2582 1033 2630 iis,
1077 2594 1184 2636 quae
1216 2582 1268 2621 ad
1298 2593 1386 2621 rem
1416 2580 1626 2633 publicam
1656 2577 1890 2630 pertineant

131 2649 203 2686 aut
230 2645 284 2686 ad
313 2657 386 2686 eos
415 2644 552 2697 ipsos,
586 2644 658 2699 qui
687 2644 884 2694 audient,
918 2649 989 2684 aut
1018 2645 1070 2685 ad
1101 2645 1274 2685 deorum
1297 2643 1594 2683 immortalium
1617 2639 1885 2693 religionem3

133 2711 175 2748 et
217 2707 251 2748 si
293 2708 564 2762 rogabimus,
615 2711 662 2747 ut
698 2712 851 2748 attente
892 2707 1087 2757 audiant3
1139 2711 1181 2748 et
1217 2707 1251 2747 si
1289 2718 1466 2746 numero
1508 2715 1764 2756 exponemus
1804 2713 1885 2748 res,

134 2770 284 2824 quibus
329 2771 381 2811 de
420 2771 546 2811 rebus
590 2770 739 2811 dicturi
779 2783 934 2811 sumus.
997 2770 1037 2810 8.
1079 2769 1312 2810 Benevolos
1349 2768 1560 2809 auditores
1596 2765 1733 2805 facere
1770 2768 1937 2817 quat-40

133 2836 229 2873 tuor
257 2833 393 2874 modis
421 2845 672 2887 possumus:
706 2846 731 2874 a
758 2837 930 2882 nostra,
963 2833 1015 2873 ab
1046 2831 1378 2873 adversariorum
1397 2861 1408 2879 ‚
1447 2831 1498 2870 ab
1529 2827 1764 2868 auditorum
1794 2838 1889 2878 per-

226 2939 260 2972 1.
286 2949 407 2972 sumus
423 2939 465 2973 T.
486 2956 529 2964 —
555 2941 672 2973 acturi
691 2939 793 2981 PBT.
824 2940 868 2972 Ut
887 2948 970 2980 nos,
997 2938 1132 2972 AFRE.
1154 2956 1197 2962 —
1222 2939 1257 2969 2.
1285 2938 1474 2969 assertione
1500 2943 1578 2966 cum
1605 2933 1680 2966 aius
1698 2932 1753 2970 R,
1780 2932 1888 2965 altera

135 2985 286 3021 lectione
323 2987 366 3020 ab
404 2989 525 3021 eadem
552 2997 658 3020 manu
688 2995 863 3028 superscr.
903 3003 945 3010 -
986 2986 1021 3018 9.
1058 2991 1107 3018 est
1133 2986 1263 3024 consid.
1296 2983 1434 3015 PBFT:
1477 2981 1606 3013 consiti.
1636 2984 1685 3012 est
1712 2979 1817 3012 ΑΒΕ.
1845 2993 1888 3002 -

135 3036 193 3068 11.
221 3034 257 3066 id
282 3042 351 3066 om.
377 3033 446 3068 PB.
473 3052 514 3059 -
541 3035 598 3067 17.
625 3043 751 3067 causae
775 3043 880 3077 qenus
904 3033 1083 3066 PABFRT
1101 3056 1109 3070 ,
1129 3033 1181 3064 L:
1207 3041 1313 3072 yenus
1338 3037 1464 3062 causae
1482 3029 1522 3060 E.
1540 3045 1578 3051 —
1606 3026 1664 3058 24.
1690 3034 1798 3069 yenus
1824 3027 1889 3060 erit

135 3080 312 3114 PAFRT:
340 3082 406 3114 erit
429 3090 534 3122 genus
559 3082 631 3114 BE.
653 3098 693 3104 —
719 3081 776 3114 25.
805 3090 930 3114 causae
954 3089 1062 3122 qenus
1087 3077 1166 3120 erit]
1195 3087 1263 3110 om.
1294 3078 1391 3109 Voss.
1419 3080 1498 3108 tert.
1524 3075 1586 3113 1..‚
1614 3073 1696 3105 Sch.
1748 3072 1889 3104 nabent

136 3131 263 3162 nostri.
285 3144 325 3151 —-
353 3127 411 3159 27.
440 3131 583 3167 captare
607 3128 691 3167 BR,
717 3128 767 3166 L,
796 3127 919 3160 Graev.
941 3144 984 3148 —
1011 3127 1068 3158 30.
1096 3126 1157 3157 Sin
1182 3124 1330 3156 ABRT:
1358 3122 1394 3154 Si
1419 3122 1516 3153 PFE.
1539 3136 1579 3143 —
1606 3119 1662 3151 32.
1691 3120 1889 3151 auditore-m

137 3176 259 3208 habere
282 3175 440 3206 volumus
465 3174 577 3206 PAR:
603 3175 801 3206 auditorem
824 3175 985 3205 volumus
1009 3173 1132 3205 habere
1157 3171 1245 3202 FRT
1260 3194 1268 3208 ,
1296 3169 1419 3201 habero
1444 3168 1645 3200 auditorem
1667 3167 1824 3198 volumus
1845 3165 1884 3195 E.

137 3239 182 3245 —
206 3221 263 3255 35.
292 3227 342 3254 est
366 3222 424 3263 qui
449 3221 561 3252 PBT:
588 3226 638 3253 est
661 3221 691 3253 is
716 3223 774 3262 qui
799 3220 933 3252 AFRE.
961 3234 1003 3243 -
1042 3219 1099 3250 37.
1129 3215 1186 3258 iis]
1214 3218 1264 3248 his
1289 3216 1376 3248 PBT
1394 3239 1403 3254 ‚
1429 3215 1482 3246 lu's
1505 3214 1605 3247 rebus
1629 3214 1682 3250 Α,
1707 3213 1808 3244 rebus
1837 3211 1888 3242 his

137 3268 188 3306 F,
213 3269 312 3302 rebus
336 3269 380 3300 iis
405 3268 458 3307 R,
490 3268 534 3299 iis
558 3267 657 3300 rebus
682 3268 721 3299 E.
749 3284 792 3291 -
831 3267 888 3299 141.
913 3267 1106 3308 poterimus
1130 3264 1232 3296 ΑΕΒ.
1262 3280 1301 3286 -
1342 3263 1479 3295 advers.
1504 3265 1709 3293 nostrorum
1733 3259 1776 3292 ab
1801 3258 1886 3290 aud.

137 3314 249 3357 PBT,
274 3315 410 3349 advers.
437 3318 640 3348 nostrorum
664 3313 749 3350 aud.
775 3313 825 3354 A,
852 3315 986 3347 adt-ers.
1013 3312 1096 3346 aud.
1122 3312 1170 3352 F,
1198 3311 1334 3344 advers.
1360 3313 1392 3344 et
1416 3309 1459 3342 ab
1484 3308 1568 3342 aud.
1597 3307 1640 3340 R.
