2117 3762
237 233 320 274 202
930 232 999 274 DE
1032 233 1277 277 ORATORE

236 338 426 394 petitoris
457 352 579 380 causa
610 342 892 393 comparatum
923 350 1014 380 esse
1043 352 1129 380 non
1167 340 1447 397 intelligebat:
1497 347 1563 390 ut,
1611 343 1646 383 si
1685 342 1753 384 ille
1790 343 1988 386 infitiator

234 404 455 458 probasset
482 401 607 442 iudici
636 406 729 441 ante
760 401 928 454 petitam
959 414 1050 442 esse
1078 405 1321 456 pecuniam,
1356 417 1480 460 quam
1510 410 1619 445 esset
1649 410 1797 458 coepta
1827 405 1991 455 deberi,

236 466 408 518 petitor,
439 477 582 505 rursus
613 476 704 503 cum
735 468 918 515 peteret,
965 477 1017 504 ne
1048 466 1294 518 exceptione
1323 465 1638 514 excluderetur,
1679 479 1800 515 QVOD
1832 482 1887 510 EA
1917 482 1993 510 RES

238 541 280 570 ιΝ
311 539 519 570 lvniclvn
562 538 671 567 ANTE
716 537 945 567 VENISSET.
1024 528 1117 567 169.
1160 527 1270 576 Quid
1313 542 1414 582 ergo
1458 528 1537 570 hoc
1585 527 1677 570 fieri
1721 529 1881 584 turpius
1926 537 1995 572 aut

207 590 317 632 5dici
356 595 495 644 potest
541 601 664 642 quam
706 600 822 636 eum,
868 588 939 642 qui
977 589 1082 629 hanc
1129 601 1351 643 personam
1391 591 1642 646 susceperit,
1690 598 1737 632 ut
1766 593 1995 634 amicorum

236 651 538 695 controversias
571 663 798 705 causasque
828 655 1014 700 tueatur,
1063 651 1351 694 laborantibus
1381 660 1615 702 succurrat,
1659 655 1795 707 aegris
1828 656 1996 695 medea-

234 720 326 764 tur,
361 713 534 755 asssictos
566 714 744 761 excitet,
786 715 895 754 hunc
926 715 968 755 in
998 713 1181 754 minimis
1212 716 1543 772 tenuissimisque
1574 719 1699 758 rebus
1730 717 1785 757 ita
1814 715 1920 764 labi,
1950 721 1997 758 ut

234 778 324 820 aliis
355 773 638 824 miserandus,
680 775 772 817 aliis
803 775 1041 818 irridendus
1074 791 1165 817 esse
1195 775 1411 818 videatur?
1466 781 1559 820 170.
1595 778 1796 834 Equidem
1826 781 1997 834 propin-

235 852 361 894 quum
397 843 608 886 nostrum,
671 839 717 879 P.
761 838 974 885 Crassum,
1040 838 1157 879 illum
1201 838 1409 887 Divitem,
1463 847 1503 881 et
1553 844 1693 883 multis
1734 841 1823 883 aliis
1868 844 1996 883 rebus

185 913 220 937 10
235 904 464 954 elegantem
494 902 708 942 hominem
741 906 782 942 et
812 907 1003 942 ornatum
1035 907 1075 942 01
1104 901 1324 954 praecipue
1355 903 1397 942 in
1432 902 1514 943 hoc
1552 903 1809 945 efferendum
1840 910 1881 945 et
1909 903 1994 945 lau-

235 963 415 1006 dandum
451 968 574 1018 puto,
610 963 737 1019 quod,
783 977 876 1005 cnm
908 965 953 1005 P.
981 966 1203 1006 Scaevolae
1234 963 1366 1005 frater
1396 970 1529 1012 esset,
1565 965 1710 1007 solitus
1743 972 1803 1007 est
1835 965 1874 1007 ei
1903 980 1998 1020 per-

234 1040 355 1080 saepe
386 1025 525 1068 dicere
555 1040 691 1082 neque
721 1029 838 1068 illum
869 1026 913 1067 in
944 1026 1035 1068 iure
1066 1027 1177 1069 civili
1210 1028 1306 1068 satis
1339 1025 1415 1081 [illi
1446 1025 1538 1081 arti]
1572 1026 1709 1070 facere
1739 1043 1886 1082 posse,
1918 1028 1998 1070 nisi

234 1090 397 1131 dicendi
428 1089 591 1142 copiam
623 1091 937 1143 assumpsisset;
972 1088 1096 1144 (quod
1129 1090 1295 1145 quidem
1325 1089 1413 1137 1110,
1446 1089 1516 1144 qui
1547 1103 1710 1132 mecum
1742 1091 1886 1133 consul
1906 1092 1996 1140 fuit,

232 1151 340 1194 filius
381 1152 495 1200 eius,
544 1157 608 1193 est
644 1151 938 1205 consecutusz)
988 1166 1124 1208 neque
1156 1166 1199 1193 se
1235 1157 1329 1193 ante
1368 1165 1512 1192 causas
1550 1152 1779 1195 amicorum
1820 1159 1997 1195 tractare

185 1233 217 1258 15
233 1221 356 1270 atque
396 1228 521 1269 agere
559 1214 768 1270 coepisse,
817 1228 940 1270 quam
981 1214 1045 1256 ius
1085 1214 1204 1256 civile
1244 1214 1468 1256 didicisset.
1533 1216 1627 1256 171.
1660 1215 1768 1264 Quid
1796 1230 1898 1258 vero
1927 1215 1998 1257 ille

233 1281 289 1320 M.
315 1280 439 1320 Cato?
488 1291 626 1319 nonne
658 1283 699 1318 et
735 1277 974 1331 eloquentia
1013 1283 1124 1320 tanta
1160 1277 1260 1327 fuit,
1309 1283 1503 1333 quantam
1541 1276 1611 1318 illa
1647 1283 1835 1331 tempora
1874 1283 1998 1333 atque

231 1340 305 1382 illa
334 1346 446 1381 aetas
475 1341 519 1381 in
549 1342 628 1382 hac
657 1341 823 1382 civitate
853 1341 964 1382 ferre
994 1340 1217 1382 maximam
1248 1340 1403 1396 potuit,
1444 1346 1485 1380 et
1512 1339 1619 1381 iuris
1649 1339 1781 1381 civilis
1811 1340 1998 1381 omnium

232 1402 536 1459 peritissimus?
577 1402 864 1447 Verecundius
895 1406 971 1445 hac
1001 1402 1052 1444 de
1083 1418 1127 1445 re
1160 1402 1402 1445 iamdudum
1433 1404 1612 1458 loquor,
1646 1405 1758 1458 quod
1788 1401 1905 1444 adest
1934 1405 2000 1445 vir

232 1468 275 1508 111
306 1466 484 1508 dicendo
515 1480 725 1515 summus,
774 1480 897 1522 quem
939 1480 1018 1519 ego
1054 1480 1183 1508 unum
1214 1472 1422 1507 oratorem
1453 1465 1633 1506 maxime
1665 1464 1873 1515 admiror3
1925 1467 1999 1506 sed

183 1548 218 1572 ro
233 1534 370 1570 tamen
410 1530 522 1570 idem
563 1530 645 1571 1100
683 1542 848 1584 semper
882 1530 946 1569 ius
978 1529 1099 1569 civile
1131 1529 1393 1581 contempsit.
1458 1529 1550 1568 172.
1581 1529 1755 1575 Verum,
1803 1528 2000 1581 quoniam

233 1592 460 1632 sententiae
491 1597 613 1647 atque
645 1591 849 1646 opinionis
880 1604 997 1632 meae
1027 1590 1216 1632 voluistis
1246 1605 1337 1633 esse
1367 1590 1617 1646 participes,
1651 1590 1754 1632 nihil
1775 1591 1996 1632 occultabo

234 1660 296 1703 et,
330 1657 466 1709 quoad
498 1660 664 1709 potero,
697 1652 816 1695 vobis
849 1666 1082 1707 exponam,
1115 1653 1215 1709 quid
1246 1656 1296 1695 de
1328 1668 1493 1710 quaque
1526 1668 1570 1695 re
1603 1653 1793 1695 5011113111.

344 1719 581 1759 XXXVIII.
642 1716 812 1757 Antonii
858 1715 1114 1757 incredibilis
1167 1717 1369 1771 quaedam
1416 1722 1458 1758 et
1505 1731 1640 1770 prope
1690 1716 1909 1770 singularis
1960 1721 2002 1757 et

235 1779 373 1822 divina
403 1782 463 1821 vis
495 1779 650 1834 ingenii
681 1781 866 1828 videtur,
919 1779 1081 1820 etiamsi
1117 1781 1194 1820 1130
1229 1779 1401 1821 scientia
1432 1781 1534 1821 iuris
1565 1781 1718 1821 nudata
1749 1780 1825 1828 sit,
1873 1793 1998 1834 posse

183 1859 218 1883 25
235 1858 278 1884 se
308 1842 429 1884 facile
461 1844 611 1884 ceteris
642 1844 770 1883 armis
811 1840 1058 1897 prudentiae
1097 1842 1206 1883 tueri
1246 1848 1369 1898 atque
1412 1841 1653 1883 defendere.
1715 1843 2000 1891 Quamobrem

231 1904 299 1946 hic
329 1907 449 1947 nobis
480 1907 532 1946 sit
563 1911 782 1958 exceptus3
814 1910 977 1946 ceteros
1003 1917 1104 1945 vero
1134 1919 1219 1945 non
1250 1904 1448 1945 dubitabo
1478 1906 1661 1959 primum
1690 1903 1865 1944 inertiae
1896 1916 1997 1945 0011-

234 1970 430 2009 demnare
460 1969 662 2009 sententia
691 1981 804 2015 mea,
848 1971 942 2022 post
972 1967 1095 2006 etiam
1130 1967 1426 2021 impudentiae.
1491 1969 1584 2007 173.
1618 1969 1722 2008 Nam
1754 1965 1927 2007 volitare
1957 1966 2000 2007 in

232 2031 352 2079 foro,
384 2032 557 2071 haerere
587 2030 630 2071 in
661 2031 751 2071 iure
780 2043 828 2071 ac
856 2034 1097 2084 praetorum
1127 2030 1432 2077 tribunalibus,
1465 2028 1618 2070 iudicia
1647 2030 1809 2084 privata
1829 2042 2000 2082 magna-

233 2107 324 2134 rum
367 2108 508 2134 rerum
549 2094 687 2141 obire,
738 2093 781 2133 in
827 2091 978 2147 quibus
1020 2105 1144 2146 saepe
1183 2106 1269 2134 11011
1308 2091 1358 2132 de
1390 2092 1496 2133 facto
1530 2095 1602 2133 sed
1634 2093 1685 2132 de
1717 2092 1923 2146 aequitate
1954 2105 2001 2131 30

184 2156 325 2203 30iure
356 2161 562 2203 certetur,
596 2157 747 2196 iactare
779 2170 822 2195 se
853 2156 896 2195 in
926 2155 1058 2196 causis
1088 2153 1479 2203 centumviralibus,
1529 2156 1570 2195 in
1601 2155 1752 2209 quibus
1782 2154 2002 2209 usucapio-

233 2233 357 2267 num,
404 2219 648 2266 tutelarum,
694 2219 991 2272 gentilitatum,
1039 2217 1333 2271 agnationum,
1379 2217 1659 2265 alluvionum,
1708 2217 2001 2258 circumluvio-

233 2295 357 2330 num,
392 2295 622 2330 nexorum,
655 2282 983 2334 mancipiorum,
1016 2281 1247 2333 parietum,
1276 2280 1499 2328 luminum,
1524 2278 1853 2328 stillicidiorum,
1877 2285 2001 2321 testa-

233 2349 467 2385 mentorum
497 2350 714 2399 ruptorum
746 2350 815 2385 aut
844 2343 873 2394 ἦ·
893 2348 1081 2383 ratorum
1113 2348 1429 2398 ceterarumque
1459 2356 1601 2384 rerum
1634 2341 2000 2384 innumerabilium

233 2405 325 2447 iura
354 2412 588 2455 versentur,
633 2421 727 2448 cum
758 2405 954 2453 omnino,
998 2404 1098 2460 quid
1128 2418 1269 2453 suum,
1304 2406 1403 2459 quid
1433 2404 1638 2453 alienum,
1671 2419 1799 2459 quare
1832 2406 1999 2445 demum

186 2493 218 2517 ὂς,
235 2468 335 2511 civis
366 2476 434 2511 aut
463 2470 727 2525 peregrinus,
760 2482 902 2510 servus
933 2473 1002 2508 aut
1031 2466 1138 2508 liber
1168 2467 1373 2522 quispiam
1408 2469 1478 2516 sit,
1510 2467 1697 2522 ignoret,
1728 2468 1900 2521 insignis
1939 2473 2002 2508 est

234 2531 529 2588 impudentiae.
594 2533 687 2573 174.
741 2531 813 2572 Illa
858 2543 957 2572 vero
1002 2530 1229 2572 deridenda
1275 2532 1511 2586 arrogantia
1551 2536 1635 2579 est,
1686 2531 1730 2570 in
1765 2531 1997 2572 minoribus

328 2678 362 2708 2.
386 2678 571 2718 pecuniam
598 2685 665 2708 esse
690 2677 732 2708 R.
761 2692 803 2699 —
829 2684 920 2716 quae
943 2676 983 2707 B.
1005 2692 1046 2698 —
1074 2675 1105 2708 3.
1127 2684 1169 2706 vne
1195 2676 1395 2715 exceptione
1413 2675 1439 2706 B
1466 2676 1623 2715 aliique:
1651 2676 1846 2715 exceptione
1866 2675 1936 2706 RE.
1958 2691 2001 2697 —-

235 2725 271 2756 [1.
296 2734 390 2757 ANTE
417 2724 527 2756 Codd.
554 2723 628 2756 31.;
652 2728 758 2754 antea
784 2723 887 2754 BizE».
919 2740 956 2745 —
986 2732 1056 2755 mov
1085 2731 1259 2754 VEMSSET
1284 2722 1311 2753 B
1339 2727 1373 2754 el:
1398 2723 1455 2754 alii
1482 2722 1604 2760 multi,
1632 2722 1726 2762 quod
1753 2723 1895 2754 memini
1922 2730 2002 2761 pro-

236 2773 318 2803 bare
345 2771 382 2803 F.
411 2771 452 2802 L.
479 2771 671 2802 Kellerum.
702 2770 758 2810 (Ut
784 2778 868 2807 nos,
896 2769 952 2800 alii
980 2774 1013 2802 et
1031 2770 1091 2807 R.)
1113 2787 1149 2792 —
1180 2769 1213 2801 9.
1242 2769 1304 2801 Vv.
1331 2769 1431 2800 illum
1457 2770 1605 2801 Divitem
1629 2773 1789 2807 suspecta
1816 2768 1938 2800 Bakio.
1958 2783 2001 2789 —-

239 2824 269 2849 et
294 2819 414 2850 multis
440 2818 467 2848 B
493 2818 645 2857 aliique,
673 2818 725 2848 R:
755 2825 832 2847 cum
856 2816 973 2847 multis
1000 2816 1040 2847 E.
1070 2832 1111 2838 —
1137 2816 1218 2848 aliis
1243 2817 1280 2847 ‘in
1309 2815 1427 2847 Aldus.
1459 2832 1491 2837 —
1532 2816 1587 2847 10.
1617 2818 1649 2845 et
1670 2816 1862 2856 praecipue
1887 2814 1999 2847 Codd.

237 2865 302 2903 31.,
332 2866 381 2895 R:
407 2866 593 2904 praecipue
611 2865 636 2894 B
653 2886 661 2901 ‚
690 2868 763 2894 tum
786 2863 971 2902 praecipue
999 2863 1039 2893 E.
1063 2880 1100 2886 —-
1130 2864 1186 2894 10.
1215 2863 1426 2905 efferendum
1444 2862 1470 2893 B
1496 2862 1649 2902 aliique,
1677 2863 1728 2894 R:
1757 2861 1933 2901 ferendum
1960 2862 1999 2892 E.

239 2926 279 2933 —-
307 2913 361 2942 11.
388 2912 497 2951 fratri
522 2912 564 2942 R.
593 2927 632 2931 -
659 2911 781 2942 solitus
806 2914 855 2941 est
882 2911 911 2940 ei
938 2909 1047 2941 Codd.
1076 2910 1146 2941 al.:
1177 2911 1300 2941 solitus
1326 2910 1356 2940 ei
1381 2910 1459 2947 BE,
1486 2909 1607 2940 solitus
1634 2909 1678 2940 R.
1708 2926 1744 2932 —
1775 2909 1832 2940 12.
1859 2909 1923 2940 Vv.
1949 2908 2002 2939 illi

239 2959 310 2988 arti
334 2958 475 2989 seclusit
502 2958 698 2990 Ernestius.
730 2973 766 2980 -
812 2957 870 2988 111.
898 2960 944 2987 esc
971 2962 1167 2988 consecutus
1193 2958 1245 2987 ait
1271 2964 1379 2996 neque
1405 2955 1445 2986 B.
1477 2972 1511 2977 —
1551 2955 1606 2986 24.
1635 2954 1782 2994 etiamsi]
1809 2956 1872 2986 etsi
1895 2955 1947 2993 B,
1972 2956 2002 2986 st·

240 3004 284 3034 R.
305 3019 345 3025 —-
372 3005 429 3036 ⁴25.
455 3005 557 3046 facile
583 3014 652 3036 om.
680 3004 721 3035 B.
756 3018 794 3025 -
837 3003 893 3034 30.
921 3004 1194 3042 ususcapionum
1217 3002 1287 3033 BR.
1317 3017 1357 3024 -
1396 3001 1453 3033 32.
1478 3002 1661 3045 fluminum
1686 3003 1728 3034 R.
1769 3018 1807 3024 —
1851 3001 1908 3033 33.
1936 3006 2002 3033 aut

239 3055 400 3081 reiorum
441 3061 508 3083 om.
560 3051 673 3083 Codd.
716 3050 797 3089 aliq.
858 3049 921 3082 Vv.
959 3054 1143 3089 ruptorum
1180 3053 1242 3080 aut
1277 3052 1438 3080 ratarum
1482 3049 1639 3080 Ernestio
1674 3052 1837 3087 suspecta
1875 3047 2002 3079 delevit

241 3096 445 3135 Sensimus,
481 3099 621 3130 seclusit
662 3097 881 3129 Henricbsen
923 3100 957 3129 et
995 3097 1145 3128 Ellendt.
1215 3096 1386 3133 Equidem
1426 3101 1508 3134 puto
1553 3095 1757 3129 Ciceronem
1798 3095 1997 3134 scripsisse:

240 3146 422 3182 ruptorum
459 3148 521 3174 aut
556 3145 761 3178 irritorum.
811 3152 900 3182 quae
928 3143 996 3174 duo
1024 3144 1157 3175 diversa
1183 3146 1468 3173 testamentorum
1495 3151 1648 3183 genera,
1691 3147 1839 3180 utraque
1875 3140 2001 3174 effectu

242 3189 384 3228 quidem
410 3198 520 3229 aeque
548 3193 698 3223 carentia
716 3216 724 3230 ‚
752 3198 856 3230 saepe
884 3190 1064 3230 distinguit
1090 3189 1197 3221 Gaius
1215 3213 1223 3226 ‚
1252 3191 1333 3221 item
1352 3189 1519 3228 Ulpianus
1544 3188 1601 3225 23,
1631 3191 1675 3220 1:
1703 3190 1733 3221 si
1758 3192 2001 3220 testamentum

241 3239 382 3276 ruptum
407 3240 468 3266 aut
491 3238 631 3269 irritum
655 3238 787 3277 factum
811 3238 868 3268 sit.
921 3236 1022 3275 Quod
1049 3236 1174 3268 subtile
1201 3235 1385 3267 discrimen
1413 3236 1455 3267 ab
1481 3236 1569 3268 ICtis
1595 3236 1721 3268 sactum
1749 3233 1917 3274 quodque
1945 3235 2001 3267 hic

243 3291 385 3322 prorsus
411 3291 476 3314 suo
504 3283 577 3315 loco
603 3288 677 3321 est,
716 3287 773 3325 qui
800 3287 992 3324 ignoraret,
1029 3285 1181 3322 ineptam
1208 3284 1332 3323 utique
1358 3280 1555 3315 ἁντίἓεσιν
1581 3286 1644 3314 aut
1678 3284 1839 3313 ratorum
1873 3281 2000 3316 substi-

241 3332 322 3362 tuit.
351 3328 418 3362 On.
445 3345 489 3351 ——
515 3328 571 3363 32.
596 3331 730 3363 demum
749 3331 859 3364 Codd.
879 3330 947 3364 aL:
977 3330 1120 3373 denique
1138 3329 1241 3362 BRE.
1267 3345 1311 3352 —-
1337 3328 1393 3362 35.
1421 3333 1482 3363 aut
1506 3345 1519 3352 —
1542 3327 1617 3371 aut]
1645 3337 1693 3362 an
1716 3344 1731 3352 —
1754 3337 1802 3361 an
1826 3327 1899 3361 BR.
