2117 3762
246 255 326 297 348
1022 260 1219 302 BRUTUS

245 365 331 404 ciae
363 366 433 405 sed
467 364 679 420 proprium
709 362 975 406 Athenarum.
1036 366 1104 405 50.
1140 366 1241 415 Quis
1263 368 1372 408 enim
1394 370 1463 407 aut
1483 367 1680 419 Argivum
1702 372 1910 409 oratorem
1929 372 1999 409 aut

247 425 503 467 Corinthium
535 432 604 467 aut
634 424 872 466 Thebanum
904 425 978 466 scit
1009 425 1134 467 fuisse
1162 428 1417 483 temporibus
1447 428 1558 469 illis?
1589 428 1665 469 nisi
1697 428 1795 482 quid
1821 428 1870 470 de
1890 432 1999 485 Epa-

244 487 455 534 minonda,
488 489 610 528 docto
641 486 828 534 homine,
860 487 1060 543 suspicari
1090 488 1202 531 libet.
1260 490 1634 533 Lacedaemonium
1665 505 1764 532 vero
1796 505 1926 546 usque
1947 494 1998 533 ad

244 547 323 590 hoc
366 555 527 604 tempus
565 549 703 590 audivi
747 548 873 591 fuisse
914 550 1137 592 neminem.
1199 554 1427 595 Menelaum
1468 556 1623 607 ipsum,
1675 552 1835 594 dulcem
1882 553 1998 595 illum

215 611 411 666 squidem
444 613 567 652 tradit
596 613 824 660 Homerus,
871 615 943 654 sed
984 627 1114 668 pauca
1144 612 1364 657 dicentem.
1427 617 1616 657 Brevitas
1648 621 1786 657 autem
1818 615 1905 656 laus
1937 621 1999 657 est

243 675 448 715 interdum
490 676 529 714 in
570 673 707 728 aliqua
742 680 859 728 parte
899 675 1088 725 dicendi,
1142 678 1184 718 in
1223 677 1416 720 universa
1447 679 1685 736 eloquentia
1715 680 1881 720 laudem
1911 692 1998 720 non

242 739 382 777 habet.
444 738 511 777 51.
559 737 611 777 At
641 750 742 779 vero
774 744 892 780 extra
924 739 1136 781 Graeciam
1168 754 1316 794 magna
1356 742 1518 783 dicendi
1550 741 1684 783 studia
1715 740 1884 782 fuerunt
1914 755 2000 782 ma-

242 798 425 853 ximique
457 798 551 840 huic
581 799 691 841 laudi
722 800 852 842 habiti
883 801 1066 843 honores
1097 802 1256 843 illustre
1288 808 1500 846 oratorum
1529 819 1683 846 nomen
1711 803 1998 846 reddiderunt.

243 864 367 909 Nam,
400 867 445 902 ut
475 862 603 904 semel
634 876 656 904 e
687 864 858 905 Piraeeo
890 864 1129 919 eloquentia
1159 871 1302 906 evecta
1332 871 1414 913 est,
1447 881 1588 909 omnes
1620 867 1858 922 peragravit
1886 868 1998 908 insu-

192 920 299 964 iolas
329 929 452 979 atque
483 925 540 965 ita
570 928 830 980 peregrinata
861 932 946 967 tota
978 929 1072 968 Asia
1103 933 1188 975 est,
1220 933 1266 969 ut
1297 942 1340 969 se
1372 931 1554 970 externis
1584 932 1789 972 oblineret
1809 929 1998 971 moribus

243 998 489 1041 omnemque
519 987 630 1028 illam
660 988 942 1030 salubritatem
974 989 1135 1031 Atticae
1167 992 1359 1031 dictionis
1390 996 1431 1031 et
1459 993 1574 1045 quasi
1604 994 1819 1033 sanitatem
1851 993 1999 1047 perde-

241 1052 308 1088 ret
336 1061 383 1088 ac
412 1047 528 1103 loqui
557 1064 688 1105 paene
719 1051 967 1093 dedisceret.
1030 1053 1136 1093 Hinc
1167 1054 1333 1094 Asiatici
1366 1060 1555 1095 oratores
1585 1069 1667 1096 non
1704 1054 1996 1096 contemnendi

243 1108 410 1163 quidem
441 1125 517 1152 nec
548 1113 758 1155 celeritate
789 1129 864 1156 nec
894 1116 1038 1170 copia,
1073 1115 1145 1156 sed
1167 1130 1311 1169 parum
1334 1118 1464 1171 pressi
1487 1122 1528 1157 et
1550 1117 1672 1158 nimis
1692 1117 1997 1166 redundantem

241 1172 392 1213 Rhodii
424 1175 608 1217 saniores
639 1183 679 1218 et
709 1178 941 1220 Atticorum
974 1178 1207 1220 similiores.
1271 1182 1338 1221 52.
1377 1181 1457 1221 Sed
1490 1182 1540 1222 de
1575 1181 1742 1222 Graecis
1772 1180 1994 1229 hactenus3

191 1247 226 1272 2⁵
243 1235 396 1277 etenim
429 1238 531 1279 haec
560 1239 647 1294 ipsa
676 1240 851 1283 forsitan
881 1241 1034 1283 suerint
1063 1256 1147 1284 non
1178 1243 1427 1283 necessaria.

355 1302 460 1342 Tum
490 1304 663 1352 Brutus,
697 1306 776 1345 Ista
808 1318 931 1351 vero,
963 1305 1121 1359 iuquit,
1154 1319 1276 1359 quam
1308 1306 1539 1346 necessaria
1569 1304 1743 1354 fuerint,
1775 1317 1857 1346 non
1877 1303 1997 1345 facile

243 1360 445 1404 dixerim:
480 1366 657 1406 iucunda
689 1372 800 1407 certe
831 1368 931 1407 mihi
961 1367 1129 1408 suerunt
1159 1382 1293 1423 neque
1323 1367 1456 1409 solum
1489 1382 1572 1409 non
1602 1370 1747 1421 longa,
1779 1367 1852 1408 sed
1873 1367 1997 1408 etiam

242 1425 439 1466 breviora
469 1441 591 1482 quam
620 1428 785 1470 vellem.
849 1431 1035 1485 Optime,
1068 1432 1262 1486 inquam3
1298 1433 1368 1472 sed
1399 1430 1614 1472 veniamus
1645 1432 1696 1471 ad
1726 1435 1912 1477 nostros,
1946 1429 1997 1470 de

243 1488 392 1540 quibus
423 1488 590 1531 difficile
624 1497 685 1531 est
716 1494 805 1547 plus
843 1493 1096 1547 intelligere,
1144 1507 1265 1548 quam
1306 1499 1503 1549 quantum
1535 1509 1586 1534 ex
1618 1493 1895 1534 monumentis
1927 1507 1997 1534 su-

190 1561 225 1584 20
241 1550 391 1604 spicari
412 1551 520 1592 licet.
581 1555 691 1596 XIV.
726 1557 794 1595 53.
829 1556 930 1604 Quis
961 1557 1066 1596 enim
1099 1561 1213 1611 putet
1243 1562 1313 1596 aut
1343 1556 1593 1597 celeritatem
1624 1556 1777 1609 ingenii
1798 1559 1844 1597 L.
1868 1559 1996 1597 Bruto

239 1611 298 1653 illi
328 1613 555 1656 nobilitatis
585 1622 746 1658 vestrae
777 1619 956 1672 principi
989 1618 1196 1660 defuisse?
1242 1620 1311 1674 qui
1352 1621 1403 1660 de
1435 1625 1564 1660 matre
1596 1620 1789 1660 savianda
1820 1632 1872 1659 ex
1904 1631 1997 1658 ora-

240 1677 333 1715 culo
364 1677 566 1731 Apollinis
597 1684 678 1720 tam
710 1685 828 1720 acute
859 1686 1089 1737 arguteque
1122 1682 1374 1732 coniecerit3
1410 1683 1479 1736 qui
1511 1695 1709 1722 summam
1730 1680 1996 1736 prudentiam

242 1738 505 1782 simulatione
539 1742 735 1783 stultitiae
768 1745 941 1793 texerit3
976 1746 1045 1799 qui
1076 1744 1407 1800 potentissimum
1439 1758 1604 1799 regem,
1638 1742 1856 1785 clarissimi
1887 1744 1996 1797 regis

239 1800 393 1852 filium,
428 1805 632 1859 expulerit
662 1807 951 1860 civitatemque
978 1812 1185 1862 perpetuo
1208 1809 1420 1848 dominatu
1452 1808 1667 1848 liberatam
1689 1805 1995 1860 magistratibus

189 1871 224 1896 2⁵
239 1866 410 1914 annuis,
454 1867 616 1921 legibus
656 1868 903 1924 iudiciisque
935 1869 1188 1920 devinxerit3
1236 1872 1304 1926 qui
1347 1870 1530 1925 collegae
1564 1883 1638 1911 suo
1669 1869 1892 1923 imperium
1924 1866 1996 1908 ab-

238 1928 468 1980 rogaverit,
501 1936 545 1970 ut
576 1945 597 1971 e
630 1932 792 1973 civitate
823 1933 974 1985 regalis
1006 1932 1187 1973 nominis
1219 1932 1462 1973 memoriam
1503 1932 1689 1973 tolleret:
1737 1932 1848 1986 quod
1880 1935 1993 1971 certe

238 1988 345 2030 effici
376 2005 458 2032 non
489 1993 720 2045 potuisset,
765 1994 844 2035 nisi
874 2000 982 2035 esset
1013 1996 1202 2036 oratioue
1232 2009 1491 2048 persuasum.
1554 1995 1621 2035 54.
1667 1993 1863 2036 Videmus
1893 1994 1992 2034 item

236 2053 377 2106 paucis
414 2054 531 2096 annis
572 2063 665 2109 post
702 2071 821 2110 reges
859 2062 1049 2106 exactos,
1100 2058 1192 2098 cu'm
1232 2057 1376 2112 plebes
1418 2071 1549 2112 prope
1581 2058 1710 2112 ripam
1742 2056 1911 2096 Anienis
1941 2055 1993 2097 ad

235 2116 401 2157 tertium
433 2118 655 2160 miliarium
687 2121 942 2160 consedisset
972 2133 1150 2175 eumque
1181 2125 1388 2168 montem,
1423 2121 1489 2175 qui
1515 2122 1636 2160 Sacer
1657 2119 1883 2174 appellatus
1913 2123 1989 2167 est,

187 2190 221 2215 ³0
237 2180 546 2231 occupavisset,
579 2184 631 2223 M.
663 2182 871 2224 Valerium
904 2184 1147 2224 dictatorem
1182 2182 1357 2223 dicendo
1390 2182 1596 2223 sedavisse
1619 2181 1846 2222 discordias
1868 2182 1990 2237 eique

237 2238 290 2280 ob
321 2254 410 2282 eam
441 2256 530 2284 rem
561 2245 742 2285 honores
774 2244 1052 2298 amplissimos
1083 2246 1247 2286 habitos
1279 2250 1318 2285 et
1350 2259 1442 2286 eum
1471 2246 1648 2297 primum
1673 2242 1726 2285 ob
1749 2258 1839 2285 eam
1860 2245 1991 2299 ipsam

236 2317 396 2344 causam
438 2307 664 2346 Maximum
704 2321 793 2348 esse
836 2307 1104 2362 appellatum.
1175 2310 1235 2348 Ne
1275 2310 1321 2348 L.
1355 2309 1567 2350 Valerium
1611 2306 1779 2361 quidem
1810 2307 1991 2348 Potitum

234 2367 418 2408 arbitror
446 2382 529 2408 non
562 2370 717 2423 aliquid
748 2370 933 2423 potuisse
965 2370 1162 2419 dicendo,
1208 2371 1278 2426 qui
1318 2376 1413 2423 post
1444 2369 1761 2410 decemviralem
1791 2369 1990 2411 invidiam

234 2428 398 2482 plebem
429 2430 471 2470 in
501 2436 636 2485 patres
667 2433 876 2473 incitatam
908 2432 1068 2487 legibus
1099 2439 1139 2474 et
1171 2433 1434 2474 contionibus
1465 2434 1548 2473 suis
1580 2433 1844 2486 mitigaverit.
1917 2434 1986 2473 55.

184 2503 217 2528 ³5
234 2493 458 2533 Possumus
499 2495 676 2548 Appium
721 2495 935 2536 Claudium
976 2496 1177 2551 suspicari
1218 2495 1436 2544 disertum,
1481 2497 1577 2551 quia
1608 2501 1792 2536 senatum
1822 2493 1990 2535 iamiam

233 2554 472 2595 inclinatum
505 2569 527 2595 a
558 2556 702 2612 Pyrrhi
733 2570 832 2611 pace
863 2560 1147 2599 revocaverit:
1181 2572 1402 2612 possumus
1435 2559 1479 2598 C.
1513 2557 1767 2604 Fabricium,
1811 2556 1907 2612 quia
1938 2558 1990 2598 sit

233 2619 284 2658 ad
314 2619 519 2674 Pyrrhum
551 2621 600 2658 de
632 2619 802 2673 captivis
832 2621 1127 2675 recuperandis
1158 2622 1306 2662 missus
1348 2626 1513 2662 orator:
1563 2621 1621 2662 Ti.
1654 2619 1986 2668 Coruncanium,

232 2682 343 2734 quod
375 2693 425 2720 ex
455 2679 693 2735 pontificum
728 2682 1033 2724 commentariis
1064 2683 1186 2737 longe
1207 2683 1430 2738 plurimum
1460 2684 1627 2737 ingenio
1651 2682 1828 2724 valuisse
1849 2681 1990 2723 videa-

232 2748 320 2784 tur:
355 2744 419 2783 Μ’.
455 2744 644 2790 Curium,
677 2747 788 2798 quod
819 2746 853 2785 is
884 2743 1073 2786 tribunus
1104 2746 1186 2800 pt,
1228 2746 1433 2800 interrege
1464 2746 1597 2801 Appio
1629 2745 1788 2792 Caeco,
1831 2744 1986 2786 diserto

180 2813 216 2839 40
231 2806 424 2854 homine,
474 2805 642 2847 comitia
681 2812 825 2848 contra
864 2807 976 2862 leges
1016 2810 1218 2858 habente,
1266 2822 1358 2850 cum
1398 2811 1448 2849 de
1484 2807 1606 2863 plebe
1650 2807 1862 2849 consulem
1902 2821 1986 2848 non

233 2866 484 2922 accipiebat,
533 2874 670 2921 patres
701 2875 794 2910 aute
824 2876 1014 2911 auctores
1045 2870 1136 2912 fieri
1167 2871 1374 2925 coegerim
1424 2870 1534 2926 quod
1575 2869 1653 2910 fuit
1692 2884 1983 2924 permagnum,

231 2929 412 2970 nondum
444 2929 534 2984 lege
556 2930 716 2971 Maenia
746 2930 840 2972 lata.
903 2934 970 2973 56.
1007 2934 1120 2973 Licet
1151 2933 1305 2988 aliquid
1340 2933 1462 2973 etiam
1486 2935 1535 2973 de
1558 2936 1609 2974 M.
1632 2933 1798 2987 Popillii
1819 2933 1986 2985 ingenio

231 2991 451 3044 suspicari,
484 2993 576 3048 qui,
608 3006 701 3034 cum
733 2995 875 3034 consul
906 3000 1014 3036 esset
1036 2997 1267 3051 eodemque
1292 3000 1479 3049 tempore
1502 2994 1747 3036 sacrificium
1768 2995 1985 3049 publicum

322 3155 377 3185 11.
405 3157 505 3194 quasi
529 3159 737 3188 suavitatem
762 3157 790 3188 R
816 3162 933 3189 contra
961 3158 1070 3190 Codd.
1100 3162 1210 3189 notos.
1243 3174 1281 3180 —
1324 3159 1379 3189 1-2.
1415 3168 1485 3190 non
1509 3159 1746 3190 contemnendi
1771 3159 1824 3190 illi
1848 3159 1984 3199 quidem

230 3199 385 3231 Noriinb.
414 3202 533 3234 Lamb.
573 3220 611 3225 —
652 3205 707 3235 15.
743 3203 886 3242 fuerunt
913 3204 975 3244 Lg.
1005 3210 1142 3244 praeter
1166 3206 1199 3236 8.
1229 3205 1286 3236 20.
1314 3204 1370 3236 35.
1399 3206 1455 3237 51.
1512 3206 1697 3237 Coniunct.
1726 3205 1853 3237 habent
1879 3209 1983 3237 etiam

231 3246 321 3278 Ven.
350 3248 382 3277 1.
412 3247 530 3280 Ottob.
566 3250 604 3281 R.
647 3267 683 3273 -—
727 3251 783 3281 21.
811 3252 984 3282 savianda
1010 3260 1086 3283 cum
1115 3252 1225 3282 Codd.
1253 3255 1345 3284 notis
1372 3256 1405 3284 et
1440 3253 1492 3284 R:
1536 3253 1733 3283 suavianda
1760 3252 1799 3283 E.
1840 3267 1880 3272 —
1922 3253 1978 3284 41.

230 3292 335 3333 fuerit
361 3293 402 3324 D.
431 3294 517 3326 Ven.
547 3296 580 3325 1.
610 3295 675 3327 Gu.
704 3298 736 3327 1.
757 3298 790 3328 2.
819 3298 942 3329 Dresd.
971 3298 1013 3330 R.
1043 3299 1162 3330 Lamb.
1190 3299 1305 3331 Peter.
1335 3316 1375 3321 —-
1402 3299 1460 3330 42.
1488 3299 1602 3338 Popili
1630 3308 1669 3331 ex
1695 3302 1771 3329 octo
1799 3296 1909 3329 Codd.
1938 3299 1980 3330 T.

231 3340 300 3372 Sed
327 3340 456 3380 duplici
483 3341 494 3372 l
519 3342 679 3374 scribitur
705 3346 738 3374 in
765 3346 918 3385 antiquis
944 3346 1055 3377 Fastis
1092 3345 1314 3385 Capitolinis,
1353 3355 1384 3379 v.
1414 3354 1443 3377 c.
1471 3354 1501 3378 a.
1529 3355 1565 3378 u.
1594 3353 1623 3377 c·
1649 3344 1730 3376 437.
