2117 3762
914 186 956 226 C.
992 188 1056 226 37.
1092 187 1160 227 38.
1837 192 1916 232 &90

161 291 294 334 omnis
331 291 437 333 ratio
477 290 595 332 nobis
635 291 893 344 explicanda.
957 291 1077 341 Quod
1117 293 1313 334 dividitur
1352 293 1393 334 in
1432 295 1533 333 duas
1565 299 1700 348 partes
1733 297 1913 347 primas,

159 360 348 396 naturam
379 361 498 410 atque
531 354 688 408 legem,
730 359 768 393 ct
799 353 1015 408 utriusque
1047 356 1209 407 generis
1242 356 1302 396 vis
1334 355 1373 396 in
1406 357 1591 397 divinum
1624 363 1663 396 et
1695 355 1915 399 humanum

159 417 222 458 ius
253 423 313 457 est
344 416 583 463 distributa;
618 429 795 469 quorum
826 416 1045 471 aequitatis
1068 424 1129 458 est
1150 431 1301 463 unum,
1336 417 1510 459 alterurn
1534 417 1758 471 religionis.
1825 422 1914 460 1:3⁰.

157 479 383 535 Aequitatis
414 486 551 521 autem
582 480 642 519 vis
674 484 735 518 est
766 478 943 533 duplex:
977 480 1093 520 cuius
1124 482 1254 521 altera
1285 480 1442 521 directo
1475 487 1515 522 ct
1545 484 1631 522 veri
1665 486 1705 521 et
1737 480 1831 521 iusti
1863 487 1914 527 ct.

157 548 202 584 ut
239 543 411 591 dicitur,
456 541 578 596 aequi
609 546 649 582 et
687 543 784 582 boni
823 543 982 583 ratione
1023 542 1284 591 defenditur;
1337 544 1466 584 altera
1504 542 1554 584 ad
1591 541 1944 584 vicissitudinems

156 604 400 647 referendae
429 605 583 659 gratiae
614 604 815 658 pertinen
863 603 973 659 quod
1001 604 1040 645 in
1077 604 1280 645 beneficio
1312 605 1459 655 gratia,
1492 607 1532 645 in
1570 605 1718 646 iniuria
1751 605 1912 658 punitio

156 669 404 711 nominatur.
462 669 596 721 Atque
628 669 728 707 haec
760 668 994 707 communia
1024 674 1118 708 sunt
1149 673 1318 708 naturae
1345 674 1468 721 atque
1492 667 1618 722 legis3
1654 666 1725 708 sed
1748 668 1916 722 propria

155 730 257 785 legis
288 737 329 772 et
357 743 425 776 ea,
456 742 563 784 quae
593 730 745 782 scripta
776 735 894 776 sunt,
929 735 969 770 et
999 742 1072 776 ea,
1106 743 1211 783 quae
1242 731 1330 770 sine
1361 731 1508 771 litteris
1529 737 1597 771 aut
1619 729 1802 784 gentium
1825 729 1914 770 iure

154 800 225 835 aut
270 794 471 834 maiorum
511 805 627 833 more
667 792 907 834 retinentur.
968 790 1225 844 Scriptorum
1266 798 1403 832 autem
1444 794 1652 845 privatum
1686 791 1796 833 aliud
1827 798 1908 839 est,

154 855 363 911 publicum
410 853 544 896 aliud:
595 852 804 908 publicum
853 853 940 901 lex,
981 859 1146 895 senatus
1190 854 1448 902 consultum,
1494 853 1660 903 foedus;
1705 854 1957 909 privatumm

154 916 342 966 tabulae,
387 923 551 972 pactum
583 922 854 963 conventum,
898 916 1123 970 stipulatio.
1186 917 1302 965 Quae
1333 923 1470 958 autem
1501 919 1654 969 scripta
1683 931 1766 957 non
1797 922 1913 964 sunt,

153 993 201 1021 ea
226 986 298 1021 aut
322 979 620 1021 consuetudine.
649 984 718 1019 aut
743 979 956 1019 conventis
982 978 1200 1019 hominum
1228 984 1268 1018 et
1289 979 1407 1033 quasi
1431 992 1635 1020 consensu
1662 977 1914 1020 obtinentur.

150 1043 285 1097 Atque
326 1045 448 1084 etiam
489 1043 569 1082 hoc
608 1039 836 1094 imprimiS,
883 1045 928 1081 ut
964 1046 1130 1081 nostros
1161 1055 1300 1082 mores
1332 1042 1524 1098 legesque
1556 1050 1763 1089 tueamur,
1812 1055 1916 1096 quo-

152 1103 374 1146 dammodo
419 1103 592 1146 naturali
637 1103 729 1144 iure
774 1101 1074 1158 praescriptum
1121 1108 1196 1144 est.
1262 1106 1357 1145 131.
1404 1108 1456 1146 Et
1495 1105 1689 1160 quoniam
1730 1103 1915 1145 breviter

150 1166 284 1222 aperti
314 1174 410 1208 sunt
439 1166 572 1208 sontes
603 1166 717 1221 quasi
750 1167 916 1221 quidam
947 1164 1189 1219 aequitatis,
1237 1168 1433 1208 meditata
1472 1168 1593 1208 nobis
1629 1169 1679 1207 ad
1710 1168 1791 1207 hoc
1820 1178 1963 1207 cau-15

151 1243 288 1270 sarum
327 1243 455 1284 genus
493 1243 583 1270 esse
623 1229 837 1269 debebunt
875 1241 947 1274 ea,
997 1240 1102 1282 quae
1143 1227 1316 1270 dicenda
1347 1234 1469 1271 erunt
1499 1229 1542 1270 in
1572 1229 1830 1271 orationibus
1863 1231 1914 1270 de

151 1298 313 1340 natura,
345 1294 396 1334 de
427 1291 610 1346 legibus,
643 1293 693 1332 de
725 1303 840 1331 more
870 1291 1098 1337 maiorum,
1132 1288 1182 1331 de
1205 1293 1483 1345 propulsanda
1520 1291 1695 1339 iniuria,
1730 1294 1780 1333 de
1812 1292 1915 1332 ulci-

150 1354 325 1403 scenda,
377 1357 427 1396 de
459 1355 571 1395 omni
601 1358 721 1409 parte
759 1354 876 1394 iuris.
939 1353 982 1393 Si
1022 1352 1308 1406 imprudenter
1342 1360 1413 1395 aut
1441 1354 1687 1396 necessitate
1718 1361 1787 1396 aut
1817 1368 1914 1395 casu

150 1417 361 1472 quidpiam
392 1416 561 1464 fecerit,
604 1417 716 1471 quod
747 1428 829 1456 non
861 1413 1162 1456 concederetur
1190 1416 1265 1464 iis,
1314 1418 1384 1472 qui
1416 1430 1488 1458 sua
1520 1423 1666 1472 sponte
1698 1422 1738 1457 et
1767 1417 1914 1457 volun-

149 1486 230 1520 tate
258 1478 474 1525 fecissent,
507 1477 557 1519 ad
589 1478 677 1519 eius
707 1479 804 1518 sacti
836 1477 1171 1532 deprecationem
1204 1477 1446 1532 ignoscendi
1476 1481 1654 1535 petenda
1683 1478 1803 1521 venia
1836 1484 1963 1525 est‚2o

149 1556 254 1597 quae
293 1548 478 1583 sumetur
516 1555 569 1582 ex
609 1540 819 1596 plerisque
860 1539 962 1580 locis
1003 1540 1236 1594 aequitatis.
1296 1544 1542 1597 Expositum
1582 1548 1666 1591 est,
1718 1548 1764 1583 ut
1794 1542 1911 1594 potui

148 1603 416 1652 brevissime,
466 1602 517 1644 de
558 1604 670 1645 omni
710 1604 1089 1644 controversiarum
1131 1616 1305 1658 genere,
1357 1606 1436 1646 nisi
1474 1611 1690 1660 praeterea
1731 1611 1775 1647 tu
1813 1604 1913 1660 quid

148 1667 342 1723 requiris.

260 1730 491 1770 XXXVIII.
526 1730 618 1772 132.
652 1728 697 1769 C.
721 1730 765 1768 F.
800 1727 905 1770 Illud
927 1730 1144 1784 equidem,
1177 1732 1290 1786 quod
1320 1731 1401 1771 iam
1430 1744 1560 1772 unum
1590 1736 1749 1772 restare
1770 1732 1908 1778 viden,

147 1792 269 1848 quale
301 1793 376 1841 sit,
423 1804 516 1833 cum
547 1790 789 1846 disceptatio
818 1797 1009 1833 versatur
1037 1792 1081 1834 in
1110 1792 1289 1849 scriptis.
1353 1796 1397 1836 C.
1433 1795 1478 1835 P.
1526 1796 1652 1836 Recte
1694 1794 1961 1848 intelligis32⁵

147 1870 199 1898 eo
229 1855 339 1897 enim
371 1854 582 1908 exposito,
626 1868 774 1895 munus
812 1856 1005 1909 promissi
1029 1869 1160 1897 nomne
1191 1855 1426 1898 confecero.
1489 1858 1593 1898 Sunt
1623 1857 1750 1910 igitur
1782 1855 1911 1897 ambi-

147 1917 217 1973 gui
248 1919 409 1959 duobus
439 1918 688 1958 adversariis
718 1923 940 1972 praecepta
978 1920 1230 1960 communia.
1293 1921 1472 1975 Uterque
1505 1921 1615 1960 enim
1648 1922 1753 1961 hanc
1786 1919 1911 1973 signi-

145 1979 402 2027 ficationem,
435 1993 515 2036 qua
546 1981 699 2021 nitetur
729 1981 840 2034 ipse,
875 1981 1039 2033 dignam
1071 1981 1287 2036 scriptoris
1319 1981 1536 2037 prudentia
1568 1995 1658 2023 esse
1692 1981 1908 2031 defendet;

145 2048 321 2099 uterque
363 2044 430 2092 id,
483 2045 595 2097 quod
635 2044 898 2084 adversarius
938 2056 991 2084 ex
1031 2046 1226 2098 ambigue
1266 2045 1422 2098 scripto
1463 2044 1777 2099 intelligendum
1819 2058 1909 2085 esse

146 2105 273 2151 dicet,
304 2111 373 2146 aut
403 2104 625 2147 absurdum
656 2113 725 2147 aut
753 2105 900 2147 inutile
932 2112 1002 2148 aut
1031 2106 1219 2163 iniquum
1251 2114 1320 2149 aut
1352 2114 1470 2163 turpe
1504 2121 1595 2149 esse
1623 2106 1817 2149 defendet
1840 2113 1910 2148 aut
1924 2117 1959 2143 ³0

147 2168 270 2209 etiam
301 2166 538 2222 discrepare
568 2182 662 2210 cum
693 2170 840 2209 ceteris
871 2169 1034 2224 seriptis
1065 2170 1131 2211 vel
1155 2170 1333 2212 aliorum
1356 2170 1422 2212 vel
1442 2170 1647 2219 maxime,
1680 2169 1715 2211 si
1735 2171 1905 2223 poterit,

147 2230 356 2280 eiusdem;
390 2245 596 2286 quamque
628 2230 821 2273 defendet
849 2231 957 2286 ipse,
999 2245 1090 2273 eam
1120 2246 1207 2273 rem
1241 2239 1280 2273 et
1310 2232 1560 2274 sententiam
1591 2234 1780 2288 quemvis
1811 2245 1909 2287 pru-

146 2295 311 2334 dentem
343 2300 382 2335 et
410 2294 562 2334 iustum
596 2292 832 2342 hominem,
867 2294 900 2334 si
921 2295 1128 2348 integrum
1152 2297 1346 2344 daretur,
1380 2297 1630 2349 scripturum
1651 2294 1802 2342 fuisse,
1836 2293 1909 2335 sed

144 2354 328 2410 planius;
386 2358 476 2398 133.
517 2370 692 2411 eamque
733 2356 1004 2405 sententiam,
1053 2371 1177 2411 quam
1218 2357 1440 2413 significari
1472 2371 1595 2412 posse
1626 2358 1758 2405 dicet,
1808 2356 1907 2397 nihil

144 2418 302 2458 habere
332 2424 404 2459 aut
435 2419 638 2472 captionis
669 2426 739 2460 aut
768 2419 881 2469 vitii3
935 2420 1187 2461 contrariam
1218 2428 1355 2462 autem
1387 2420 1421 2462 si
1452 2420 1660 2476 probarit,
1704 2419 1820 2467 fore,
1862 2425 1956 2461 utss

145 2480 271 2520 multa
302 2479 421 2530 vitia,
470 2482 617 2530 stulta,
666 2482 825 2538 iniqua,
869 2483 1077 2524 contraria
1107 2489 1429 2538 consequantur.
1493 2484 1594 2524 Cum
1626 2488 1763 2524 autem
1794 2482 1906 2524 aliud

144 2541 323 2596 scriptor
353 2545 530 2586 sensisse
562 2544 746 2591 videtur,
785 2543 854 2599 [et]
888 2544 1002 2586 aliud
1032 2546 1264 2600 scripsisse,
1299 2547 1369 2600 qui
1400 2547 1554 2601 scripto
1584 2546 1757 2593 nitetur,
1791 2560 1902 2594 eum,

145 2616 190 2645 re
219 2608 432 2660 exposita,
466 2606 710 2648 recitatione
741 2609 799 2647 uti
831 2608 1063 2660 oportebit,
1096 2607 1245 2649 deinde
1273 2608 1425 2650 instare
1448 2608 1703 2655 adversario,
1734 2608 1902 2655 iterare,

144 2679 370 2716 renovare,
417 2669 701 2722 interrogare,
748 2684 847 2709 num
879 2675 949 2710 aut
979 2669 1175 2725 scriptum
1205 2677 1329 2725 neget
1358 2676 1427 2712 aut
1459 2677 1601 2712 contra
1631 2669 1784 2711 sactum
1815 2669 1906 2712 inli-

145 2730 284 2770 tietur.
348 2731 440 2772 13ῖι.
490 2734 610 2780 Post,
657 2731 833 2773 iudicem
874 2731 926 2773 ad
965 2732 1048 2774 vim
1090 2733 1231 2789 scripti
1273 2740 1409 2775 vocet.
1471 2735 1559 2774 IIac
1591 2732 1904 2774 confirmatione
1921 2743 1956 2769 ἰο

145 2804 242 2832 usus
272 2791 496 2846 amplificet
524 2807 612 2834 rem
644 2793 734 2847 lege
764 2793 967 2835 laudanda
997 2795 1294 2851 audaciamque
1326 2795 1510 2838 confutet
1550 2797 1660 2843 eius,
1709 2795 1780 2851 qui
1811 2808 1904 2837 cum

236 2933 270 2965 la.
298 2935 427 2966 directo
455 2937 680 2975 scripsimus.
709 2941 748 2967 ut
772 2934 810 2976 §-
838 2937 922 2968 46.:
951 2938 1081 2968 directa
1108 2938 1161 2975 Y,
1191 2938 1259 2970 Gu.
1276 2962 1285 2975 ‚
1315 2939 1436 2969 directi
1462 2938 1554 2970 RVE
1573 2962 1581 2976 ‚
1609 2937 1739 2970 directe
1765 2939 1904 2971 volebat

146 2980 228 3011 Ern-
246 3003 255 3017 ‚
283 2986 319 3012 ut
345 2986 398 3013 est
423 2979 458 3021 δ.
487 2982 544 3014 24.
574 3000 609 3005 -
651 2982 684 3014 6.
709 2985 847 3022 punitio
875 2983 941 3015 Gu.
970 2984 1085 3015 BRV:
1121 2985 1209 3016 ultio
1235 2994 1313 3017 cum
1340 2985 1428 3016 Aldo
1456 2986 1496 3016 E.
1533 3001 1574 3007 —
1612 2984 1645 3015 9.
1672 2993 1768 3016 more
1792 2987 1904 3017 maio-

143 3035 222 3058 rum
248 3027 288 3057 V.
320 3043 356 3048 —
386 3031 435 3058 est
460 3028 556 3060 aliud
581 3029 620 3060 V.
653 3046 696 3051 —
735 3029 789 3061 13.
819 3030 1073 3070 quodammodo
1096 3033 1233 3063 ratione
1260 3035 1411 3062 naturae
1437 3031 1512 3062 iure
1538 3031 1578 3061 Y.
1621 3035 1659 3054 —'
1704 3032 1759 3064 15.
1789 3033 1903 3072 aperti

143 3077 221 3105 sunt
245 3074 356 3114 sontes
382 3073 447 3105 Gu.
476 3075 529 3106 R:
580 3080 659 3106 sunt
695 3077 809 3114 operti
844 3075 954 3115 sontes
980 3077 1030 3114 V,
1064 3079 1179 3117 aperti
1214 3077 1326 3116 fontes
1362 3082 1443 3108 sunt
1480 3078 1519 3109 E.
1559 3093 1599 3099 —
1637 3086 1743 3119 qenus
1781 3088 1905 3110 causa-

143 3129 224 3152 rum
249 3120 289 3151 11.
318 3136 361 3141 —-
396 3120 453 3151 22.
482 3123 566 3162 quid
591 3123 731 3160 quaeris
757 3122 839 3162 (orn.
869 3124 919 3159 tn)
948 3124 975 3154 R
992 3147 1000 3161 ,
1029 3128 1068 3154 tu
1095 3125 1176 3165 quid
1201 3125 1337 3164 quaeris
1365 3124 1403 3155 V.
1446 3141 1483 3147 --
1523 3123 1582 3156 25.
1609 3128 1766 3156 versetur
1790 3126 1831 3156 V.
1859 3141 1903 3147 —

144 3166 202 3198 26.
230 3164 281 3207 eo]
308 3167 375 3198 isto
400 3167 474 3198 RV.
506 3184 540 3189 —-
571 3169 627 3199 27.
655 3166 757 3208 hanc]
787 3177 861 3200 eam
880 3169 928 3205 V,
957 3169 1078 3201 Lamb.
1105 3187 1147 3192 —
1176 3170 1230 3202 28.
1258 3172 1390 3202 nitetur
1410 3170 1460 3208 R,
1486 3170 1630 3203 Lamb.:
1657 3176 1776 3203 utetur
1796 3173 1899 3204 YVE.

149 3227 184 3234 —
215 3213 272 3245 31.
300 3215 401 3245 certis
427 3214 470 3244 R.
500 3230 539 3236 —
578 3214 635 3246 37.
663 3216 840 3253 scripsisse
863 3215 1001 3248 videtur
1027 3220 1058 3248 et
1084 3216 1184 3248 aliud
1208 3218 1352 3250 sensisse
1379 3218 1417 3250 R.
1459 3217 1530 3251 Nos
1556 3220 1587 3251 et
1613 3218 1832 3252 seclusimus.
1859 3235 1902 3241 —

143 3264 262 3292 utetur
286 3263 326 3292 V.
353 3277 395 3282 —
423 3260 481 3293 39.
510 3269 675 3294 revocare
701 3261 742 3293 V.
