2117 3762
289 250 340 291 18
956 246 1026 286 AD
1057 246 1372 288 I-IERENNIUM

288 362 328 397 et
357 354 581 395 maledicos
612 350 858 393 confinxisse
889 352 1105 401 dicemus;
1140 356 1182 392 et
1210 357 1280 393 aut
1309 354 1489 408 aliquam
1520 351 1655 394 fictam
1686 353 1869 394 fabulam
1905 354 1946 393 in
1968 354 2039 394 ad-

285 419 491 459 versarios
521 415 770 462 asseremus,
823 426 945 468 quam
990 414 1175 454 dicamus
1213 416 1406 455 omnibus
1446 416 1489 454 in
1520 429 1592 455 ore
1624 429 1744 465 esse;
1796 420 1865 455 aut
1893 431 2036 456 verum

285 494 496 521 rumorem
528 478 816 531 proferemus,
851 476 921 530 qui
951 475 1032 515 illis
1063 476 1219 530 aliquid
1250 477 1515 530 turpitudinis
1537 476 1708 525 afferat,
1742 491 1878 531 neque
1899 483 2037 518 tamen

286 544 325 583 ei
356 541 512 583 rumori
554 554 628 580 nos
667 538 790 578 fidem
836 538 993 577 habere
1038 538 1252 588 dicemus;
1304 539 1397 578 ideo
1441 541 1553 593 quod
1584 541 1719 594 quivis
1749 541 1877 579 homo
1908 541 2038 594 possit

255 605 472 660 squemvis
513 608 674 653 turpem
717 601 767 639 de
806 600 995 654 quolibet
1036 614 1248 640 rumorem
1285 600 1475 653 proferre
1516 607 1556 642 et
1596 602 1812 642 confictam
1853 603 2037 642 fabulam

285 668 499 719 dissipare.
559 664 854 703 Verumtamen
887 662 921 701 si
952 675 1096 702 rumor
1127 662 1399 703 vehementer
1430 666 1661 716 probabilis
1694 679 1784 705 esse
1809 664 2034 711 videbitur,

283 727 609 783 argumentando
650 724 785 763 famae
825 722 949 764 fidem
989 725 1219 777 poterimus
1261 726 1480 778 abrogare.
1558 729 1679 776 Quod
1722 734 1762 767 et
1795 725 2038 767 difficillima

283 797 457 832 tractatu
500 792 562 828 est
603 787 841 826 constitutio
884 787 1173 827 coniecturalis
1216 792 1257 827 et
1294 787 1336 826 in
1369 789 1477 828 veris
1518 791 1650 829 causis
1683 790 1924 842 saepissime
1957 793 2039 828 tra-

283 856 430 895 ctanda
468 856 551 897 est,
602 863 651 888 eo
694 849 932 902 diligentius
966 864 1111 890 omnes
1143 850 1231 890 eius
1256 855 1394 902 partes
1428 853 1672 903 perscrutati
1704 866 1866 898 sumus,
1908 855 1956 890 ut
1985 863 2037 890 ne

232 932 267 956 10
282 916 452 970 parvula
492 912 659 967 quidem
700 912 947 952 titubatione
991 917 1062 952 aut
1102 911 1334 952 ofsensione
1373 913 1697 965 impediremur,
1759 914 1792 954 si
1832 915 1884 954 ad
1931 913 2038 953 hanc

281 980 484 1021 rationem
530 975 839 1028 praeceptionis
894 975 1177 1015 assiduitatem
1227 975 1535 1016 exercitationis
1591 978 2037 1016 accommodassemuS.

280 1043 351 1082 IX.
390 1042 454 1080 13.
490 1040 606 1078 Nunc
638 1038 690 1077 ad
722 1037 932 1090 legitimae
973 1038 1279 1077 constitutionis
1320 1042 1457 1090 partes
1496 1043 1769 1079 transeamus.
1832 1039 1933 1079 Cum
1966 1051 2039 1079 vo-

278 1107 412 1145 luntas
445 1101 658 1153 scriptoris
696 1113 789 1139 cum
823 1100 975 1152 scripto
1010 1101 1213 1140 dissidere
1245 1101 1479 1148 videbitur,
1525 1101 1558 1140 si
1590 1114 1613 1140 a
1645 1102 1800 1153 scripto
1834 1101 2035 1146 dicemus,

276 1168 341 1207 his
374 1166 476 1207 locis
508 1169 674 1204 utemur
705 1163 1270 1203 secundumnarrationem:
1306 1164 1486 1215 primum
1519 1163 1733 1215 scriptoris
1768 1163 2040 1203 collaudatio-

228 1240 350 1278 15ne3
399 1228 549 1268 deinde
582 1226 724 1278 scripti
757 1225 1028 1274 recitati0ne3
1078 1225 1229 1265 deinde
1261 1226 1597 1277 percontatione,
1646 1225 1851 1265 scirentne
1893 1226 2039 1265 adver-

278 1292 374 1333 sarii
405 1291 447 1330 id
479 1289 677 1341 scriptum
709 1288 837 1328 fuisse
868 1288 911 1327 in
939 1288 1032 1341 lege
1057 1293 1128 1327 aut
1160 1288 1201 1327 in
1225 1292 1474 1328 testamento
1500 1293 1571 1328 aut
1603 1288 1644 1327 in
1673 1288 1939 1340 stipulatione
1969 1290 2040 1326 aut

277 1356 320 1396 in
354 1354 542 1403 Quolibet
580 1351 760 1402 scripto,
809 1351 921 1404 quod
962 1351 1014 1389 ad
1056 1363 1148 1389 eam
1189 1364 1277 1390 rem
1310 1351 1557 1403 pertinebit;
1608 1351 1757 1390 deinde
1791 1351 2033 1396 collatione,

278 1405 377 1473 quid
410 1416 607 1467 scriptum
641 1413 717 1461 sit,
751 1413 851 1467 quid
885 1413 1113 1452 adversarii
1146 1426 1190 1452 se
1221 1413 1369 1453 fecisse
1397 1413 1556 1462 dicant,
1589 1414 1688 1468 quid
1714 1414 1895 1453 iudicem
1921 1412 2039 1467 sequi

279 1478 521 1525 conveniat,
554 1480 693 1517 utrum
712 1475 778 1522 id,
813 1476 926 1529 quod
951 1475 1173 1528 diligenter
1198 1476 1475 1528 perscriptum
1503 1476 1576 1524 sit,
1610 1489 1662 1516 an
1688 1477 1752 1524 id,
1786 1477 1899 1532 quod
1919 1480 2038 1516 acute

229 1553 264 1579 ἰο
278 1543 330 1583 sit
361 1540 661 1594 excogitatum3
695 1537 846 1578 deinde
880 1551 929 1578 ea
961 1539 1190 1585 sententia,
1225 1551 1331 1592 quae
1366 1539 1417 1578 ab
1451 1540 1697 1580 adversariis
1729 1539 1781 1578 sit
1806 1539 2041 1592 excogitata

279 1610 320 1646 et
357 1604 510 1655 scripto
554 1601 772 1648 attributa,
821 1604 1111 1640 contemnetur
1152 1604 1193 1640 et
1230 1598 1521 1641 infirmabitur.
1597 1602 1757 1641 Deinde
1799 1606 2036 1655 quaeretur,

279 1668 377 1723 quid
411 1667 449 1707 ei
481 1665 686 1712 obfuerit,
720 1664 754 1703 si
782 1663 825 1702 id
856 1663 1058 1703 voluisset
1083 1662 1346 1712 adscribere;
1380 1668 1450 1703 aut
1479 1678 1578 1703 num
1612 1678 1697 1704 non
1730 1664 1916 1716 potuerit
1945 1677 2040 1716 per-

278 1731 418 1772 scribi.
479 1729 638 1769 Deinde
673 1740 697 1766 a
728 1726 852 1766 nohis
886 1725 1091 1765 sententia
1122 1725 1355 1777 reperietur
1387 1732 1428 1766 et
1460 1740 1584 1766 causa
1615 1724 1876 1779 proferetur,
1909 1739 2039 1781 quare

276 1795 319 1834 id
352 1793 530 1844 scriptor
562 1789 762 1836 senserit,
796 1789 909 1843 quod
943 1788 1212 1840 perscripsit3
1247 1793 1288 1827 et
1321 1789 1676 1829 demonstrabitur
1707 1790 1905 1841 scriptum
1937 1788 2040 1828 illud

227 1874 262 1900 25
278 1871 368 1898 esse
407 1854 607 1901 dilucide,
640 1852 847 1899 breviter,
882 1851 1124 1898 commode,
1156 1850 1366 1903 perfecte,
1400 1856 1511 1891 certa
1530 1865 1624 1891 cum
1643 1852 1820 1892 ratione.
1879 1851 2040 1891 Deinde

279 1918 471 1970 exempla
502 1916 794 1969 proferentur,
828 1927 933 1968 quae
965 1927 1057 1961 res,
1091 1926 1184 1953 cum
1217 1914 1268 1953 ab
1304 1915 1552 1954 adversariis
1585 1915 1790 1955 sententia
1821 1918 1862 1954 et
1892 1914 2040 1955 volun-

278 1988 340 2023 tas
363 1979 605 2027 asserretur,
639 1992 663 2018 a
680 1977 834 2030 scripto
860 1977 1000 2029 potius
1025 1976 1232 2016 iudicatae
1259 1981 1369 2017 sunt.
1429 1978 1589 2018 Deinde
1616 1979 1881 2025 ostendetur,
1915 1990 2039 2031 quam

278 2044 561 2098 periculosum
594 2041 647 2082 sit
677 2054 700 2081 a
733 2040 886 2094 scripto
925 2040 1138 2079 recedere.
1199 2040 1335 2079 Locus
1367 2041 1599 2080 communis
1637 2046 1699 2081 est
1739 2045 1885 2081 contra
1925 2053 2036 2087 eum,

280 2108 372 2163 qui,
415 2120 507 2147 cum
539 2106 718 2145 fateatur
760 2117 803 2144 se
838 2108 984 2143 contra
1015 2103 1083 2150 id,
1125 2103 1238 2156 quod
1271 2103 1434 2156 legibus
1466 2103 1667 2143 sancitum
1694 2108 1764 2143 aut
1790 2105 2038 2143 testamento

230 2171 556 2224 soperscriptum
591 2168 665 2215 sit,
706 2167 880 2215 fecisse,
929 2171 1069 2206 tamen
1100 2165 1198 2205 facti
1231 2170 1403 2219 quaerat
1434 2165 1737 2206 defensionem.
1798 2166 1853 2205 X.
1897 2164 1963 2204 1ἶι.
2006 2166 2041 2205 Α

280 2233 486 2274 sententia
533 2232 591 2271 sic
639 2230 854 2270 dicemus:
903 2229 1085 2281 primum
1130 2228 1392 2267 laudabimus
1441 2228 1655 2280 scriptoris
1699 2227 2040 2268 commoditatem

280 2301 404 2351 atque
437 2294 708 2341 brevitatem,
750 2292 863 2346 quod
895 2295 1055 2331 tantum
1089 2290 1324 2343 scripserit,
1373 2291 1485 2345 quod
1517 2304 1689 2331 necesse
1722 2291 1871 2339 fuerit,
1917 2290 2037 2338 illud,

280 2359 392 2414 quod
425 2358 512 2398 sine
545 2357 697 2408 scripto
730 2354 906 2407 intelligi
936 2354 1141 2406 potuerit,
1188 2367 1273 2393 non
1306 2354 1542 2394 necessario
1577 2354 1841 2394 scribendum
1867 2352 2038 2406 putarit.

278 2421 439 2462 Deinde
471 2420 654 2460 dicemus
689 2417 1000 2458 calumniatoris
1033 2431 1123 2457 esse
1156 2414 1339 2456 officium
1371 2418 1501 2457 verba
1532 2421 1574 2457 et
1604 2418 1761 2457 litteras
1794 2417 1936 2471 sequi,
1967 2429 2042 2455 ne-

231 2484 438 2536 ssgligere
472 2483 744 2523 voluntatem.
805 2480 965 2519 Deinde
998 2479 1065 2527 id,
1099 2480 1212 2531 quod
1236 2479 1436 2532 scriptum
1464 2480 1539 2528 sit,
1575 2484 1645 2520 aut
1678 2493 1765 2520 non
1791 2492 1917 2532 posse
1948 2475 2040 2517 fieri

281 2550 352 2586 aut
381 2559 466 2585 non
496 2545 613 2598 lege,
646 2557 731 2583 non
762 2556 902 2590 more,
941 2555 1027 2581 non
1058 2546 1227 2590 natura,
1260 2556 1346 2582 non
1377 2556 1509 2597 aequo
1545 2547 1585 2583 et
1615 2544 1728 2583 bono
1762 2555 1885 2594 posse
1915 2537 2037 2588 fieri3

281 2621 385 2664 quae
420 2607 561 2647 omnia
601 2606 847 2658 scriptorem
886 2605 1072 2645 noluisse
1112 2618 1236 2659 quam
1269 2606 1499 2646 rectissime
1530 2606 1623 2646 fieri
1661 2618 1785 2646 nemo
1820 2603 1951 2651 dicet,
1998 2605 2042 2642 at

372 2765 405 2796 1.
432 2764 613 2806 confictam
637 2763 666 2794 R
693 2766 726 2795 et
751 2771 839 2795 corr.
867 2760 910 2793 Α.
939 2777 980 2783 -
1005 2760 1041 2793 [ι.
1069 2763 1182 2802 quivis
1206 2771 1294 2794 unus
1320 2763 1419 2795 homo
1436 2761 1464 2794 P
1490 2766 1524 2794 et
1542 2762 1679 2794 Graevii
1699 2760 1781 2794 duo.
1804 2776 1839 2783 —
1867 2760 1900 2792 5.
1918 2768 2039 2800 quam·

281 2811 333 2841 vis
357 2811 424 2842 PF.
453 2828 493 2833 —
536 2810 570 2842 8.
606 2807 650 2849 et]
677 2819 744 2851 quo
770 2809 826 2841 AF
853 2813 887 2840 et
912 2816 1000 2840 corr.
1028 2808 1079 2847 Ρ,
1106 2810 1199 2850 quod
1226 2811 1265 2841 R.
1298 2813 1341 2845 (et
1368 2819 1420 2849 pr.
1447 2807 1502 2845 P.)
1531 2825 1568 2832 —-
1611 2809 1666 2839 11.
1701 2806 2039 2840 accommodaremus

281 2857 355 2888 BR.
385 2874 422 2880 -—
451 2858 506 2889 14.
534 2857 597 2889 Vv.
625 2857 811 2888 secundum
833 2857 1073 2887 narrationem
1099 2865 1167 2888 om.
1189 2865 1240 2896 pr.
1268 2856 1295 2887 T
1316 2862 1349 2889 et
1373 2858 1428 2888 alii
1456 2857 1589 2895 aliquot
1614 2854 1742 2893 Codd.,
1772 2854 2034 2895 expunxitSch.

283 2920 325 2926 —
351 2905 406 2935 15.
434 2906 693 2944 percontatione
717 2903 892 2934 PABRT:
919 2904 1206 2942 percunctatione
1230 2904 1299 2936 FE.
1323 2920 1360 2926 -
1389 2906 1443 2935 An
1470 2904 1651 2934 scierintne
1668 2902 1683 2932 Ῡ
1709 2903 1777 2933 OR.
1799 2918 1839 2924 ——
1866 2902 1923 2933 17.
1953 2910 2036 2933 ean-

286 2950 361 2981 dem
386 2951 494 2987 FRT,
522 2960 595 2982 eam
621 2959 690 2982 om.
717 2950 841 2981 Duisb.
870 2949 969 2983 Leid.
1000 2949 1059 2981 lV.
1109 2949 1159 2981 Ac
1183 2958 1266 2982 sane
1293 2955 1409 2990 posset
1434 2950 1570 2982 abesse.
1607 2963 1647 2971 -
1680 2949 1866 2989 pertinebit
1890 2947 2035 2980 PAFRz

281 2997 456 3036 pertineat
482 2997 570 3028 BTE
587 3021 595 3034 ,
633 2998 725 3036 quod
753 2996 882 3028 dictum
910 3000 1000 3029 esset
1026 3005 1065 3028 ex
1091 2996 1366 3028 adversariorum
1393 3005 1567 3036 persona:
1607 2995 1666 3026 sed
1693 2997 1748 3027 hic
1771 2997 1893 3036 scripti
1920 2995 2038 3027 desen-

286 3045 353 3074 sori
370 3050 589 3082 praeceptum
605 3044 716 3075 datur.
740 3060 778 3066 —
806 3044 862 3074 22.
884 3049 945 3074 aut
958 3051 1040 3073 num
1053 3043 1163 3074 PFT:
1192 3052 1276 3074 num
1290 3044 1316 3074 E
1330 3068 1337 3081 ,
1367 3047 1427 3074 aut
1440 3042 1607 3082 numquid
1623 3042 1654 3074 R
1668 3066 1676 3081 ,
1702 3046 1740 3074 ut
1756 3052 1827 3074 non
1842 3043 1921 3075 Sch-
1942 3044 2033 3074 coni.

286 3087 363 3129 (cur
387 3099 456 3121 non
479 3091 633 3128 potuerit
657 3090 865 3130 perscribere
890 3088 1026 3128 Lamb.)
1056 3106 1093 3112 -—
1136 3089 1194 3120 24.
1222 3090 1397 3128 scripserit
1422 3090 1583 3121 PAFRT.
1625 3106 1666 3112 -—
1706 3090 1762 3122 25.
1797 3099 1875 3121 cum
1897 3090 2037 3120 ratione

287 3139 385 3166 certa
410 3136 493 3167 PFT
510 3160 519 3175 ,
546 3146 619 3168 cum
647 3141 740 3168 certa
766 3139 905 3168 ratione
931 3137 979 3173 R,
1010 3144 1087 3166 cum
1111 3137 1247 3167 ratione
1272 3146 1340 3168 om.
1369 3142 1483 3173 certa,
1521 3145 1573 3176 pr.
1600 3135 1639 3167 A.
1666 3134 1774 3173 (certa
1798 3146 1875 3168 cum
1898 3136 2037 3167 ratione

289 3191 378 3214 corr·
406 3180 464 3222 A.)
492 3199 530 3205 —
558 3183 614 3213 26.
642 3185 810 3215 sententia
834 3183 1038 3214 redderetur
1064 3185 1095 3212 et
1119 3182 1149 3213 R
1173 3187 1206 3214 et
1232 3191 1321 3214 corr·
1351 3183 1393 3214 A.
1417 3201 1451 3207 —
1480 3184 1536 3215 ²27.
1564 3184 1633 3214 sint
1656 3183 1701 3222 F,
1730 3184 1769 3215 L.
1793 3200 1830 3207 --
1858 3182 1914 3215 32.
1943 3182 2036 3221 quod

286 3229 375 3260 illud
401 3233 535 3260 tantum
560 3229 670 3266 AFR,
697 3231 754 3270 qui
778 3231 866 3261 illud
892 3234 1030 3262 tantum
1055 3229 1096 3260 L.
1126 3246 1162 3251 —
1192 3228 1249 3261 33.
1275 3230 1507 3261 necessarium
1531 3231 1636 3262 PBR.
1662 3247 1706 3252 -—-
1731 3230 1788 3262 34.
1815 3229 1857 3261 V.
1885 3227 2037 3270 officium

289 3278 365 3307 sine
391 3284 493 3307 causa
519 3280 718 3314 suspectum
746 3276 1010 3316 Oudendorpio.
1039 3292 1080 3299 —-
1122 3274 1178 3308 37.
1205 3276 1353 3309 voluisse
1370 3294 1382 3301 ·
1399 3285 1526 3309 -nemo
1552 3278 1682 3310 dubitet
1705 3277 1755 3318 L,
1798 3275 1921 3311 Graev·
1951 3274 2032 3309 Sch-

288 3330 370 3355 sane
398 3327 517 3355 contra
543 3321 653 3354 Codd.
681 3327 827 3356 nostros.
