2117 3762
807 213 851 254 C.
888 214 953 253 16.
989 213 1054 254 17.
1091 214 1156 254 18.
1775 210 1857 254 Ιι67

109 333 354 377 quamquam
378 325 472 362 sunt
491 317 747 361 voluntariae
771 340 826 349 —
849 316 1135 371 obiurgatione
1158 318 1268 359 enim
1289 320 1330 358 et
1358 313 1640 358 admonitione
1660 314 1859 356 deiiciun-

107 390 176 425 tur
194 407 263 430 -,
300 388 435 424 tamen
474 384 627 423 habent
666 385 801 422 tantos
843 387 1002 430 molus,
1054 387 1099 421 ut
1129 394 1197 427 ea,
1229 392 1335 434 quae
1364 377 1596 421 voluntaria
1626 382 1740 424 sunt,
1789 383 1860 418 aut

107 446 340 488 necessaria
371 445 575 487 interdum
605 449 674 485 aut
703 449 815 484 certe
846 444 1033 495 ignorata
1063 445 1294 484 videantur.
1354 443 1422 483 65.
1471 442 1576 482 Toto
1608 438 1737 493 igitur
1765 438 1859 480 loco

107 522 322 549 causarum
362 507 587 562 explicato,
633 519 685 546 ex
726 519 867 546 earum
906 504 1135 547 differentia
1168 507 1209 546 in
1239 505 1399 557 magnis
1429 502 1597 558 quidem
1628 501 1763 544 causis
1791 502 1859 544 vel

107 577 319 612 oratorum
353 570 417 611 vel
446 569 787 624 philosophorum
827 582 974 621 magna
1012 572 1351 621 argumentorum
1392 567 1575 621 suppetit
1615 564 1762 620 copia;
1815 565 1890 606 ins

107 632 253 674 vestris
283 638 445 680 autem,
478 631 511 672 si
542 644 625 670 non
655 631 844 678 uberior,
877 636 916 671 at
946 631 1121 671 sortasse
1151 629 1358 670 subtilior.
1420 630 1583 670 Privata
1614 630 1723 670 enim
1754 626 1862 669 iudi-

107 694 169 735 cia
207 696 480 737 maximarum
520 693 687 747 quidem
725 707 862 734 rerum
895 692 935 733 in
968 692 1067 733 iuris
1097 691 1383 734 consultorum
1414 692 1515 732 mihi
1546 693 1740 733 videntur
1769 704 1861 732 esse

106 757 336 812 prudentia.
394 758 495 796 Nam
526 761 566 796 et
595 757 744 796 adsunt
775 756 952 796 multum
982 760 1022 795 et
1051 755 1302 795 adhibentur
1332 754 1373 793 in
1405 753 1576 795 consilia
1607 759 1647 795 et
1678 752 1862 810 patronis

106 819 369 873 diligentibus
405 817 456 859 ad
493 832 636 859 eorum
667 817 928 873 prudentiam
959 814 1290 871 confugientibus
1318 816 1456 857 hastas
1486 816 1733 861 ministrant.
1789 817 1859 857 66.

105 882 151 921 In
182 879 375 923 omnibus
404 882 530 935 igitur
560 881 608 922 iis
640 880 823 929 iudiciis,
857 881 899 920 in
930 881 1080 934 quibus
1111 892 1171 921 Ex
1201 891 1301 920 FIDE
1332 890 1445 920 nom
1466 883 1529 920 est
1549 880 1758 928 additum,
1788 877 1912 921 ubi1o

104 956 204 984 vero
241 943 386 992 etiam,
432 955 488 984 vr
530 956 657 985 lumi
697 954 839 984 nexos
870 955 977 983 BENE
1008 954 1159 990 Amen,
1210 940 1495 997 imprimisque
1525 942 1568 982 in
1599 939 1770 983 arbitrio
1800 942 1862 983 rei

104 1005 293 1053 uxoriae,
338 1005 380 1047 in
418 1020 500 1062 quo
538 1013 620 1053 est,
667 1018 783 1053 Qvon
814 1017 915 1047 Elvs
947 1016 1109 1046 MEst
1140 1014 1360 1053 ΑΕρνινε,
1407 1004 1540 1058 parati
1572 1018 1662 1045 esse
1693 1002 1860 1046 debent.

102 1068 165 1108 Illi
196 1067 337 1109 dolum
368 1070 545 1117 malum,
587 1069 648 1108 illi
677 1066 801 1109 fidem
831 1066 1002 1116 bonam,
1041 1066 1101 1107 illi
1131 1079 1313 1121 aequum
1342 1067 1522 1115 bonum,
1554 1066 1635 1116 illi,
1666 1065 1765 1122 quid
1797 1081 1866 1108 so-

101 1130 210 1171 cium
242 1132 381 1179 socio,
420 1130 519 1186 quid
549 1144 669 1178 eum,
710 1130 781 1184 qui
813 1129 980 1183 negotia
1009 1128 1143 1170 aliena
1173 1134 1379 1178 curasset,
1413 1130 1478 1179 ei,
1512 1130 1630 1170 cuius
1660 1142 1709 1171 ea
1738 1142 1866 1184 nego-

101 1193 158 1233 tia
193 1192 393 1243 fuissent;
445 1192 543 1249 quid
583 1206 700 1240 eum,
743 1193 814 1248 qui
844 1194 1099 1240 mandasset,
1146 1205 1318 1240 eumve,
1363 1192 1430 1232 cui
1460 1193 1699 1233 mandatum
1730 1197 1913 1243 esset‚1⁵

101 1254 276 1296 alterum
307 1255 427 1297 alteri
458 1261 666 1310 praestare
697 1259 938 1308 oporteret;
971 1255 1072 1310 quid
1100 1254 1235 1296 virum
1256 1254 1401 1303 uxori,
1436 1253 1537 1309 quid
1558 1267 1734 1296 uxorem
1753 1256 1863 1306 viro,

101 1315 371 1359 tradiderunt.
432 1317 592 1359 Licebit
618 1319 768 1372 igitur,
802 1318 1020 1371 diligenter
1049 1316 1224 1371 cognitis
1256 1322 1597 1371 argumentorum
1627 1317 1750 1368 locis,
1781 1333 1867 1361 non

101 1378 226 1421 modo
256 1378 490 1422 oratoribus
519 1385 560 1421 et
588 1379 872 1435 philosophis,
917 1381 990 1421 sed
1019 1379 1124 1422 iuris
1155 1381 1279 1422 etiam
1310 1380 1454 1433 peritis
1484 1383 1653 1436 copiose
1684 1382 1737 1422 de
1768 1394 1868 1423 con-

100 1440 389 1484 sultationibus
419 1442 504 1485 suis
534 1442 760 1496 disputare.
819 1444 970 1486 XVIII.
1005 1445 1074 1486 67.
1111 1444 1364 1486 Coniunctus
1394 1442 1492 1484 huic
1523 1456 1742 1486 causarum
1771 1443 1866 1487 loco

100 1502 167 1544 ille
198 1503 314 1546 locus
344 1510 424 1555 est,
471 1504 543 1560 qui
581 1504 758 1546 efficitur
787 1519 838 1547 ex
869 1505 1018 1547 causis.
1080 1507 1132 1547 Ut
1161 1505 1273 1547 enim
1303 1518 1426 1547 causa
1456 1504 1556 1560 quid
1586 1507 1640 1547 sit
1670 1504 1865 1549 effectum
1878 1517 1915 1544 20

98 1566 269 1616 indicat,
317 1569 397 1615 sic,
443 1570 555 1622 quod
595 1566 787 1609 effectum
827 1573 908 1616 est,
954 1582 1060 1625 quae
1097 1568 1223 1611 fuerit
1260 1582 1408 1619 causa,
1456 1568 1725 1611 demonstrat.
1786 1570 1866 1611 Hic

97 1627 215 1672 locus
253 1629 522 1686 suppeditare
565 1630 671 1671 solet
709 1629 944 1672 oratoribus
975 1637 1018 1672 et
1047 1630 1205 1686 poetis,
1255 1644 1379 1687 saepe
1421 1632 1546 1673 etiam
1577 1631 1863 1687 philosophis,

99 1691 173 1733 sed
202 1694 274 1742 iis,
309 1695 380 1748 qui
411 1698 559 1735 ornate
591 1698 632 1734 et
659 1694 828 1746 copiose
851 1692 990 1749 eloqui
1010 1699 1210 1749 possunt,
1242 1693 1480 1736 mirabilem
1501 1694 1663 1750 copiam
1685 1693 1864 1743 dicendi,

99 1768 192 1796 cum
214 1757 476 1804 denuntiant,
509 1756 608 1810 quid
640 1770 693 1796 ex
725 1768 890 1811 quaque
919 1769 967 1797 re
997 1757 1049 1798 sit
1077 1756 1276 1800 suturum.
1339 1757 1568 1799 Causarum
1589 1755 1700 1799 enim
1722 1756 1864 1812 cogni-

98 1818 156 1860 tio
187 1818 467 1873 cognitionem
498 1824 742 1860 eventorum
773 1818 882 1860 sacit.
1875 1831 1911 1858 25

210 1883 278 1922 68.
310 1881 509 1937 Reliquus
531 1887 593 1922 est
613 1881 934 1935 comparationis
955 1882 1092 1931 locus,
1126 1883 1242 1924 cuius
1269 1895 1399 1936 genus
1420 1882 1717 1936 et·exemplum
1737 1895 1862 1939 supra

97 1944 278 1997 positum
299 1949 385 1994 est,
414 1951 458 1986 ut
478 1949 712 1986 ceterorum
734 1958 842 1985 nunc
863 1945 1107 1999 explicanda
1129 1946 1318 1987 tractatio
1338 1949 1414 1986 est.
1467 1945 1767 2001 Comparantur
1786 1947 1863 2002 igi-

98 2012 166 2048 tur
187 2020 250 2056 ea,
276 2021 381 2063 quae
398 2012 469 2049 aut
484 2006 642 2048 maiora
662 2013 731 2048 aut
746 2006 908 2048 minora
924 2012 998 2048 aut
1017 2009 1132 2062 paria
1153 2006 1364 2058 dicuntur;
1385 2008 1428 2048 in
1448 2006 1600 2063 quibus
1621 2013 1862 2062 spectantur

96 2070 212 2118 haec,
233 2083 443 2119 numerus,
466 2069 638 2125 species,
659 2070 734 2118 vis,
757 2067 961 2123 quaedam
984 2069 1106 2111 etiam
1125 2071 1177 2110 ad
1199 2083 1267 2111 res
1288 2071 1447 2125 aliquas
1469 2069 1649 2115 affectio.
1679 2072 1747 2112 69.
1773 2073 1860 2113 Nu-

97 2143 214 2173 mero
243 2132 301 2173 sic
331 2130 704 2186 comparabuntur,
737 2130 856 2186 plura
885 2134 995 2174 bona
1027 2139 1073 2174 ut
1092 2130 1360 2188 paucioribus
1389 2131 1512 2174 bonis
1537 2139 1857 2188 anteponantur,
1871 2145 1907 2172 ³0

96 2195 294 2249 pauciora
314 2194 419 2236 mala
440 2193 558 2235 malis
580 2192 790 2249 pluribus,
824 2195 1083 2236 diuturniora
1113 2193 1224 2237 bona
1255 2193 1541 2244 brevioribus,
1573 2197 1697 2250 longe
1719 2202 1760 2238 et
1779 2195 1859 2238 late

96 2261 319 2312 pervagata
347 2257 555 2311 angustis3
604 2270 657 2297 ex
687 2254 838 2310 quibus
868 2256 987 2312 plura
1016 2259 1126 2299 hona
1156 2263 1464 2313 propagentur,
1496 2272 1685 2314 quaeque
1716 2260 1857 2313 plures

96 2318 311 2361 imitentur
341 2325 383 2361 et
411 2318 576 2361 saciant.
639 2318 786 2371 Specie
816 2326 955 2362 autem
982 2325 1298 2375 comparantur,
1327 2326 1374 2363 ut
1392 2326 1718 2377 anteponantur,
1750 2336 1857 2378 quae

95 2387 268 2438 propter
296 2396 340 2425 se
371 2383 604 2437 expetenda
633 2386 749 2431 sunt,
781 2383 852 2432 iis,
896 2396 1004 2437 quae
1032 2387 1206 2443 propter
1235 2382 1347 2426 aliud
1357 2398 1369 2435 ;
1419 2389 1460 2425 et
1488 2389 1534 2426 ut
1562 2385 1703 2426 innata
1731 2389 1855 2440 atque

95 2445 217 2486 insita
245 2446 464 2501 assumptis
495 2449 536 2486 et
565 2442 825 2493 adventiciis,
869 2446 1034 2501 integra
1062 2447 1370 2495 contaminatis,
1413 2445 1596 2489 iucunda
1623 2448 1760 2488 minus
1789 2447 1853 2488 iu-
1867 2461 1902 2489 ³5

97 2508 263 2556 cundis‚
294 2510 468 2550 honesta
496 2506 596 2562 ipsis
627 2508 750 2548 etiam
779 2506 974 2557 utilibus,
1007 2508 1208 2563 proclivia
1229 2507 1476 2559 laboriosis,
1507 2508 1746 2551 necessaria
1768 2523 1852 2551 non

96 2570 360 2618 necessariis,
392 2586 466 2614 sua
494 2570 659 2619 alienis,
692 2584 784 2612 rara
815 2570 1080 2625 vulgaribus,
1112 2570 1406 2614 desiderabilia
1434 2573 1504 2621 iis,
1549 2571 1699 2629 quibus
1728 2571 1851 2613 facile

97 2645 237 2674 carere
265 2634 421 2688 possis,
453 2632 638 2687 perfecta
666 2633 890 2683 inchoatis,
932 2639 1019 2677 tota
1048 2634 1256 2690 partibus,
1297 2636 1456 2677 ratione
1486 2637 1646 2678 utentia
1674 2633 1850 2676 rationis

97 2693 358 2750 expertibus,
389 2696 622 2739 voluntaria
650 2697 916 2747 necessariis,
949 2698 1129 2739 animata
1158 2697 1373 2747 inanimis,
1404 2699 1608 2740 naturalia
1626 2711 1710 2739 non
1730 2703 1850 2738 natu-

96 2756 270 2806 ralibus,
302 2757 523 2802 artificiosa
551 2773 636 2802 non
665 2757 911 2802 artificiosis.
983 2762 1052 2801 70.
1099 2761 1339 2804 Visautem
1370 2762 1414 2803 in
1444 2759 1752 2816 comparatione
1787 2759 1847 2801 sic
1860 2773 1900 2801 40

189 2926 223 2960 8.
251 2929 393 2962 consilia
417 2929 556 2969 abed,
586 2928 668 2968 Gr.‚
696 2941 736 2977 ρ,
764 2928 875 2968 Valla,
901 2929 981 2963 BV:
1009 2930 1152 2962 consilio
1170 2929 1207 2968 ἰ,
1236 2929 1372 2962 Oxonn.
1394 2933 1486 2966 tres,
1513 2928 1553 2961 E.
1578 2943 1613 2950 —
1642 2929 1699 2960 11.
1726 2925 1845 2962 Aoum

96 2978 234 3014 oportet
259 2975 414 3016 abeat,
441 2976 493 3014 B,
519 2976 572 3016 U,
591 2976 708 3015 Nulla.
760 2977 804 3008 Ut
829 2985 911 3015 nos,
939 2986 957 3009 e
984 2980 1018 3009 et
1042 2976 1154 3008 Codd.
1181 2977 1356 3009 Lambini.
1387 2992 1425 3000 -
1455 2976 1510 3007 12.
1541 2974 1642 3014 Qvon
1666 2983 1752 3007 mvs
1775 2985 1844 3009 ntic-

95 3030 175 3054 ιινε
210 3029 364 3060 Λερνινε
387 3022 530 3055 abed:
572 3023 658 3064 quid
682 3026 827 3066 aequius
850 3023 972 3055 metius
1007 3031 1085 3055 cum
1118 3024 1207 3056 Aldo
1233 3024 1282 3058 E,
1321 3023 1412 3064 quod
1447 3022 1568 3054 melius
1602 3023 1748 3062 aequius
1784 3023 1842 3063 er,

95 3068 278 3101 Bo'c‘tbius.
317 3086 358 3092 —
399 3070 456 3102 13.
482 3069 540 3101 Illi
564 3071 680 3102 dolum
705 3070 904 3109 abcdet',
933 3070 1015 3116 Βρ,
1050 3070 1168 3102 Valla:
1207 3070 1266 3101 Illi
1301 3070 1392 3102 enim
1429 3068 1548 3100 dolum
1584 3077 1663 3102 cum
1702 3069 1842 3103 Oxonn.

96 3115 234 3148 duobus
261 3119 295 3148 et
320 3115 407 3148 Aldo
435 3116 476 3148 E.
513 3128 555 3138 --
596 3117 653 3147 20.
681 3117 740 3148 ille
764 3118 856 3149 locus
879 3120 927 3149 est·
952 3117 1032 3149 ad:
1072 3117 1130 3149 ille
1155 3116 1249 3148 locas
1275 3116 1344 3153 bc.
1384 3115 1476 3147 locus
1499 3115 1557 3147 ille
1581 3121 1630 3149 est
1662 3115 1761 3149 el'E.
1800 3134 1839 3140 —

96 3171 205 3194 causa
230 3163 314 3204 quid
336 3164 381 3194 sit
405 3163 558 3205 effectum
581 3163 724 3196 abcde
740 3187 749 3200 ,
777 3164 910 3196 Oxonn.
940 3167 1125 3204 quattuor,
1151 3163 1270 3201 Valla,
1295 3162 1374 3195 BV:
1402 3169 1508 3194 causa
1533 3162 1684 3204 effectum
1709 3162 1770 3196 ΤΕ.
1799 3180 1837 3188 —-

95 3208 154 3243 23.
180 3210 295 3250 eloqui
320 3209 492 3242 Orellius:
521 3213 553 3240 et
577 3209 671 3250 loqui
694 3210 777 3250 BV,
804 3211 898 3251 loqui
922 3210 949 3241 E
976 3218 1055 3242 cum
1082 3209 1193 3242 Codd.
1219 3210 1322 3241 notis.
1360 3207 1430 3241 Cfr.
1458 3208 1502 3241 de
1528 3208 1587 3241 Or.
1616 3210 1661 3250 1,
1688 3210 1754 3249 11,
1779 3210 1838 3242 48.

95 3255 256 3288 Ellendt:
283 3257 485 3296 composite,
512 3260 654 3295 ornate,
679 3258 814 3299 copiose
831 3257 958 3299 eloqui.
995 3273 1032 3282 -
1060 3256 1118 3290 39.
1138 3256 1305 3290 inanimis
1321 3263 1360 3296 a,
1385 3254 1509 3289 Lamb.
1537 3256 1574 3290 in
1591 3265 1659 3299 mg.
1673 3257 1841 3298 Repett.:

94 3303 299 3337 inanimatis
324 3304 351 3337 E
379 3312 457 3338 cum
482 3303 618 3337 ceteris.
