2117 3762
265 261 346 302 336
960 257 1034 297 DE
1075 257 1323 299 ORATORE

261 365 438 416 veritas;
485 364 557 407 sed
596 376 642 404 ea
670 363 704 403 si
733 360 828 403 satis
857 359 898 401 in
933 363 1094 402 actione
1130 360 1313 404 efficeret
1346 362 1435 415 ipsa
1462 373 1540 416 per
1567 373 1679 407 sese,
1712 363 1799 401 arte
1824 360 2027 415 profecto·

262 442 345 469 non
372 440 606 482 egeremus.
676 427 831 467 Verum
869 422 963 477 quia
995 423 1121 464 animi
1155 424 1384 477 permotio,
1434 437 1540 479 quae
1574 421 1756 464 maxime
1785 428 1854 463 aut
1884 424 2019 464 decla—

261 489 391 531 randa
420 495 490 530 aut
518 488 715 529 imitanda
746 490 807 526 est
836 484 1019 534 actione,
1062 485 1300 538 perturbata
1331 499 1451 541 saepe
1480 484 1536 526 ita
1567 489 1650 533 est,
1696 489 1742 525 ut
1772 485 2016 527 obscuretur

262 566 309 593 ac
334 566 462 607 paene
487 553 711 597 obruatur,
745 547 1002 589 discutienda
1024 553 1118 588 sunt
1147 561 1218 595 ea,
1250 562 1354 603 quae
1383 551 1632 596 obscurant,
1666 551 1708 588 et
1729 559 1777 588 ea
1798 561 1903 602 quae
1924 552 2019 589 sunt

232 613 483 657 seminentia
512 618 551 653 et
580 616 792 667 prompta,
844 611 1056 651 sumenda.
1115 612 1209 654 216.
1256 612 1396 652 Omnis
1429 612 1537 652 enim
1575 615 1711 651 motus
1745 609 1871 650 animi
1903 623 2021 651 suum

261 678 465 731 quendam
499 673 549 729 [a]
581 679 726 715 natura
754 675 881 715 habet
910 672 1067 713 vultum
1096 677 1136 713 et
1163 685 1310 714 sonum
1341 678 1380 714 et
1409 678 1590 728 gestum3
1624 684 1859 726 corpusque
1890 677 2023 713 totum

259 738 437 779 hominis
464 744 503 778 et
535 737 624 782 eius
654 735 788 777 omnis
817 734 953 776 vultus
988 748 1216 790 omnesque
1254 748 1398 783 voces,
1446 742 1491 778 ut
1521 735 1637 777 nervi
1667 734 1710 776 in
1745 733 1920 781 fidibus,
1963 735 2020 783 ita

260 805 426 847 sonant,
471 804 517 840 ut
550 813 574 840 a
603 804 718 839 motu
755 797 880 840 animi
918 811 1085 854 quoque
1128 802 1220 839 sunt
1249 799 1407 852 pulsae.
1468 800 1569 839 Nam
1603 811 1726 839 voces
1761 802 1809 838 ut
1840 797 2022 838 chordae

258 868 352 903 sunt
379 862 586 911 intentae,
621 875 724 917 quae
746 863 798 902 ad
825 873 1030 915 quemque
1052 865 1205 901 tactum
1230 861 1533 915 respondeant,
1566 866 1707 908 acuta,
1741 858 1898 914 gravis,
1931 858 2022 906 cita,

210 942 244 967 10
258 927 393 973 tarda,
427 938 596 979 magna,
627 938 776 978 parva;
810 938 911 980 quas
935 931 1071 966 tamen
1100 925 1207 964 inter
1228 935 1372 963 omnes
1402 928 1464 963 est
1489 936 1564 964 suo
1590 936 1780 978 quaeque
1807 921 1850 963 in
1871 934 2024 976 genere

258 987 497 1028 mediocris.
558 988 693 1042 Atque
731 986 854 1028 etiam
899 987 969 1028 illa
1008 991 1102 1027 sunt
1138 984 1189 1026 ab
1230 985 1292 1025 his
1323 983 1489 1038 delapsa
1521 984 1639 1039 plura
1678 997 1854 1039 genera,
1902 983 2021 1033 lene,

257 1062 470 1104 asperum3
504 1054 784 1098 contractum,
819 1048 1033 1100 diffusum;
1066 1046 1293 1089 continenti
1326 1046 1493 1102 spiritu,
1526 1046 1781 1096 intermisso;
1813 1047 2011 1094 fractum,

257 1111 452 1161 scissum;
483 1110 591 1153 flexo
614 1125 717 1154 sono
741 1117 1027 1159 extenuatum,
1059 1110 1261 1152 inflatum.
1321 1112 1417 1151 217.
1448 1109 1614 1150 Nullum
1646 1114 1708 1151 est
1737 1109 1846 1151 enirn
1868 1111 2021 1151 horum

259 1188 482 1227 generum,
523 1176 635 1230 quod
672 1188 755 1216 non
791 1180 880 1216 arte
913 1188 960 1215 ac
990 1172 1276 1215 moderatione
1311 1176 1523 1213 tractetur.
1583 1172 1634 1212 Hi
1666 1179 1758 1214 sunt
1795 1171 1949 1220 actori,
1981 1177 2026 1213 ut

208 1253 244 1279 1⁵
259 1236 429 1292 pictori,
469 1237 648 1292 expositi
675 1239 726 1278 ad
759 1236 999 1279 variandum
1035 1236 1211 1278 colores.
1274 1236 1418 1276 LVIII.
1452 1233 1574 1276 Aliud
1611 1235 1720 1276 enim
1750 1234 1862 1276 vocis
1893 1247 2024 1288 genus

259 1299 469 1341 iracundia
500 1299 579 1341 sibi
610 1305 764 1347 sumat,
797 1305 982 1347 acutum,
1015 1298 1250 1346 incitatum,
1285 1296 1432 1339 crebro
1463 1299 1670 1339 incidens:

426 1395 577 1447 Impius
605 1395 791 1435 hortat-ur
820 1408 879 1435 me
904 1395 1056 1447 frater,
1087 1399 1130 1433 ut
1160 1406 1264 1433 meos
1292 1393 1410 1433 malis
1440 1392 1561 1433 miser

433 1458 667 1499 Mandarem
695 1464 833 1498 natos:
862 1480 880 1486 -
909 1479 929 1486 -

264 1555 304 1594 et
334 1563 404 1600 ea,
438 1564 543 1606 quae
573 1556 617 1592 tu
647 1549 828 1599 dudum,
862 1551 1037 1598 Antoni,
1070 1548 1305 1604 protulisti:

213 1663 250 1689 20
432 1646 647 1699 Seqreqare
676 1645 745 1686 abs
773 1651 808 1685 te
837 1658 960 1685 ausus
992 1675 1002 1686 .
1039 1675 1048 1685 .
1085 1675 1095 1685 .

263 1744 328 1781 et:

430 1833 583 1887 Ecquis
610 1834 683 1874 hoc
712 1833 1022 1874 animadvertit?
1050 1832 1191 1872 vincite
1208 1861 1217 1871 .
1241 1861 1250 1872 .
1277 1862 1286 1872 .

266 1931 308 1968 et
337 1929 484 1968 Atreus
524 1926 612 1968 fere
643 1932 768 1968 totus.
829 1926 952 1968 Aliud
991 1924 1202 1967 miseratio
1243 1938 1289 1966 ac
1329 1936 1522 1972 maeror,
1572 1920 1781 1971 flexibile,
1828 1921 2021 1977 plenum,

265 1990 562 2045 interruptum,
594 1988 721 2031 flebili
752 2003 880 2038 voce,

217 2101 252 2126 25
439 2083 525 2135 Quo
554 2097 658 2124 nunc
688 2097 747 2124 me
776 2084 954 2123 vertam?
983 2082 1085 2135 quod
1113 2082 1189 2121 iter
1218 2080 1410 2134 incipiam
1439 2080 1624 2133 inqredi?

432 2148 604 2187 Domum
625 2148 916 2200 paternamne?
956 2158 1056 2186 anne
1085 2145 1136 2185 ad
1164 2144 1296 2184 Peliae
1320 2144 1456 2196 filias?

268 2243 310 2280 et
337 2237 432 2280 illa:

440 2333 474 2374 O
495 2338 636 2387 pater,
667 2346 689 2373 o
716 2332 879 2396 patria,
913 2345 936 2372 ο
965 2332 1124 2374 Priami
1152 2331 1313 2373 domus!

269 2431 311 2470 et
339 2440 445 2483 quae
477 2432 728 2483 sequuntur,

219 2534 256 2560 30
437 2522 547 2563 Haec
575 2522 711 2562 omnia
738 2520 821 2561 vidi
849 2521 1114 2574 inflammari,

436 2585 602 2625 Priamo
629 2585 670 2625 vi
701 2585 824 2624 vitam
852 2585 1009 2625 evitari.

273 2672 368 2718 218.
401 2670 523 2714 Aliud
552 2675 707 2721 metus,
739 2672 962 2713 demissum
993 2675 1034 2712 et
1063 2670 1271 2711 haesitans
1302 2673 1343 2710 et
1372 2666 1599 2710 abiectum:

361 2836 395 2869 4.
424 2840 527 2877 atque
552 2836 595 2868 R.
625 2853 663 2859 —
690 2835 723 2868 5.
751 2835 970 2867 imminentia
995 2834 1036 2867 R.
1075 2851 1118 2857 —-
1155 2834 1190 2866 6.
1219 2843 1242 2866 α
1268 2843 1335 2866 om.
1366 2833 1433 2865 Gu.
1462 2831 1495 2864 3.
1523 2830 1596 2864 AB.
1645 2831 1715 2865 Nos
1739 2832 1956 2865 seclusimus.
1985 2848 2023 2855 —

269 2891 460 2924 corpusque
487 2888 599 2915 totum
625 2883 654 2914 A
682 2883 834 2922 aliique,
861 2883 904 2914 R:
933 2885 1107 2923 totumque
1133 2890 1258 2922 corpus
1282 2881 1322 2912 E.
1364 2879 1428 2921 (De
1451 2879 1478 2910 B
1505 2887 1574 2911 non
1601 2878 1740 2919 liquet.)
1768 2896 1807 2902 —
1833 2879 1867 2912 7.
1895 2884 1927 2912 et
1953 2880 2026 2911 eius

272 2933 381 2962 omnis
407 2940 475 2964 om.
503 2931 576 2962 AB.
607 2947 644 2952 —
671 2929 775 2960 vultis
793 2928 870 2968 (sic)
896 2931 1072 2970 omnisque
1096 2929 1189 2960 vocis
1210 2928 1247 2959 B.
1271 2944 1310 2951 —-
1337 2927 1370 2959 8.
1398 2931 1437 2958 ut
1461 2930 1555 2958 motu
1580 2925 1609 2957 A
1635 2927 1784 2967 aliique:
1809 2927 1847 2958 in
1871 2930 1965 2958 motu
1981 2926 2023 2965 B,

270 2980 309 3007 ut
326 2987 347 3008 a
371 2983 468 3009 motu
486 2978 557 3009 RE.
587 2993 625 2999 —
653 2985 854 3018 quocunque
872 2976 911 3006 B.
940 2992 979 2998 —
1007 2976 1039 3008 9.
1069 2984 1156 3017 quae
1182 2984 1250 3006 om.
1276 2974 1319 3006 A.
1349 2973 1473 3004 -·11.
1501 2973 1569 3005 leve
1593 2973 1633 3005 B.
1662 2989 1703 2996 —-
1732 2973 1790 3004 12.
1816 2974 1957 3013 spiritui
1980 2974 2023 3004 A.

274 3039 310 3045 —
331 3025 538 3056 intermissio
557 3024 599 3062 A,
621 3024 664 3055 R.
685 3040 719 3047 —
741 3022 795 3054 13.
816 3026 1039 3054 extenuatum
1058 3023 1115 3054 AB
1134 3022 1287 3060 aliique:
1316 3022 1534 3052 attenuatum
1552 3020 1626 3052 RE.
1649 3036 1688 3042 —
1714 3020 1839 3052 horum
1863 3027 2025 3060 yenerum

273 3067 341 3100 Gu.
369 3070 400 3100 3.
429 3072 509 3102 AB:
551 3071 674 3101 horum
700 3069 865 3100 similium
891 3078 1051 3110 qenerum
1075 3069 1134 3101 RE
1152 3093 1160 3107 ‚
1201 3069 1323 3099 horum
1349 3065 1395 3107 [et
1419 3065 1594 3107 similium]
1621 3075 1784 3107 qenerum
1808 3066 1836 3098 T
1852 3089 1862 3104 ,
1902 3067 2025 3098 horum

273 3117 425 3147 omnium
449 3126 608 3159 yenerum
632 3117 836 3148 Lambinus.
858 3132 898 3138 —·
927 3116 980 3148 14.
1007 3125 1080 3148 non
1103 3112 1191 3155 arte]
1218 3119 1315 3145 noste
1332 3111 1407 3154 (sic)
1427 3113 1466 3144 Β.
1501 3129 1533 3134 -
1570 3115 1683 3145 actori
1709 3116 1740 3144 et
1763 3116 1801 3144 uc
1827 3113 1868 3144 B.
1898 3129 1935 3136 —
1964 3112 2022 3144 16.

272 3163 376 3193 sumit
402 3163 443 3196 R.
475 3180 514 3186 —
542 3164 596 3196 17.
625 3164 738 3204 Ipsius
761 3163 844 3200 AB,
870 3163 972 3203 Ipsus
988 3163 1032 3194 R.
1062 3179 1099 3185 —-
1130 3161 1185 3194 18.
1213 3160 1423 3192 Mandarem
1449 3160 1561 3192 Codd.
1582 3160 1664 3201 Lag.
1685 3160 1795 3200 aliq.:
1821 3159 2025 3191 Manaerem

273 3207 346 3245 AB,
374 3209 446 3242 RE.
476 3210 547 3242 Csr.
566 3211 685 3243 Moser
711 3213 745 3242 et
768 3211 868 3241 Klotz
894 3210 936 3241 ad
961 3209 1068 3241 Tusc.
1095 3208 1129 3247 4,
1156 3207 1214 3244 36,
1240 3207 1298 3238 77.
1327 3224 1368 3230 —
1394 3207 1451 3238 22.
1480 3211 1511 3239 et
1533 3207 1608 3248 quis
1632 3207 1674 3239 R.
1703 3223 1742 3229 —
1770 3205 2024 3237 animadvertet

273 3254 345 3285 AB.
375 3254 444 3286 Cfr.
470 3256 575 3289 Tusc.
601 3257 647 3294 4,
676 3257 720 3289 25
737 3280 747 3292 ,
773 3258 829 3289 55.
861 3274 897 3281 -
926 3256 1034 3287 vincit
1060 3255 1101 3286 R.
1132 3271 1170 3277 -
1198 3253 1255 3285 23.
1282 3262 1420 3286 moeror
1445 3253 1494 3291 B,
1524 3262 1652 3285 memor
1669 3252 1710 3284 A.
1730 3267 1772 3276 —
1796 3251 1851 3283 24.
1879 3251 2024 3294 flexibili

273 3308 354 3332 voce
380 3301 422 3333 A.
452 3305 491 3333 ut
516 3303 592 3335 Vet.
614 3304 735 3343 steph.
759 3321 796 3327 —
825 3303 881 3337 26.
907 3307 1095 3344 paternam
1121 3301 1303 3332 domumne
1329 3301 1368 3331 B.
1396 3317 1440 3322 -
1464 3300 1512 3332 ad
1538 3297 1664 3340 Peliae]
1692 3298 1869 3339 appellare
1886 3298 1956 3331 AB.
1982 3316 2018 3322 —-

273 3347 332 3381 27.
357 3348 415 3380 ille
439 3348 481 3380 R.
509 3364 544 3373 ·—
571 3348 627 3381 30.
653 3351 744 3383 videt
768 3350 840 3382 AB.
869 3365 906 3374 -
931 3349 988 3381 31.
1015 3351 1049 3382 vi
1075 3357 1143 3381 om.
1173 3347 1245 3381 BR.
1276 3363 1313 3371 -
1341 3348 1487 3381 evitaret
1510 3346 1583 3379 AB.
1614 3362 1653 3370 —-
1695 3345 1751 3378 32.
1779 3344 1953 3378 dimissum
1977 3345 2020 3380 R.
