2117 3762
525 300 592 338 ΑΙ)
625 299 676 338 M.
709 295 919 337 BllUTUM
958 296 1000 338 C.
1031 295 1098 336 22.
1132 296 1199 337 25.
1232 296 1301 336 26.
1709 297 1789 338 419

46 405 174 445 debet
204 401 378 457 intelligi
398 425 452 433 -
473 400 539 443 hic
565 414 730 456 quoque.
760 406 952 455 apparet,
987 415 1079 444 cum
1109 398 1282 443 verbum
1313 396 1481 454 aliquod
1511 397 1632 440 altius
1663 404 1793 442 trans-

42 467 174 507 fertur
214 465 336 522 idque
378 467 419 506 in
461 465 650 505 oratione
691 464 834 504 humili
876 463 1064 518 ponitur,
1116 462 1227 517 quod
1266 462 1375 503 idem
1416 462 1457 502 in
1497 460 1576 502 alta
1608 460 1790 504 deceret.

42 529 108 568 83.
150 529 263 568 Illam
296 533 432 568 autem
465 526 807 571 concinnitatem,
853 540 958 580 quae
989 527 1210 567 verborum
1245 524 1559 566 collocationem
1589 523 1795 566 illuminat

42 589 92 631 iis
115 589 360 637 luminibus,
394 602 499 643 quae
524 589 667 629 Graeci
691 587 806 643 quasi
830 588 991 642 aliquos
1021 595 1158 642 gestus
1189 587 1389 628 orationis
1420 587 1623 640 σχήματα
1655 587 1796 642 appel-

42 653 126 694 lant
155 677 210 684 -
238 651 350 709 quod
388 653 496 693 idem
518 651 691 690 verbum
714 651 764 689 ab
788 649 837 690 iis
859 652 981 691 etiam
1004 652 1043 691 in
1075 651 1369 692 sententiarum
1393 656 1633 691 ornamenta
1664 656 1825 691 trans-⁵

43 714 176 757 fertur
193 736 257 762 —,
280 713 449 755 adhibet
471 711 637 766 quidem
661 713 726 751 hic
749 711 929 761 subtilis,
964 727 1109 769 quem,
1139 712 1216 753 nisi
1238 713 1350 767 quod
1372 711 1522 760 solum,
1556 712 1797 768 ceteroquin

44 785 158 819 recte
197 779 365 834 quidam
403 780 553 817 vocant
589 775 796 823 Atticum,
845 774 918 816 sed
949 774 1087 830 paullo
1118 776 1298 830 parcius.
1360 776 1461 815 Nam
1493 777 1598 816 sicut
1627 776 1668 816 in
1698 789 1799 830 epu-

43 842 176 882 larum
207 843 404 894 apparatu
435 851 458 878 a
488 835 790 889 magnificentia
822 835 1018 878 recedens
1049 851 1133 877 non
1163 851 1206 878 se
1234 850 1403 891 parcum
1427 836 1559 878 solum
1581 836 1654 878 sed
1675 839 1798 879 etiam

42 903 272 957 elegantem
304 899 433 941 videri
463 899 598 945 volet,
643 898 768 952 eliget
805 900 955 952 quibus
995 904 1149 940 utatur.
1211 899 1277 939 8Ῑι.
1325 900 1429 939 Sunt
1459 900 1568 940 enim
1599 899 1799 955 pleraque

42 970 134 1018 apta
165 964 285 1005 huius
315 961 443 1017 ipsius
475 962 678 1008 oratoris,
717 959 768 1001 de
800 974 882 1014 quo
915 960 1083 1016 loquor,
1123 961 1413 1016 parsimoniae.
1473 963 1574 1001 Nam
1606 961 1699 1012 illa,
1748 964 1799 1004 de
1812 974 1849 999 10

41 1027 192 1082 quibus
221 1030 315 1066 ante
346 1023 455 1071 dixi,
486 1025 582 1065 huic
613 1028 734 1064 acuto
763 1022 960 1075 fugienda
991 1029 1105 1071 sunt,
1136 1022 1251 1078 paria
1283 1021 1449 1076 paribus
1479 1023 1607 1064 relata
1627 1029 1668 1065 et
1688 1024 1802 1067 simi-

40 1088 136 1130 liter
179 1085 372 1128 conclusa
417 1087 650 1139 eodemque
691 1090 810 1139 pacto
846 1085 1034 1126 cadentia
1075 1091 1117 1126 ct
1156 1086 1442 1126 immutatione
1486 1085 1650 1128 litterae
1681 1087 1802 1144 quasi

41 1150 249 1205 quaesitae
269 1154 524 1196 venustates,
557 1162 607 1189 ne
640 1149 848 1189 elaborata
879 1147 1131 1189 concinnitas
1163 1152 1204 1188 et
1233 1148 1443 1202 quoddam
1473 1151 1696 1204 aucupium
1729 1152 1801 1191 de-

39 1211 271 1253 lectationis
301 1210 516 1253 manifesto
555 1209 861 1264 deprehensum
903 1215 1113 1265 appareat.
1175 1212 1244 1250 85.
1292 1210 1478 1265 Itemque
1509 1211 1542 1250 si
1573 1224 1680 1265 quae
1708 1226 1802 1253 ver-

39 1276 192 1318 borum
222 1275 466 1316 iterationes
497 1275 804 1315 contentionem
835 1272 1015 1327 aliquam
1053 1279 1092 1314 et
1130 1270 1355 1313 clamorem
1395 1273 1629 1327 requirent,
1680 1278 1849 1315 erunt1⁵

39 1338 91 1378 ab
131 1338 210 1378 hac
249 1338 540 1378 summissione
585 1335 786 1378 orationis
831 1335 1012 1385 alienae;
1058 1335 1208 1376 ceteris
1252 1335 1487 1388 promiscue
1526 1336 1681 1390 poterit
1718 1336 1800 1385 uti,

40 1400 394 1441 continuationem
416 1398 640 1440 verborum
662 1400 788 1440 modo
810 1397 972 1440 relaxet
1001 1402 1042 1438 et
1072 1398 1228 1438 dividat
1255 1402 1476 1451 utaturque
1505 1396 1644 1439 verbis
1675 1412 1800 1452 quam

39 1461 340 1510 usitatissimis,
393 1462 681 1503 tralationibus
726 1475 851 1515 quam
893 1459 1170 1510 mollissimis3
1224 1461 1346 1501 etiam
1388 1459 1459 1501 illa
1504 1462 1801 1502 sententiarum

39 1523 196 1566 lumina
226 1529 432 1573 assumat,
480 1537 586 1579 quae
618 1537 704 1565 non
735 1529 856 1565 erunt
883 1524 1159 1565 vehementer
1188 1522 1375 1565 illustria.
1435 1525 1527 1564 Non
1557 1522 1682 1565 faciet
1709 1537 1800 1565 rem

39 1587 245 1642 publicam
286 1586 551 1642 loquentem,
598 1600 674 1628 nec
712 1588 763 1627 ab
802 1585 947 1628 inseris
978 1589 1166 1626 mortuos
1198 1584 1419 1634 excitabit,
1469 1599 1546 1626 nec
1577 1587 1851 1630 acervatim2o

41 1650 171 1690 multa
200 1647 468 1703 frequentans
499 1663 580 1690 una
601 1649 892 1704 complexione
914 1648 1133 1689 devinciet.
1190 1647 1477 1690 Valentiorum
1498 1649 1604 1689 haec
1623 1647 1801 1691 laterum

40 1717 138 1752 sunt
174 1724 251 1752 nec
289 1713 340 1752 ab
380 1714 482 1759 hoc,
527 1725 651 1766 quem
686 1710 981 1757 informamus,
1027 1715 1098 1750 aut
1128 1709 1406 1763 exspectanda
1436 1715 1507 1752 aut
1535 1710 1798 1767 postulanda.

39 1775 129 1815 Erit
164 1775 273 1816 enim
310 1779 356 1815 ut
395 1788 522 1822 voce,
569 1773 627 1814 sic
668 1775 789 1815 etiam
820 1774 1008 1815 oratione
1042 1774 1317 1828 suppressior.
1379 1775 1447 1814 86.
1493 1774 1573 1814 Sed
1603 1773 1802 1829 pleraque

41 1850 93 1877 ex
132 1836 211 1877 illis
251 1837 499 1876 convenient
537 1837 661 1876 etiam
700 1836 795 1876 huic
824 1833 1038 1884 tenuitati,
1090 1848 1341 1892 quamquam
1370 1834 1518 1877 iisdem
1548 1836 1800 1878 ornamentis

39 1903 181 1940 utetur
208 1897 444 1948 horridius;
476 1897 602 1939 talem
633 1898 743 1939 enim
772 1898 1023 1940 inducimus.
1079 1899 1259 1940 Accedet
1287 1899 1394 1939 actio
1425 1911 1510 1939 non
1541 1898 1694 1953 tragica
1721 1913 1799 1940 nec
1814 1914 1852 1940 25

39 1973 209 2008 scenae,
255 1959 329 2002 sed
367 1959 532 2001 modica
572 1960 794 2002 iactatione
832 1962 1040 2017 corporiS,
1089 1963 1205 2005 vultu
1234 1967 1372 2003 tamen
1401 1962 1528 2002 multa
1559 1960 1799 2018 conficiens;

39 2036 125 2064 non
159 2023 261 2070 hoc,
308 2036 391 2078 quo
433 2024 625 2063 dicuntur
662 2036 708 2064 os
747 2022 922 2071 ducere,
975 2025 1047 2067 sed
1077 2026 1168 2073 illo,
1218 2038 1300 2078 quo
1333 2022 1567 2078 significant
1595 2023 1801 2078 ingenue,

40 2099 124 2142 quo
155 2099 281 2126 sensu
311 2084 493 2141 quidque
521 2086 804 2141 pronuntient.
865 2087 1016 2130 XXVI.
1050 2090 1118 2129 87.
1151 2086 1258 2129 Huic
1279 2087 1421 2140 generi
1442 2086 1641 2128 orationis
1662 2100 1803 2142 asper-

42 2154 192 2203 gentur
230 2149 357 2190 etiam
395 2150 525 2198 sales,
577 2149 648 2203 qui
687 2149 730 2189 in
767 2148 945 2190 dicendo
976 2151 1150 2192 nimium
1180 2154 1377 2205 quantum
1408 2147 1571 2198 valent3
1622 2162 1802 2203 quorum

41 2212 124 2254 duo
149 2225 303 2267 genera
323 2216 438 2260 sunt,
471 2225 600 2253 unum
620 2210 887 2261 facetiarum,
920 2214 1097 2255 alterum
1119 2211 1360 2254 dicacitatis.
1421 2212 1566 2252 Utetur
1591 2217 1772 2268 utroque
1789 2228 1798 2263 ;
1816 2228 1852 2254 :so

42 2275 116 2316 sed
145 2275 276 2315 altero
306 2275 351 2315 in
379 2273 585 2316 narrando
617 2273 777 2329 aliquid
806 2282 1002 2325 venuste,
1055 2277 1186 2317 altero
1225 2275 1268 2314 in
1299 2274 1487 2314 iaciendo
1517 2273 1801 2328 mittendoque

42 2336 240 2385 ridiculo,
286 2337 402 2378 cuius
443 2350 596 2391 genera
639 2337 758 2392 plura
803 2344 921 2389 sunt;
965 2341 1038 2380 sed
1078 2349 1187 2379 nunc
1216 2336 1329 2377 aliud
1365 2336 1537 2389 agimus.
1597 2337 1664 2378 88.
1698 2335 1804 2378 Illud

43 2398 315 2441 admonemus
351 2405 514 2448 tamen,
561 2400 741 2440 ridiculo
779 2402 838 2441 sio
881 2414 1054 2442 usurum
1094 2404 1324 2446 oratorem,
1370 2403 1419 2438 ut
1455 2411 1532 2439 nec
1571 2397 1690 2439 nimis
1720 2398 1803 2440 fre-

43 2463 208 2518 quenti,
249 2475 302 2504 ne
332 2461 508 2504 scurrile
537 2461 614 2512 sit;
664 2475 741 2503 nec
771 2461 1054 2511 subobsceno,
1094 2477 1147 2504 ne
1177 2461 1416 2510 mimicum3
1467 2474 1545 2502 nec
1572 2461 1798 2514 petulanti,

43 2539 96 2566 ne
127 2526 391 2578 improbum;
432 2538 508 2565 nec
538 2525 581 2565 in
612 2525 913 2574 calamitatem,
946 2538 998 2566 ne
1027 2526 1318 2574 inhumanum;
1356 2536 1434 2564 nec
1462 2525 1504 2564 in
1533 2522 1714 2571 facinus,
1748 2537 1799 2563 ne
1815 2537 1851 2564 ³5

45 2586 132 2629 odii
160 2589 299 2629 locum
328 2588 437 2628 risus
469 2591 665 2640 occupet;
711 2601 847 2643 neque
878 2592 947 2628 aut
977 2600 1050 2627 sua
1079 2600 1259 2643 persona
1289 2592 1359 2628 aut
1387 2584 1567 2627 iudicum
1599 2591 1670 2626 aut
1700 2590 1802 2626 tem-

43 2664 150 2704 pore
179 2650 374 2692 alienum.
435 2651 550 2690 Haec
589 2650 698 2690 enim
736 2652 788 2691 ad
825 2649 929 2691 illud
958 2648 1203 2691 indecorum
1233 2648 1482 2690 referuntur.
1543 2649 1607 2691 89.
1649 2647 1803 2688 Vitabit

47 2714 170 2754 etiam
199 2712 386 2769 quaesita
415 2727 493 2754 nec
525 2726 579 2754 ex
609 2718 799 2768 tempore
829 2712 948 2762 ficta,
988 2715 1059 2754 sed
1090 2714 1216 2753 domo
1246 2713 1391 2758 allata,
1423 2724 1527 2766 quae
1557 2710 1800 2764 plerumque

46 2780 142 2817 sunt
169 2774 330 2829 frigida.
387 2777 535 2817 Parcet
565 2780 606 2817 et
637 2777 829 2817 amicitiis
860 2782 900 2817 et
929 2773 1223 2830 dignitatibus3
1254 2774 1400 2817 vitabit
1428 2773 1673 2815 insanabiles
1704 2785 1802 2814 con-

139 2909 173 2941 2.
201 2909 277 2941 alta
301 2909 505 2943 Manutius:
534 2910 608 2942 alia
636 2918 712 2942 cum
740 2909 836 2942 libris
861 2909 933 2940 RE.
964 2925 1001 2932 -
1030 2909 1054 2940 a
1080 2913 1114 2941 et
1136 2909 1170 2942 5.
1197 2909 1242 2941 iis
1269 2908 1365 2941 Eins.
1384 2932 1393 2946 ,
1418 2907 1620 2940 Manutius:
1648 2905 1801 2937 his-his

49 2965 128 2989 cum
156 2959 280 2988 ceteris
306 2957 382 2988 RE.
410 2974 449 2980 —
477 2957 511 2989 6.
540 2954 747 2997 ceteroquin]
776 2961 934 2996 certoque
961 2956 1028 2987 Gu.
1059 2957 1113 2993 1.,
1149 2960 1325 2997 ceteroque
1353 2955 1418 2987 Gu.
1446 2955 1503 2992 2.,
1529 2958 1639 2985 cetera
1666 2953 1734 2985 Ἧι.
1756 2952 1799 2990 R,

48 3004 180 3044 Meyer.
231 3002 301 3034 err.
329 3003 429 3035 Hand
456 3003 559 3036 Turs.
587 3004 633 3034 ΙΙ.
662 3013 695 3043 p.
722 3003 781 3034 [02.
807 3019 851 3025 —-
876 3003 911 3033 7.
940 3003 970 3032 si
995 3006 1034 3033 ut
1059 3002 1127 3034 Ἧι.
1156 3003 1253 3034 Eins.
1280 3002 1365 3038 Dr..
1394 3001 1460 3032 Gu.
1490 3002 1522 3032 1.
1551 3000 1585 3030 2.
1613 3000 1654 3032 R.
1685 3017 1722 3024 -
1762 2999 1797 3031 8.

50 3060 73 3082 α
98 3059 166 3081 om.
193 3049 262 3081 vn.
292 3049 387 3082 Eine.
415 3050 476 3081 Dr.
493 3073 502 3087 ,
530 3051 597 3082 Gu.
618 3052 651 3082 1.
672 3052 706 3081 2.
735 3050 778 3082 R.
798 3066 839 3072 -
864 3050 899 3080 9.
924 3049 1087 3090 pleraque
1112 3054 1199 3089 apta
1224 3049 1369 3080 Lamb.:
1396 3048 1558 3087 pleraque
1583 3049 1663 3086 apte
1687 3046 1800 3084 Eius..

50 3097 118 3129 Gu.
146 3098 204 3133 1.,
235 3095 403 3135 pleraque
440 3096 524 3136 (om.
554 3099 652 3137 apta)
680 3097 739 3127 Dr,
758 3116 767 3131 .
801 3097 984 3135 pleraeque
1007 3100 1112 3134 aptae
1138 3098 1262 3127 ceteris
1289 3104 1367 3127 cum
1402 3094 1496 3125 libris
1522 3093 1595 3124 RE.
1623 3091 1802 3134 (pleraque

48 3152 154 3183 aeque
180 3146 267 3183 apta
291 3142 396 3174 Tork.
423 3142 579 3175 Badenio
606 3147 749 3176 auctore
776 3142 926 3176 Goeller.
979 3141 1118 3174 Scilicet
1145 3142 1334 3174 Schsitzius
1355 3142 1577 3173 coniecerat:
1618 3138 1699 3170 Non
1721 3142 1803 3171 sunt

49 3192 138 3222 enim
152 3197 323 3229 peraeque
340 3188 455 3229 apta.)
476 3204 515 3211 —-
544 3190 602 3221 12.
620 3191 811 3221 mutatione
830 3191 873 3222 R.
892 3204 937 3210 -—
962 3188 1016 3220 14.
1044 3188 1223 3227 manifeste
1247 3189 1290 3225 R,
1316 3187 1437 3219 Lamb.
1465 3203 1509 3208 -
1535 3185 1591 3218 17.
1605 3186 1707 3218 modo
1724 3195 1801 3217 ver-

52 3236 175 3268 borum
203 3237 298 3268 Eins.
327 3252 363 3258 —
394 3235 450 3266 19.
478 3239 629 3267 assumet
654 3237 776 3268 Lamb.
806 3251 841 3258 —
870 3236 928 3267 25.
955 3235 1093 3267 Accedit
1119 3235 1209 3266 libri.
1261 3234 1494 3266 Correxerunt
1516 3232 1638 3265 Lamb.
1660 3238 1694 3266 et
1714 3233 1798 3264 Ern.

51 3300 97 3305 —-
119 3283 176 3316 29.
203 3283 330 3314 mirum
354 3284 524 3322 quantum
547 3282 624 3314 Ald.
652 3291 724 3315 sec.
759 3283 856 3315 Man.
883 3281 1005 3314 Lamb.
1047 3280 1136 3322 (Liv.
1165 3282 1203 3319 1,
1230 3280 1295 3319 16,
1321 3280 1356 3312 8.
1383 3282 1428 3320 2,
1456 3281 1497 3318 1,
1524 3278 1598 3319 11.)
1634 3279 1675 3311 ln
1704 3279 1799 3311 libris

53 3335 229 3371 repertum
257 3337 325 3361 non
351 3332 427 3366 est,
463 3335 543 3359 cum
569 3330 614 3360 sit
637 3337 732 3362 mera
757 3331 849 3361 coni.
877 3329 979 3361 ducta
1006 3336 1045 3360 ex
1071 3327 1157 3360 Ven.
1184 3335 1253 3359 sec.
1283 3335 1399 3359 errore
1423 3327 1590 3359 nimirum
1614 3331 1797 3368 quantum.

55 3393 95 3401 -
122 3376 180 3410 34.
205 3385 267 3410 nec
292 3375 473 3408 inimicum
498 3374 568 3409 Ἧι.
594 3374 658 3408 Dr.
684 3376 727 3410 R.
755 3392 798 3401 -
823 3375 881 3409 38.
908 3383 968 3408 nec
993 3377 1143 3415 tempore
1167 3373 1238 3407 Ἧι.
1264 3372 1327 3407 Dr.
1354 3372 1423 3408 Gu.
1449 3375 1483 3407 1.
1509 3374 1544 3406 2.
1571 3374 1614 3407 R.
