2117 3762
734 284 832 324 LIB.
868 284 918 323 11.
983 283 1027 324 C.
1061 284 1129 324 51.
1163 284 1229 324 59..
1784 290 1861 330 167

112 400 273 442 autem,
308 393 377 448 qui
408 393 449 433 in
479 390 659 444 gladium
692 388 960 436 incubuerat,
995 389 1142 430 leviter
1171 390 1334 430 saucius
1364 388 1482 430 facile
1515 404 1566 430 ex
1598 390 1769 432 vulnere
1801 399 1863 434 est

111 463 337 500 recreatus.
400 457 552 495 Navem
599 465 691 492 cum
733 465 860 492 onere
901 453 1048 492 borum
1090 454 1212 492 trium
1255 464 1369 493 suam
1411 453 1586 506 quisque
1627 466 1716 493 csse
1757 452 1864 498 dicit.

112 522 189 562 llic
230 533 373 560 omnes
410 516 562 571 scripto
601 516 652 555 ad
694 528 858 554 causam
890 514 1091 555 acci-dunt
1121 521 1161 554 ct
1192 529 1242 554 cx
1275 515 1452 555 nominis
1483 516 1524 555 vi
1555 517 1736 556 nascitur
1767 529 1864 557 con-

111 581 326 625 troversia.
385 581 484 620 Nam
515 584 554 618 et
583 577 820 630 relinquere
853 591 997 618 navem
1030 583 1070 618 et
1100 590 1315 617 remanere
1338 578 1378 617 in
1400 577 1514 623 navi,
1548 576 1726 631 denique
1749 577 1865 619 navis

111 647 200 699 ipsa
230 642 328 699 quid
359 644 427 688 sit,
460 638 768 681 definitionibus
800 646 1035 693 quaeretur.
1098 641 1246 680 lisdem
1279 645 1414 680 antem
1445 638 1547 681 locis
1577 654 1630 680 ex
1652 641 1861 689 omnibus,
1880 653 1895 679 ς

113 706 261 763 quibus
291 703 499 746 definitiva
529 701 786 748 constitutio,
819 700 1068 743 tractabitur.

227 770 319 809 155.
370 768 508 812 Nunc,
548 764 745 818 expositis
777 765 825 805 iis
857 761 1307 816 argumentationibus,
1349 777 1452 816 quae
1484 764 1525 803 in
1555 761 1743 805 iudiciale
1773 777 1867 805 cau-

112 844 250 874 sarum
291 842 419 883 genus
460 829 844 874 accommodantur,
892 826 1088 879 deinceps
1125 826 1166 866 in
1206 824 1523 867 deliberativum
1566 839 1695 880 genus
1726 832 1767 867 et
1797 828 1868 867 de-

113 893 424 935 monstrativum
455 891 767 942 argumentandi
799 889 915 930 locos
946 895 986 929 et
1022 894 1240 942 praecepta
1280 889 1493 936 dabimus,
1542 902 1624 930 non
1663 902 1746 943 quo
1784 902 1868 930 non

112 956 154 998 in
184 957 319 1009 aliqua
351 951 644 993 constitutione
677 953 810 991 omnis
842 964 1006 1006 semper-
1043 964 1166 992 causa
1205 956 1418 998 versetur,
1467 950 1538 991 sed
1580 952 1674 1004 quia
1711 950 1868 1006 proprii
1883 965 1918 990 10

112 1026 250 1060 tamen
290 1018 438 1057 barum
478 1027 692 1054 causarum
731 1014 899 1068 quidam
938 1013 1018 1055 loci
1055 1019 1149 1054 sunt
1180 1026 1261 1053 non
1292 1026 1313 1052 a
1345 1013 1638 1054 constitutione
1669 1015 1868 1066 separati,

112 1079 185 1121 sed
223 1077 274 1119 ad
311 1078 415 1118 fines
454 1078 604 1118 horum
644 1091 841 1131 generum
873 1075 1189 1118 accommodati.
1252 1078 1344 1115 156.
1390 1077 1492 1116 Nam
1524 1076 1657 1129 placet
1688 1076 1730 1117 in
1762 1076 1870 1117 iudi-

112 1141 206 1183 ciali
237 1153 391 1194 genere
422 1137 545 1180 finem
577 1152 665 1180 esse
696 1141 970 1193 aequitatem,
1002 1140 1082 1179 hoc
1105 1144 1190 1186 est,
1223 1145 1383 1192 partem
1406 1141 1609 1192 quandam
1630 1140 1868 1180 honestatis.

112 1206 158 1246 In
189 1202 461 1244 deliberativo
494 1207 629 1241 autem
661 1201 873 1242 Aristoteli
903 1202 1037 1256 placet
1068 1200 1306 1249 utilitatem3
1340 1203 1461 1242 nobis
1492 1208 1532 1242 et
1549 1203 1808 1242 honestatem
1831 1205 1872 1242 et

111 1267 346 1313 utilitatem,
378 1264 419 1304 in
450 1262 798 1310 demonstrativo,
828 1265 1105 1304 honestatem.
1169 1264 1308 1312 Quare
1339 1265 1380 1304 in
1410 1265 1492 1304 hoc
1521 1277 1686 1318 quoque
1717 1278 1869 1318 genere
1884 1278 1918 1305 ις

111 1340 260 1371 causae
299 1328 499 1379 quaedam
541 1325 917 1380 argumentationes
959 1327 1235 1367 communiter
1265 1339 1312 1365 ac
1343 1325 1534 1366 similiter
1563 1328 1869 1378 tractabuntur-3

112 1392 315 1447 quaedam
356 1387 584 1444 separatius
626 1389 677 1428 ad
717 1386 865 1436 finem,
914 1401 996 1442 quo
1033 1386 1181 1429 referri
1217 1401 1385 1428 omnem
1417 1389 1648 1429 orationem
1681 1396 1866 1444 oportet,

112 1455 401 1507 adiungentur.
463 1452 598 1504 Atque
637 1451 760 1491 unius
798 1452 997 1504 cuiusque
1029 1450 1335 1490 constitutionis
1367 1450 1601 1505 exemplum
1634 1464 1869 1506 supponere

111 1532 194 1560 non
243 1527 536 1569 gravaremur,
584 1514 663 1553 nisi
709 1513 810 1555 illud
855 1515 1113 1559 videremus,
1165 1513 1516 1566 quemadmodum
1561 1527 1627 1554 res
1669 1515 1871 1555 obscurae

113 1580 288 1622 dicendo
333 1576 479 1617 fierent
518 1576 768 1630 apertiores,
821 1576 880 1617 sic
919 1589 983 1617 res
1025 1580 1191 1628 apertas
1229 1574 1496 1616 obscuriores
1534 1573 1625 1616 fieri
1664 1576 1867 1618 oratione.
1884 1590 1921 1616 20

112 1645 230 1684 Nunc
259 1640 311 1682 ad
341 1638 651 1681 deliberationis
682 1644 903 1693 praecepta
933 1652 1167 1694 pergamus.

195 1704 281 1744 LIl.
318 1704 410 1743 157.
460 1705 612 1743 Rerum
643 1703 967 1754 expetendarum
999 1702 1077 1742 tria
1109 1713 1263 1755 genera
1293 1705 1405 1750 sunt;
1449 1713 1525 1754 par
1556 1706 1694 1742 autem
1725 1715 1870 1743 nume-

112 1780 183 1810 rus
214 1763 474 1806 vitandarum
506 1777 558 1805 ex
589 1765 796 1804 contraria
826 1770 955 1819 parte.
1017 1766 1116 1805 Nam
1148 1769 1210 1803 est
1240 1762 1455 1817 quiddam,
1494 1766 1607 1817 quod
1638 1777 1711 1804 sua
1732 1763 1871 1805 vinos

112 1827 263 1870 alliciat
306 1825 356 1867 ad
397 1839 510 1873 sese,
561 1839 645 1867 non
693 1827 975 1867 emolumento
1022 1831 1190 1879 captans
1243 1825 1403 1879 aliquo,
1461 1825 1534 1867 sed
1586 1827 1753 1867 trahens
1799 1839 1870 1868 sua

113 1890 335 1945 dignitate;
386 1890 497 1942 quod
534 1902 684 1942 genuS,
728 1890 879 1937 virtus,
919 1888 1110 1935 scientia,
1150 1889 1315 1929 veritas.
1375 1890 1449 1929 Est
1477 1888 1589 1929 aliud
1619 1895 1757 1930 autem
1787 1900 1920 1930 non2⁵

110 1958 282 2011 propter
320 1965 435 1993 suam
482 1950 564 1991 vim
611 1957 651 1991 et
690 1956 879 1991 naturam
929 1953 1002 1992 sed
1041 1956 1215 2006 propter
1253 1950 1431 1991 fructum
1482 1957 1605 2005 atque
1655 1951 1870 1992 utilitatem

111 2014 357 2073 petendum;
408 2016 520 2068 quod
559 2028 710 2068 genus,
759 2013 932 2066 pecunia
967 2012 1072 2067 [est].
1131 2016 1204 2054 Est
1242 2026 1367 2068 porro
1407 2015 1603 2067 quiddam
1641 2026 1692 2054 ex
1722 2015 1871 2054 horum

111 2077 299 2136 partibus
329 2076 543 2125 iunctum,
577 2078 690 2132 quod
721 2082 763 2117 et
792 2090 865 2118 sua
894 2077 934 2117 vi
966 2081 1006 2117 et
1036 2077 1233 2130 dignitate
1264 2089 1340 2116 nos
1370 2074 1528 2116 illectos
1557 2077 1669 2116 ducit
1701 2080 1742 2116 et
1770 2089 1871 2128 prae

114 2156 157 2183 se
190 2141 397 2195 quandam
426 2138 532 2193 gerit
569 2139 811 2187 utilitatem,
859 2152 940 2192 quo
979 2138 1110 2193 magis
1153 2144 1392 2194 expetatur,
1439 2143 1484 2179 ut
1514 2137 1714 2187 amicitia,
1762 2140 1873 2179 bona

114 2203 380 2246 existimatio.
441 2207 574 2255 Atque
620 2215 672 2242 ex
712 2200 776 2242 his
815 2203 966 2242 horum
1011 2203 1220 2242 contraria
1263 2200 1404 2249 facile,
1456 2202 1688 2241 tacentibus
1727 2201 1920 2248 nobis,.-.o

114 2265 409 2319 intelligentur.
474 2266 564 2306 158.
596 2266 677 2306 Sed
707 2269 752 2304 ut
782 2263 1017 2319 expeditius
1047 2265 1154 2305 ratio
1175 2266 1380 2310 tradatur,
1412 2276 1479 2310 ea,
1512 2277 1617 2317 quae
1639 2264 1868 2316 posuimus,

114 2327 232 2371 brevi
262 2328 600 2368 nominabuntur.
661 2328 789 2374 Nam,
825 2328 867 2366 in
896 2326 1034 2380 primo
1067 2340 1219 2379 genere
1250 2340 1356 2380 quae
1387 2332 1499 2375 sunt,
1531 2327 1705 2367 honesta
1735 2325 1874 2380 appel-

115 2391 330 2439 labuntur;
373 2403 477 2443 quae
508 2396 644 2430 autem
674 2389 717 2429 in
748 2390 951 2436 secundo,
981 2389 1112 2432 utilia.
1172 2390 1286 2430 Haec
1315 2394 1452 2429 autem
1482 2389 1621 2435 tertia,
1656 2387 1752 2442 quia
1781 2401 1873 2442 par-

115 2458 196 2494 tem
237 2453 465 2493 honestatis
511 2453 724 2492 continent
763 2457 804 2491 et
845 2451 940 2504 quia
971 2451 1105 2491 maior
1137 2457 1198 2492 est
1228 2451 1289 2491 vis
1320 2452 1566 2497 honestatis,
1614 2450 1748 2491 iuncta
1783 2463 1871 2490 esse

116 2513 285 2556 omnino
318 2527 372 2555 ex
403 2514 557 2570 duplici
589 2526 742 2568 genere
772 2513 1076 2566 intelligentur;
1108 2515 1181 2554 sed
1202 2513 1243 2554 in
1266 2512 1482 2554 meliorem
1506 2518 1662 2567 partem
1684 2510 1920 2552 vocabuli3⁵

117 2578 384 2619 conferantur
414 2583 454 2617 et
484 2580 657 2618 honesta
687 2575 968 2616 nominentur.
1029 2577 1093 2617 Ex
1131 2575 1192 2616 his
1234 2575 1335 2616 illud
1375 2574 1614 2623 conficitur,
1661 2579 1706 2614 ut
1748 2586 1873 2628 appe-

116 2642 336 2681 tendarum
367 2653 507 2681 rerum
537 2645 673 2695 partes
704 2638 785 2679 sint
813 2640 1008 2679 honestas
1040 2642 1081 2678 et
1109 2637 1283 2685 utilitas,
1317 2639 1577 2679 vitandarum
1599 2635 1809 2690 turpitudo
1832 2640 1874 2675 et

117 2701 329 2743 inutilitas.
391 2703 466 2743 His
511 2703 637 2756 igitur
678 2702 839 2742 duabus
881 2702 1005 2741 rebus
1045 2713 1111 2741 res
1153 2699 1257 2741 duae
1300 2699 1476 2754 grandes
1507 2704 1600 2740 sunt
1629 2696 1870 2744 attributae,

119 2765 377 2806 necessitudo
409 2771 450 2806 et
478 2764 666 2815 affecti03
719 2777 895 2818 quarum
935 2762 1064 2804 altera
1104 2776 1155 2804 ex
1186 2764 1249 2811 vi,
1296 2763 1423 2804 altera
1454 2777 1507 2803 ex
1536 2775 1581 2803 re
1612 2767 1651 2802 et
1680 2761 1872 2814 personis

212 2946 247 2977 1.
273 2955 315 2977 ex
337 2946 477 2978 vulnere
502 2950 549 2979 est
567 2947 677 2978 PAT:
706 2952 754 2979 est
781 2956 823 2978 θα,-
844 2946 984 2978 vulnere
1001 2946 1073 2977 RE.
1096 2961 1136 2968 —
1162 2945 1196 2977 2.
1224 2945 1353 2976 Navem
1378 2944 1485 2976 PAT:
1513 2942 1637 2973 Navim
1656 2943 1727 2974 RE.
1756 2943 1872 2981 (Vers.

119 2993 154 3026 4.
181 3001 305 3023 nauem
331 2993 434 3024 babet
462 2993 516 3032 E.)
556 3010 595 3016 —
636 2995 670 3025 5.
699 2998 883 3036 quaeretur
908 2993 1017 3025 PAT:
1057 2993 1241 3032 quaeritur
1267 2992 1337 3023 RE.
1377 3006 1415 3013 —
1459 2990 1542 3020 locis
1569 2997 1610 3020 ea:
1633 2990 1683 3021 P:
1724 2998 1767 3021 ea:
1792 2990 1875 3022 locis

120 3040 258 3072 ARTE.
287 3056 329 3062 —
355 3039 410 3070 24.
440 3040 571 3071 alliciat
599 3041 696 3078 libri,
726 3043 829 3073 etiam
858 3042 988 3072 nostri:
1016 3039 1127 3070 allicit
1155 3039 1180 3070 E
1209 3041 1299 3070 coni.
1330 3054 1368 3060 —-
1404 3037 1459 3067 25.
1487 3036 1633 3067 veritas.
1683 3036 1748 3068 Est
1777 3037 1876 3068 aliud

120 3087 170 3124 P.
209 3085 323 3118 Senot.
351 3085 450 3116 Voss.
477 3087 506 3116 1.
535 3087 580 3117 ΙΙ.
608 3088 710 3119 Leid.
738 3088 784 3118 ΙΙ.
812 3087 906 3120 111.:
947 3087 1076 3117 veritas
1114 3089 1175 3116 est.
1234 3084 1339 3116 Aliud
1375 3082 1489 3118 ATE.
1531 3084 1661 3114 veritas
1700 3087 1761 3114 est.
1813 3084 1876 3115 Est

121 3135 221 3166 aliud
246 3133 288 3164 R.
319 3149 356 3155 --
399 3132 456 3163 27.
483 3134 717 3172 appetendum
742 3142 830 3166 corr.
858 3134 908 3171 P,
947 3133 1173 3172 expetendum
1197 3131 1317 3163 anb.
1346 3131 1435 3161 coni.
1465 3128 1658 3160 Schutzius.
1687 3145 1726 3150 -
1768 3139 1876 3171 yemis

122 3190 190 3213 om.
219 3179 338 3211 PART
366 3183 400 3209 et
426 3187 544 3211 omnes
572 3179 664 3211 Oud.
694 3197 733 3202 —
777 3185 824 3211 est
849 3179 1098 3212 secludendum
1126 3181 1236 3210 visum
1264 3182 1327 3210 est.
1358 3192 1396 3198 —
1434 3175 1491 3207 28·
1518 3176 1650 3207 illectos
1674 3175 1773 3207 Lem.
1802 3177 1871 3207 IL:

122 3227 285 3259 inductos
314 3226 338 3257 E
366 3233 443 3256 cum
470 3228 594 3258 ceteris
621 3226 755 3263 Codd.,
785 3229 888 3258 etiam
915 3228 1065 3261 nostris:
1093 3226 1152 3258 sed
1178 3225 1336 3256 inductos
1365 3222 1459 3253 ducit
1485 3230 1568 3254 sane
1594 3230 1662 3254 non
1691 3223 1814 3260 placet.
1832 3238 1873 3244 —

123 3275 180 3306 34.
209 3275 329 3304 iuncta
354 3280 423 3302 esse
448 3273 588 3303 omnino
614 3272 660 3309 P,
696 3273 812 3304 Schol.
841 3273 958 3305 Oud.:
999 3273 1136 3302 iunctae
1160 3279 1213 3301 res
1239 3270 1377 3301 omnino
1409 3269 1545 3300 ARTE.
1587 3286 1626 3292 —
1668 3268 1724 3301 35.
1750 3269 1875 3300 intelli-

122 3318 468 3398 gzzzupeg’hsebol.
496 3318 597 3350 Voss.
622 3319 669 3351 11.
699 3336 735 3342 —
764 3318 820 3350 36.
844 3318 1072 3359 petendarum
1096 3317 1157 3349 AT
1183 3322 1217 3349 et
1242 3325 1294 3356 pr.
1321 3315 1359 3348 Ρ.
1391 3332 1428 3339 -
1457 3315 1514 3348 38.
1542 3323 1595 3348 res
1620 3316 1708 3348 duae
1726 3314 1871 3347 PART:
