<?xml version="1.0" encoding="UTF-8"?>
<!DOCTYPE html PUBLIC "-//W3C//DTD XHTML 1.0 Transitional//EN"
    "http://www.w3.org/TR/xhtml1/DTD/xhtml1-transitional.dtd">
<html xmlns="http://www.w3.org/1999/xhtml" xml:lang="en" lang="en">
 <head>
  <title>
</title>
<meta http-equiv="Content-Type" content="text/html;charset=utf-8" />
  <meta name='ocr-system' content='tesseract 3.04.00' />
  <meta name='ocr-capabilities' content='ocr_page ocr_carea ocr_par ocr_line ocrx_word'/>
</head>
<body>
  <div class='ocr_page' id='page_1' title='image "./operaquaesupersu01ciceuoft/operaquaesupersu01ciceuoft_0259.png"; bbox 0 0 2117 3762; ppageno 0'>
   <div class='ocr_carea' id='block_1_1' title="bbox 769 248 1933 302">
    <p class='ocr_par' dir='ltr' id='par_1_1' title="bbox 769 248 1933 302">
     <span class='ocr_line' id='line_1_1' title="bbox 769 248 1933 302; baseline 0.012 -14"><span class='ocrx_word' id='word_1_1' title='bbox 769 248 866 288; x_wconf 82' lang='lat' dir='ltr'>Lm.</span> <span class='ocrx_word' id='word_1_2' title='bbox 897 248 950 288; x_wconf 89' lang='lat'>11.</span> <span class='ocrx_word' id='word_1_3' title='bbox 1012 249 1055 290; x_wconf 92' lang='lat' dir='ltr'><strong>C.</strong></span> <span class='ocrx_word' id='word_1_4' title='bbox 1089 251 1156 290; x_wconf 90' lang='lat'>30.</span> <span class='ocrx_word' id='word_1_5' title='bbox 1190 251 1257 292; x_wconf 87' lang='lat'><strong>31.</strong></span> <span class='ocrx_word' id='word_1_6' title='bbox 1292 252 1359 292; x_wconf 80' lang='grc'>32.</span> <span class='ocrx_word' id='word_1_7' title='bbox 1854 261 1933 302; x_wconf 68' lang='lat'>2¹⁴7</span> 
     </span>
    </p>
   </div>
   <div class='ocr_carea' id='block_1_2' title="bbox 172 352 1980 2790">
    <p class='ocr_par' dir='ltr' id='par_1_2' title="bbox 172 352 1980 2790">
     <span class='ocr_line' id='line_1_2' title="bbox 187 352 1931 420; baseline 0.006 -24"><span class='ocrx_word' id='word_1_8' title='bbox 187 355 468 396; x_wconf 76' lang='lat' dir='ltr'>controversia</span> <span class='ocrx_word' id='word_1_9' title='bbox 504 359 612 395; x_wconf 88' lang='lat' dir='ltr'>stare</span> <span class='ocrx_word' id='word_1_10' title='bbox 649 366 731 394; x_wconf 92' lang='lat' dir='ltr'>non</span> <span class='ocrx_word' id='word_1_11' title='bbox 772 354 924 407; x_wconf 90' lang='lat' dir='ltr'>possit;</span> <span class='ocrx_word' id='word_1_12' title='bbox 976 352 1145 408; x_wconf 76' lang='lat' dir='ltr'>deinde,</span> <span class='ocrx_word' id='word_1_13' title='bbox 1191 359 1289 412; x_wconf 88' lang='lat' dir='ltr'>quid</span> <span class='ocrx_word' id='word_1_14' title='bbox 1322 358 1458 400; x_wconf 81' lang='lat' dir='ltr'>veniat</span> <span class='ocrx_word' id='word_1_15' title='bbox 1488 360 1529 401; x_wconf 90' lang='lat' dir='ltr'>in</span> <span class='ocrx_word' id='word_1_16' title='bbox 1561 360 1779 410; x_wconf 87' lang='lat' dir='ltr'>iudicium,</span> <span class='ocrx_word' id='word_1_17' title='bbox 1822 370 1931 420; x_wconf 86' lang='lat' dir='ltr'>quod</span> 
     </span>
     <span class='ocr_line' id='line_1_3' title="bbox 186 414 1933 473; baseline 0.006 -16"><span class='ocrx_word' id='word_1_18' title='bbox 186 416 253 460; x_wconf 86' lang='lat' dir='ltr'>isti</span> <span class='ocrx_word' id='word_1_19' title='bbox 283 417 341 457; x_wconf 90' lang='lat' dir='ltr'>sic</span> <span class='ocrx_word' id='word_1_20' title='bbox 373 415 513 458; x_wconf 88' lang='lat' dir='ltr'>iubent</span> <span class='ocrx_word' id='word_1_21' title='bbox 543 428 766 471; x_wconf 87' lang='lat' dir='ltr'>quaerere:</span> <span class='ocrx_word' id='word_1_22' title='bbox 810 414 1021 457; x_wconf 86' lang='lat' dir='ltr'>Intersecit</span> <span class='ocrx_word' id='word_1_23' title='bbox 1052 418 1239 471; x_wconf 78' lang='lat' dir='ltr'>Opimius</span> <span class='ocrx_word' id='word_1_24' title='bbox 1271 422 1514 463; x_wconf 72' lang='lat' dir='ltr'>Gracchum.</span> <span class='ocrx_word' id='word_1_25' title='bbox 1576 423 1685 473; x_wconf 85' lang='lat' dir='ltr'><strong>Quid</strong></span> <span class='ocrx_word' id='word_1_26' title='bbox 1715 425 1810 466; x_wconf 86' lang='lat' dir='ltr'>facit</span> <span class='ocrx_word' id='word_1_27' title='bbox 1839 442 1933 469; x_wconf 83' lang='lat' dir='ltr'>cau-</span> 
     </span>
     <span class='ocr_line' id='line_1_4' title="bbox 187 477 1934 532; baseline 0.006 -12"><span class='ocrx_word' id='word_1_28' title='bbox 187 483 300 520; x_wconf 77' lang='lat' dir='ltr'>sam?</span> <span class='ocrx_word' id='word_1_29' title='bbox 352 480 473 529; x_wconf 88' lang='lat' dir='ltr'>Quod</span> <span class='ocrx_word' id='word_1_30' title='bbox 503 480 564 520; x_wconf 89' lang='lat' dir='ltr'>rei</span> <span class='ocrx_word' id='word_1_31' title='bbox 596 477 782 532; x_wconf 89' lang='lat' dir='ltr'>publicae</span> <span class='ocrx_word' id='word_1_32' title='bbox 815 490 960 526; x_wconf 82' lang='lat' dir='ltr'>causa,</span> <span class='ocrx_word' id='word_1_33' title='bbox 1008 493 1099 521; x_wconf 91' lang='lat' dir='ltr'>cum</span> <span class='ocrx_word' id='word_1_34' title='bbox 1139 495 1190 522; x_wconf 85' lang='lat' dir='ltr'>cx</span> <span class='ocrx_word' id='word_1_35' title='bbox 1223 489 1388 524; x_wconf 79' lang='lat' dir='ltr'>senatus</span> <span class='ocrx_word' id='word_1_36' title='bbox 1421 484 1608 527; x_wconf 90' lang='lat' dir='ltr'>consulto</span> <span class='ocrx_word' id='word_1_37' title='bbox 1639 488 1689 527; x_wconf 89' lang='lat' dir='ltr'>ad</span> <span class='ocrx_word' id='word_1_38' title='bbox 1720 502 1831 529; x_wconf 86' lang='lat' dir='ltr'>arma</span> <span class='ocrx_word' id='word_1_39' title='bbox 1862 505 1934 530; x_wconf 85' lang='lat' dir='ltr'>vo-</span> 
     </span>
     <span class='ocr_line' id='line_1_5' title="bbox 186 540 1932 603; baseline 0.006 -21"><span class='ocrx_word' id='word_1_40' title='bbox 186 548 332 583; x_wconf 77' lang='lat' dir='ltr'>casset.</span> <span class='ocrx_word' id='word_1_41' title='bbox 393 543 482 583; x_wconf 84' lang='lat' dir='ltr'>Hoc</span> <span class='ocrx_word' id='word_1_42' title='bbox 505 540 625 589; x_wconf 89' lang='lat' dir='ltr'>tolle,</span> <span class='ocrx_word' id='word_1_43' title='bbox 657 552 779 580; x_wconf 87' lang='lat' dir='ltr'>causa</span> <span class='ocrx_word' id='word_1_44' title='bbox 798 553 881 581; x_wconf 92' lang='lat' dir='ltr'>non</span> <span class='ocrx_word' id='word_1_45' title='bbox 913 541 1002 585; x_wconf 87' lang='lat' dir='ltr'>erit.</span> <span class='ocrx_word' id='word_1_46' title='bbox 1055 547 1104 584; x_wconf 88' lang='lat' dir='ltr'>At</span> <span class='ocrx_word' id='word_1_47' title='bbox 1136 546 1268 598; x_wconf 86' lang='lat' dir='ltr'>ipsum</span> <span class='ocrx_word' id='word_1_48' title='bbox 1301 552 1422 600; x_wconf 86' lang='lat' dir='ltr'>negat</span> <span class='ocrx_word' id='word_1_49' title='bbox 1451 554 1593 589; x_wconf 89' lang='lat' dir='ltr'>contra</span> <span class='ocrx_word' id='word_1_50' title='bbox 1623 548 1737 603; x_wconf 88' lang='lat' dir='ltr'>leges</span> <span class='ocrx_word' id='word_1_51' title='bbox 1768 550 1932 593; x_wconf 80' lang='lat' dir='ltr'><strong>licuisse</strong></span> 
     </span>
     <span class='ocr_line' id='line_1_6' title="bbox 184 603 1961 657; baseline 0.004 -13"><span class='ocrx_word' id='word_1_52' title='bbox 184 605 349 646; x_wconf 87' lang='lat' dir='ltr'><strong>Decius.</strong></span> <span class='ocrx_word' id='word_1_53' title='bbox 411 603 556 647; x_wconf 81' lang='lat' dir='ltr'>Veniet</span> <span class='ocrx_word' id='word_1_54' title='bbox 585 604 712 657; x_wconf 87' lang='lat' dir='ltr'>igitur</span> <span class='ocrx_word' id='word_1_55' title='bbox 741 603 783 643; x_wconf 91' lang='lat' dir='ltr'>in</span> <span class='ocrx_word' id='word_1_56' title='bbox 814 603 1030 646; x_wconf 90' lang='lat' dir='ltr'>iudicium:</span> <span class='ocrx_word' id='word_1_57' title='bbox 1085 607 1318 649; x_wconf 88' lang='lat' dir='ltr'>Licueritne</span> <span class='ocrx_word' id='word_1_58' title='bbox 1350 624 1400 650; x_wconf 80' lang='lat' dir='ltr'>cx</span> <span class='ocrx_word' id='word_1_59' title='bbox 1432 616 1596 652; x_wconf 86' lang='lat' dir='ltr'>senatus</span> <span class='ocrx_word' id='word_1_60' title='bbox 1626 614 1814 654; x_wconf 90' lang='lat' dir='ltr'>consulto</span> <span class='ocrx_word' id='word_1_61' title='bbox 1845 626 1961 655; x_wconf 86' lang='lat' dir='ltr'>ser-s</span> 
     </span>
     <span class='ocr_line' id='line_1_7' title="bbox 184 664 1933 730; baseline 0.005 -21"><span class='ocrx_word' id='word_1_62' title='bbox 184 668 342 709; x_wconf 81' lang='lat' dir='ltr'>vandae</span> <span class='ocrx_word' id='word_1_63' title='bbox 373 667 433 708; x_wconf 89' lang='lat' dir='ltr'>rei</span> <span class='ocrx_word' id='word_1_64' title='bbox 463 664 653 722; x_wconf 88' lang='lat' dir='ltr'>publicae</span> <span class='ocrx_word' id='word_1_65' title='bbox 686 669 841 706; x_wconf 74' lang='lat' dir='ltr'>causa?</span> <span class='ocrx_word' id='word_1_66' title='bbox 881 668 1103 722; x_wconf 86' lang='lat' dir='ltr'>Perspicua</span> <span class='ocrx_word' id='word_1_67' title='bbox 1140 676 1234 711; x_wconf 91' lang='lat' dir='ltr'>sunt</span> <span class='ocrx_word' id='word_1_68' title='bbox 1274 672 1374 711; x_wconf 83' lang='lat' dir='ltr'>haec</span> <span class='ocrx_word' id='word_1_69' title='bbox 1416 672 1582 727; x_wconf 89' lang='lat' dir='ltr'>quidem</span> <span class='ocrx_word' id='word_1_70' title='bbox 1623 680 1663 716; x_wconf 90' lang='lat' dir='ltr'>et</span> <span class='ocrx_word' id='word_1_71' title='bbox 1702 675 1744 716; x_wconf 91' lang='lat' dir='ltr'>in</span> <span class='ocrx_word' id='word_1_72' title='bbox 1773 675 1933 730; x_wconf 78' lang='lat' dir='ltr'>vulgari</span> 
     </span>
     <span class='ocr_line' id='line_1_8' title="bbox 184 726 1932 786; baseline 0.005 -14"><span class='ocrx_word' id='word_1_73' title='bbox 184 728 402 785; x_wconf 86' lang='lat' dir='ltr'>prudentia</span> <span class='ocrx_word' id='word_1_74' title='bbox 441 730 537 778; x_wconf 87' lang='lat' dir='ltr'>sita;</span> <span class='ocrx_word' id='word_1_75' title='bbox 581 726 656 769; x_wconf 90' lang='lat' dir='ltr'>sed</span> <span class='ocrx_word' id='word_1_76' title='bbox 696 726 763 768; x_wconf 83' lang='lat' dir='ltr'>illa</span> <span class='ocrx_word' id='word_1_77' title='bbox 794 728 1051 783; x_wconf 84' lang='lat' dir='ltr'>quaerenda:</span> <span class='ocrx_word' id='word_1_78' title='bbox 1103 744 1209 786; x_wconf 90' lang='lat' dir='ltr'>quae</span> <span class='ocrx_word' id='word_1_79' title='bbox 1240 734 1291 773; x_wconf 89' lang='lat' dir='ltr'>ab</span> <span class='ocrx_word' id='word_1_80' title='bbox 1324 741 1560 776; x_wconf 77' lang='lat' dir='ltr'>accusatore</span> <span class='ocrx_word' id='word_1_81' title='bbox 1592 742 1633 777; x_wconf 90' lang='lat' dir='ltr'>et</span> <span class='ocrx_word' id='word_1_82' title='bbox 1661 750 1684 778; x_wconf 92' lang='lat' dir='ltr'>a</span> <span class='ocrx_word' id='word_1_83' title='bbox 1714 736 1932 779; x_wconf 86' lang='lat' dir='ltr'>defensore</span> 
     </span>
     <span class='ocr_line' id='line_1_9' title="bbox 183 787 1929 850; baseline 0.005 -16"><span class='ocrx_word' id='word_1_84' title='bbox 183 797 425 846; x_wconf 89' lang='lat' dir='ltr'>argumenta</span> <span class='ocrx_word' id='word_1_85' title='bbox 464 791 515 831; x_wconf 90' lang='lat' dir='ltr'>ad</span> <span class='ocrx_word' id='word_1_86' title='bbox 552 787 617 838; x_wconf 89' lang='lat' dir='ltr'>id,</span> <span class='ocrx_word' id='word_1_87' title='bbox 671 787 781 844; x_wconf 91' lang='lat' dir='ltr'>quod</span> <span class='ocrx_word' id='word_1_88' title='bbox 820 791 861 830; x_wconf 91' lang='lat' dir='ltr'>in</span> <span class='ocrx_word' id='word_1_89' title='bbox 897 791 1092 832; x_wconf 89' lang='lat' dir='ltr'>iudicium</span> <span class='ocrx_word' id='word_1_90' title='bbox 1123 793 1255 842; x_wconf 86' lang='lat' dir='ltr'>venit,</span> <span class='ocrx_word' id='word_1_91' title='bbox 1307 798 1530 850; x_wconf 78' lang='lat' dir='ltr'>spectantia</span> <span class='ocrx_word' id='word_1_92' title='bbox 1560 796 1739 840; x_wconf 89' lang='lat' dir='ltr'>debeant</span> <span class='ocrx_word' id='word_1_93' title='bbox 1771 798 1929 841; x_wconf 82' lang='lat' dir='ltr'>afferri.</span> 
     </span>
     <span class='ocr_line' id='line_1_10' title="bbox 182 852 1933 912; baseline 0.005 -16"><span class='ocrx_word' id='word_1_94' title='bbox 182 855 334 898; x_wconf 80' lang='lat' dir='ltr'><strong>XXXI.</strong></span> <span class='ocrx_word' id='word_1_95' title='bbox 375 855 466 894; x_wconf 87' lang='grc'><strong>133.</strong></span> <span class='ocrx_word' id='word_1_96' title='bbox 519 853 653 906; x_wconf 82' lang='lat' dir='ltr'>Atque</span> <span class='ocrx_word' id='word_1_97' title='bbox 692 853 758 892; x_wconf 91' lang='lat' dir='ltr'>hic</span> <span class='ocrx_word' id='word_1_98' title='bbox 799 852 899 894; x_wconf 92' lang='lat' dir='ltr'>illud</span> <span class='ocrx_word' id='word_1_99' title='bbox 940 853 1161 896; x_wconf 82' lang='lat' dir='ltr'>videndum</span> <span class='ocrx_word' id='word_1_100' title='bbox 1193 862 1271 904; x_wconf 81' lang='lat' dir='ltr'>est,</span> <span class='ocrx_word' id='word_1_101' title='bbox 1322 858 1366 897; x_wconf 89' lang='lat' dir='ltr'>in</span> <span class='ocrx_word' id='word_1_102' title='bbox 1396 871 1478 912; x_wconf 91' lang='lat' dir='ltr'>quo</span> <span class='ocrx_word' id='word_1_103' title='bbox 1509 872 1694 902; x_wconf 91' lang='lat' dir='ltr'>summus</span> <span class='ocrx_word' id='word_1_104' title='bbox 1724 868 1785 904; x_wconf 92' lang='lat' dir='ltr'>est</span> <span class='ocrx_word' id='word_1_105' title='bbox 1814 875 1933 904; x_wconf 89' lang='lat' dir='ltr'>error</span> 
     </span>
     <span class='ocr_line' id='line_1_11' title="bbox 181 914 1980 980; baseline 0.003 -21"><span class='ocrx_word' id='word_1_106' title='bbox 181 917 355 959; x_wconf 89' lang='lat' dir='ltr'>istorum</span> <span class='ocrx_word' id='word_1_107' title='bbox 383 914 695 970; x_wconf 81' lang='lat' dir='ltr'>magistrorum,</span> <span class='ocrx_word' id='word_1_108' title='bbox 745 917 794 955; x_wconf 91' lang='lat' dir='ltr'>ad</span> <span class='ocrx_word' id='word_1_109' title='bbox 835 929 939 971; x_wconf 89' lang='lat' dir='ltr'>quos</span> <span class='ocrx_word' id='word_1_110' title='bbox 975 916 1130 958; x_wconf 91' lang='lat' dir='ltr'>liberos</span> <span class='ocrx_word' id='word_1_111' title='bbox 1161 924 1328 960; x_wconf 91' lang='lat' dir='ltr'>nostros</span> <span class='ocrx_word' id='word_1_112' title='bbox 1359 920 1579 971; x_wconf 86' lang='lat' dir='ltr'>mittimus,</span> <span class='ocrx_word' id='word_1_113' title='bbox 1627 938 1711 964; x_wconf 92' lang='lat' dir='ltr'>non</span> <span class='ocrx_word' id='word_1_114' title='bbox 1742 939 1823 980; x_wconf 91' lang='lat' dir='ltr'>quo</span> <span class='ocrx_word' id='word_1_115' title='bbox 1854 924 1980 967; x_wconf 82' lang='lat' dir='ltr'>hoc1o</span> 
     </span>
     <span class='ocr_line' id='line_1_12' title="bbox 181 976 1930 1036; baseline 0.005 -16"><span class='ocrx_word' id='word_1_116' title='bbox 181 979 345 1036; x_wconf 87' lang='lat' dir='ltr'>quidem</span> <span class='ocrx_word' id='word_1_117' title='bbox 389 979 439 1019; x_wconf 92' lang='lat' dir='ltr'>ad</span> <span class='ocrx_word' id='word_1_118' title='bbox 485 976 703 1018; x_wconf 90' lang='lat' dir='ltr'>dicendum</span> <span class='ocrx_word' id='word_1_119' title='bbox 742 991 890 1032; x_wconf 82' lang='lat' dir='ltr'>magno</span> <span class='ocrx_word' id='word_1_120' title='bbox 931 991 1056 1033; x_wconf 92' lang='lat' dir='ltr'>opere</span> <span class='ocrx_word' id='word_1_121' title='bbox 1096 982 1320 1035; x_wconf 81' lang='lat' dir='ltr'>pertineat,</span> <span class='ocrx_word' id='word_1_122' title='bbox 1371 984 1443 1023; x_wconf 89' lang='lat' dir='ltr'>sed</span> <span class='ocrx_word' id='word_1_123' title='bbox 1480 989 1616 1025; x_wconf 85' lang='lat' dir='ltr'>tamen</span> <span class='ocrx_word' id='word_1_124' title='bbox 1655 991 1700 1027; x_wconf 88' lang='lat' dir='ltr'>ut</span> <span class='ocrx_word' id='word_1_125' title='bbox 1738 986 1930 1035; x_wconf 85' lang='lat' dir='ltr'>videatis,</span> 
     </span>
     <span class='ocr_line' id='line_1_13' title="bbox 180 1039 1933 1105; baseline 0.006 -24"><span class='ocrx_word' id='word_1_126' title='bbox 180 1055 301 1096; x_wconf 89' lang='lat' dir='ltr'>quam</span> <span class='ocrx_word' id='word_1_127' title='bbox 332 1043 384 1082; x_wconf 86' lang='lat' dir='ltr'>sit</span> <span class='ocrx_word' id='word_1_128' title='bbox 412 1053 539 1095; x_wconf 88' lang='lat' dir='ltr'>genus</span> <span class='ocrx_word' id='word_1_129' title='bbox 571 1039 647 1082; x_wconf 89' lang='lat' dir='ltr'>hoc</span> <span class='ocrx_word' id='word_1_130' title='bbox 679 1054 846 1087; x_wconf 87' lang='lat' dir='ltr'>eorum,</span> <span class='ocrx_word' id='word_1_131' title='bbox 891 1042 961 1096; x_wconf 95' lang='lat' dir='ltr'>qui</span> <span class='ocrx_word' id='word_1_132' title='bbox 991 1043 1070 1082; x_wconf 88' lang='lat' dir='ltr'>sibi</span> <span class='ocrx_word' id='word_1_133' title='bbox 1101 1044 1253 1084; x_wconf 90' lang='lat' dir='ltr'>eruditi</span> <span class='ocrx_word' id='word_1_134' title='bbox 1284 1043 1494 1093; x_wconf 81' lang='lat' dir='ltr'>videntur,</span> <span class='ocrx_word' id='word_1_135' title='bbox 1546 1048 1673 1088; x_wconf 83' lang='lat' dir='ltr'>hebes</span> <span class='ocrx_word' id='word_1_136' title='bbox 1703 1054 1824 1105; x_wconf 90' lang='lat' dir='ltr'>atque</span> <span class='ocrx_word' id='word_1_137' title='bbox 1855 1049 1933 1091; x_wconf 91' lang='lat' dir='ltr'>im-</span> 
     </span>
     <span class='ocr_line' id='line_1_14' title="bbox 178 1103 1931 1167; baseline 0.005 -20"><span class='ocrx_word' id='word_1_138' title='bbox 178 1103 377 1161; x_wconf 82' lang='lat' dir='ltr'>politum3</span> <span class='ocrx_word' id='word_1_139' title='bbox 428 1104 681 1144; x_wconf 87' lang='lat' dir='ltr'>constituunt</span> <span class='ocrx_word' id='word_1_140' title='bbox 723 1104 831 1143; x_wconf 88' lang='lat' dir='ltr'>enim</span> <span class='ocrx_word' id='word_1_141' title='bbox 874 1104 915 1143; x_wconf 92' lang='lat' dir='ltr'>in</span> <span class='ocrx_word' id='word_1_142' title='bbox 957 1105 1184 1157; x_wconf 80' lang='lat' dir='ltr'>partiendis</span> <span class='ocrx_word' id='word_1_143' title='bbox 1226 1106 1461 1149; x_wconf 90' lang='lat' dir='ltr'>orationum</span> <span class='ocrx_word' id='word_1_144' title='bbox 1501 1111 1634 1151; x_wconf 89' lang='lat' dir='ltr'>modis</span> <span class='ocrx_word' id='word_1_145' title='bbox 1665 1109 1745 1152; x_wconf 94' lang='lat' dir='ltr'>duo</span> <span class='ocrx_word' id='word_1_146' title='bbox 1777 1127 1931 1167; x_wconf 86' lang='lat' dir='ltr'>genera</span> 
     </span>
     <span class='ocr_line' id='line_1_15' title="bbox 179 1165 1930 1229; baseline 0.004 -19"><span class='ocrx_word' id='word_1_147' title='bbox 179 1179 417 1210; x_wconf 85' lang='lat' dir='ltr'>causarum:</span> <span class='ocrx_word' id='word_1_148' title='bbox 468 1180 594 1206; x_wconf 92' lang='lat' dir='ltr'>unum</span> <span class='ocrx_word' id='word_1_149' title='bbox 633 1165 858 1221; x_wconf 87' lang='lat' dir='ltr'>appellant,</span> <span class='ocrx_word' id='word_1_150' title='bbox 905 1166 946 1205; x_wconf 91' lang='lat' dir='ltr'>in</span> <span class='ocrx_word' id='word_1_151' title='bbox 988 1180 1069 1222; x_wconf 90' lang='lat' dir='ltr'>quo</span> <span class='ocrx_word' id='word_1_152' title='bbox 1101 1167 1188 1208; x_wconf 85' lang='lat' dir='ltr'>sine</span> <span class='ocrx_word' id='word_1_153' title='bbox 1220 1172 1409 1222; x_wconf 90' lang='lat' dir='ltr'>personis</span> <span class='ocrx_word' id='word_1_154' title='bbox 1441 1178 1562 1227; x_wconf 90' lang='lat' dir='ltr'>atque</span> <span class='ocrx_word' id='word_1_155' title='bbox 1594 1176 1850 1229; x_wconf 86' lang='lat' dir='ltr'>temporibus</span> <span class='ocrx_word' id='word_1_156' title='bbox 1880 1175 1930 1217; x_wconf 90' lang='lat' dir='ltr'>de</span> 
     </span>
     <span class='ocr_line' id='line_1_16' title="bbox 178 1227 1979 1291; baseline 0.003 -19"><span class='ocrx_word' id='word_1_157' title='bbox 178 1232 374 1272; x_wconf 81' lang='lat' dir='ltr'>universo</span> <span class='ocrx_word' id='word_1_158' title='bbox 405 1242 553 1283; x_wconf 86' lang='lat' dir='ltr'>genere</span> <span class='ocrx_word' id='word_1_159' title='bbox 586 1234 835 1284; x_wconf 86' lang='lat' dir='ltr'>quaeratur;</span> <span class='ocrx_word' id='word_1_160' title='bbox 869 1227 1068 1278; x_wconf 89' lang='lat' dir='ltr'>alterum,</span> <span class='ocrx_word' id='word_1_161' title='bbox 1103 1234 1215 1286; x_wconf 92' lang='lat' dir='ltr'>quod</span> <span class='ocrx_word' id='word_1_162' title='bbox 1246 1235 1433 1288; x_wconf 90' lang='lat' dir='ltr'>personis</span> <span class='ocrx_word' id='word_1_163' title='bbox 1465 1237 1586 1276; x_wconf 87' lang='lat' dir='ltr'>certis</span> <span class='ocrx_word' id='word_1_164' title='bbox 1612 1242 1652 1277; x_wconf 92' lang='lat' dir='ltr'>et</span> <span class='ocrx_word' id='word_1_165' title='bbox 1673 1237 1929 1291; x_wconf 87' lang='lat' dir='ltr'>temporibus</span> <span class='ocrx_word' id='word_1_166' title='bbox 1943 1252 1979 1279; x_wconf 83' lang='lat'><strong>15</strong></span> 
     </span>
     <span class='ocr_line' id='line_1_17' title="bbox 178 1291 1931 1352; baseline 0.003 -16"><span class='ocrx_word' id='word_1_167' title='bbox 178 1293 419 1341; x_wconf 86' lang='lat' dir='ltr'>definiatur;</span> <span class='ocrx_word' id='word_1_168' title='bbox 468 1291 600 1346; x_wconf 83' lang='lat' dir='ltr'>ignari</span> <span class='ocrx_word' id='word_1_169' title='bbox 633 1304 775 1332; x_wconf 90' lang='lat' dir='ltr'>omnes</span> <span class='ocrx_word' id='word_1_170' title='bbox 807 1291 1112 1334; x_wconf 80' lang='lat' dir='ltr'>controversias</span> <span class='ocrx_word' id='word_1_171' title='bbox 1143 1296 1194 1334; x_wconf 90' lang='lat' dir='ltr'>ad</span> <span class='ocrx_word' id='word_1_172' title='bbox 1224 1297 1408 1338; x_wconf 77' lang='lat' dir='ltr'>universi</span> <span class='ocrx_word' id='word_1_173' title='bbox 1437 1298 1601 1352; x_wconf 86' lang='lat' dir='ltr'>generis</span> <span class='ocrx_word' id='word_1_174' title='bbox 1632 1300 1713 1341; x_wconf 79' lang='lat' dir='ltr'>vim</span> <span class='ocrx_word' id='word_1_175' title='bbox 1745 1306 1785 1341; x_wconf 93' lang='lat' dir='ltr'>et</span> <span class='ocrx_word' id='word_1_176' title='bbox 1814 1307 1931 1342; x_wconf 91' lang='lat' dir='ltr'>natu-</span> 
     </span>
     <span class='ocr_line' id='line_1_18' title="bbox 178 1353 1931 1418; baseline 0.003 -19"><span class='ocrx_word' id='word_1_177' title='bbox 178 1371 267 1399; x_wconf 88' lang='lat' dir='ltr'>ram</span> <span class='ocrx_word' id='word_1_178' title='bbox 295 1354 459 1398; x_wconf 91' lang='lat' dir='ltr'>reserri.</span> <span class='ocrx_word' id='word_1_179' title='bbox 525 1356 616 1396; x_wconf 65' lang='lat'><strong>134.</strong></span> <span class='ocrx_word' id='word_1_180' title='bbox 663 1356 765 1395; x_wconf 81' lang='lat' dir='ltr'>Nam</span> <span class='ocrx_word' id='word_1_181' title='bbox 794 1355 836 1394; x_wconf 92' lang='lat' dir='ltr'>in</span> <span class='ocrx_word' id='word_1_182' title='bbox 869 1368 918 1395; x_wconf 88' lang='lat' dir='ltr'>ea</span> <span class='ocrx_word' id='word_1_183' title='bbox 946 1353 1037 1407; x_wconf 85' lang='lat' dir='ltr'>ipsa</span> <span class='ocrx_word' id='word_1_184' title='bbox 1066 1368 1215 1406; x_wconf 90' lang='lat' dir='ltr'>causa,</span> <span class='ocrx_word' id='word_1_185' title='bbox 1250 1356 1300 1399; x_wconf 92' lang='lat' dir='ltr'>de</span> <span class='ocrx_word' id='word_1_186' title='bbox 1332 1372 1414 1412; x_wconf 88' lang='lat' dir='ltr'>qua</span> <span class='ocrx_word' id='word_1_187' title='bbox 1444 1366 1537 1401; x_wconf 88' lang='lat' dir='ltr'>ante</span> <span class='ocrx_word' id='word_1_188' title='bbox 1569 1359 1677 1408; x_wconf 82' lang='lat' dir='ltr'>dixi,</span> <span class='ocrx_word' id='word_1_189' title='bbox 1709 1362 1809 1404; x_wconf 89' lang='lat' dir='ltr'>nihil</span> <span class='ocrx_word' id='word_1_190' title='bbox 1838 1376 1931 1418; x_wconf 90' lang='lat' dir='ltr'>per-</span> 
     </span>
     <span class='ocr_line' id='line_1_19' title="bbox 177 1416 1931 1477; baseline 0.003 -16"><span class='ocrx_word' id='word_1_191' title='bbox 177 1421 280 1461; x_wconf 86' lang='lat' dir='ltr'>tinet</span> <span class='ocrx_word' id='word_1_192' title='bbox 308 1417 359 1460; x_wconf 92' lang='lat' dir='ltr'>ad</span> <span class='ocrx_word' id='word_1_193' title='bbox 390 1417 567 1460; x_wconf 88' lang='lat' dir='ltr'>oratoris</span> <span class='ocrx_word' id='word_1_194' title='bbox 597 1417 711 1459; x_wconf 93' lang='lat' dir='ltr'>locos</span> <span class='ocrx_word' id='word_1_195' title='bbox 743 1416 896 1470; x_wconf 88' lang='lat' dir='ltr'>Opimii</span> <span class='ocrx_word' id='word_1_196' title='bbox 927 1430 1125 1470; x_wconf 88' lang='lat' dir='ltr'>persona,</span> <span class='ocrx_word' id='word_1_197' title='bbox 1172 1418 1273 1461; x_wconf 88' lang='lat' dir='ltr'>nihil</span> <span class='ocrx_word' id='word_1_198' title='bbox 1301 1422 1429 1461; x_wconf 89' lang='lat' dir='ltr'>Decii.</span> <span class='ocrx_word' id='word_1_199' title='bbox 1488 1423 1548 1463; x_wconf 92' lang='lat' dir='ltr'>De</span> <span class='ocrx_word' id='word_1_200' title='bbox 1579 1423 1668 1477; x_wconf 91' lang='lat' dir='ltr'>ipso</span> <span class='ocrx_word' id='word_1_201' title='bbox 1700 1425 1811 1465; x_wconf 88' lang='lat' dir='ltr'>enim</span> <span class='ocrx_word' id='word_1_202' title='bbox 1839 1426 1931 1466; x_wconf 87' lang='lat' dir='ltr'>uni-</span> 
     </span>
     <span class='ocr_line' id='line_1_20' title="bbox 177 1478 1928 1536; baseline 0.002 -12"><span class='ocrx_word' id='word_1_203' title='bbox 177 1495 299 1524; x_wconf 88' lang='lat' dir='ltr'>verso</span> <span class='ocrx_word' id='word_1_204' title='bbox 329 1494 482 1536; x_wconf 86' lang='lat' dir='ltr'>genere</span> <span class='ocrx_word' id='word_1_205' title='bbox 511 1478 669 1521; x_wconf 88' lang='lat' dir='ltr'>infinita</span> <span class='ocrx_word' id='word_1_206' title='bbox 699 1480 886 1534; x_wconf 85' lang='lat' dir='ltr'>quaestio</span> <span class='ocrx_word' id='word_1_207' title='bbox 916 1485 1001 1528; x_wconf 90' lang='lat' dir='ltr'>est,</span> <span class='ocrx_word' id='word_1_208' title='bbox 1034 1494 1132 1521; x_wconf 90' lang='lat' dir='ltr'>num</span> <span class='ocrx_word' id='word_1_209' title='bbox 1163 1495 1300 1534; x_wconf 88' lang='lat' dir='ltr'>poena</span> <span class='ocrx_word' id='word_1_210' title='bbox 1329 1482 1520 1525; x_wconf 68' lang='lat' dir='ltr'>videatur</span> <span class='ocrx_word' id='word_1_211' title='bbox 1548 1497 1638 1525; x_wconf 89' lang='lat' dir='ltr'>esse</span> <span class='ocrx_word' id='word_1_212' title='bbox 1669 1484 1928 1536; x_wconf 78' lang='lat' dir='ltr'>afficiendus,</span> 
     </span>
     <span class='ocr_line' id='line_1_21' title="bbox 178 1543 1978 1600; baseline 0.002 -15"><span class='ocrx_word' id='word_1_213' title='bbox 178 1546 249 1600; x_wconf 91' lang='lat' dir='ltr'>qui</span> <span class='ocrx_word' id='word_1_214' title='bbox 287 1546 420 1586; x_wconf 78' lang='lat' dir='ltr'>civem</span> <span class='ocrx_word' id='word_1_215' title='bbox 460 1559 513 1586; x_wconf 79' lang='lat' dir='ltr'>ex</span> <span class='ocrx_word' id='word_1_216' title='bbox 549 1548 711 1584; x_wconf 91' lang='lat' dir='ltr'>senatus</span> <span class='ocrx_word' id='word_1_217' title='bbox 742 1543 931 1584; x_wconf 90' lang='lat' dir='ltr'>consulto</span> <span class='ocrx_word' id='word_1_218' title='bbox 963 1543 1121 1597; x_wconf 83' lang='lat' dir='ltr'>patriae</span> <span class='ocrx_word' id='word_1_219' title='bbox 1154 1546 1463 1586; x_wconf 80' lang='lat' dir='ltr'>conservandae</span> <span class='ocrx_word' id='word_1_220' title='bbox 1494 1559 1617 1588; x_wconf 89' lang='lat' dir='ltr'>causa</span> <span class='ocrx_word' id='word_1_221' title='bbox 1646 1546 1978 1598; x_wconf 82' lang='lat' dir='ltr'>interemerit,2o</span> 
     </span>
     <span class='ocr_line' id='line_1_22' title="bbox 177 1606 1927 1666; baseline 0.003 -18"><span class='ocrx_word' id='word_1_222' title='bbox 177 1621 271 1649; x_wconf 93' lang='lat' dir='ltr'>cum</span> <span class='ocrx_word' id='word_1_223' title='bbox 312 1606 355 1648; x_wconf 94' lang='lat' dir='ltr'>id</span> <span class='ocrx_word' id='word_1_224' title='bbox 396 1620 472 1660; x_wconf 90' lang='lat' dir='ltr'>per</span> <span class='ocrx_word' id='word_1_225' title='bbox 511 1606 623 1661; x_wconf 90' lang='lat' dir='ltr'>leges</span> <span class='ocrx_word' id='word_1_226' title='bbox 667 1620 751 1647; x_wconf 94' lang='lat' dir='ltr'>non</span> <span class='ocrx_word' id='word_1_227' title='bbox 794 1606 952 1647; x_wconf 87' lang='lat' dir='ltr'>liceret.</span> <span class='ocrx_word' id='word_1_228' title='bbox 1013 1606 1134 1648; x_wconf 81' lang='lat' dir='ltr'>Nulla</span> <span class='ocrx_word' id='word_1_229' title='bbox 1172 1608 1353 1663; x_wconf 91' lang='lat' dir='ltr'>denique</span> <span class='ocrx_word' id='word_1_230' title='bbox 1392 1614 1454 1649; x_wconf 89' lang='lat' dir='ltr'>est</span> <span class='ocrx_word' id='word_1_231' title='bbox 1485 1622 1631 1658; x_wconf 85' lang='lat' dir='ltr'>causa,</span> <span class='ocrx_word' id='word_1_232' title='bbox 1677 1611 1720 1651; x_wconf 93' lang='lat' dir='ltr'>in</span> <span class='ocrx_word' id='word_1_233' title='bbox 1749 1611 1927 1666; x_wconf 90' lang='lat' dir='ltr'>quaid,</span> 
     </span>
     <span class='ocr_line' id='line_1_23' title="bbox 178 1668 1931 1726; baseline 0.002 -15"><span class='ocrx_word' id='word_1_234' title='bbox 178 1668 290 1726; x_wconf 91' lang='lat' dir='ltr'>quod</span> <span class='ocrx_word' id='word_1_235' title='bbox 319 1669 361 1710; x_wconf 90' lang='lat' dir='ltr'>in</span> <span class='ocrx_word' id='word_1_236' title='bbox 391 1668 586 1710; x_wconf 92' lang='lat' dir='ltr'>iudicium</span> <span class='ocrx_word' id='word_1_237' title='bbox 617 1669 750 1715; x_wconf 89' lang='lat' dir='ltr'>venit,</span> <span class='ocrx_word' id='word_1_238' title='bbox 782 1681 950 1709; x_wconf 90' lang='lat' dir='ltr'>reorum</span> <span class='ocrx_word' id='word_1_239' title='bbox 982 1669 1170 1722; x_wconf 89' lang='lat' dir='ltr'>personis</span> <span class='ocrx_word' id='word_1_240' title='bbox 1203 1684 1250 1711; x_wconf 89' lang='lat' dir='ltr'>ac</span> <span class='ocrx_word' id='word_1_241' title='bbox 1280 1683 1363 1712; x_wconf 91' lang='lat' dir='ltr'>non</span> <span class='ocrx_word' id='word_1_242' title='bbox 1394 1684 1591 1725; x_wconf 87' lang='lat' dir='ltr'>generum</span> <span class='ocrx_word' id='word_1_243' title='bbox 1621 1672 1807 1725; x_wconf 89' lang='lat' dir='ltr'>ipsorum</span> <span class='ocrx_word' id='word_1_244' title='bbox 1839 1674 1931 1715; x_wconf 90' lang='lat' dir='ltr'>uni-</span> 
     </span>
     <span class='ocr_line' id='line_1_24' title="bbox 176 1731 1927 1788; baseline 0.003 -16"><span class='ocrx_word' id='word_1_245' title='bbox 176 1745 298 1773; x_wconf 80' lang='lat' dir='ltr'>versa</span> <span class='ocrx_word' id='word_1_246' title='bbox 327 1731 605 1785; x_wconf 91' lang='lat' dir='ltr'>disputatione</span> <span class='ocrx_word' id='word_1_247' title='bbox 638 1736 872 1786; x_wconf 88' lang='lat' dir='ltr'>quaeratur.</span> <span class='ocrx_word' id='word_1_248' title='bbox 934 1733 1025 1775; x_wconf 86' lang='lat'><strong>135.</strong></span> <span class='ocrx_word' id='word_1_249' title='bbox 1060 1731 1169 1781; x_wconf 88' lang='lat' dir='ltr'>Quin</span> <span class='ocrx_word' id='word_1_250' title='bbox 1201 1731 1323 1773; x_wconf 89' lang='lat' dir='ltr'>etiam</span> <span class='ocrx_word' id='word_1_251' title='bbox 1353 1732 1396 1774; x_wconf 90' lang='lat' dir='ltr'>in</span> <span class='ocrx_word' id='word_1_252' title='bbox 1426 1733 1475 1774; x_wconf 93' lang='lat' dir='ltr'>iis</span> <span class='ocrx_word' id='word_1_253' title='bbox 1502 1733 1626 1788; x_wconf 90' lang='lat' dir='ltr'>ipsis,</span> <span class='ocrx_word' id='word_1_254' title='bbox 1657 1736 1728 1776; x_wconf 90' lang='lat' dir='ltr'>ubi</span> <span class='ocrx_word' id='word_1_255' title='bbox 1750 1734 1802 1777; x_wconf 92' lang='lat' dir='ltr'>de</span> <span class='ocrx_word' id='word_1_256' title='bbox 1821 1735 1927 1778; x_wconf 82' lang='lat' dir='ltr'>facto</span> 
     </span>
     <span class='ocr_line' id='line_1_25' title="bbox 176 1793 1930 1852; baseline 0.002 -16"><span class='ocrx_word' id='word_1_257' title='bbox 176 1794 421 1849; x_wconf 83' lang='lat' dir='ltr'>ambigitur,</span> <span class='ocrx_word' id='word_1_258' title='bbox 457 1793 668 1849; x_wconf 86' lang='lat' dir='ltr'>ceperitne</span> <span class='ocrx_word' id='word_1_259' title='bbox 698 1793 895 1849; x_wconf 88' lang='lat' dir='ltr'>pecunias</span> <span class='ocrx_word' id='word_1_260' title='bbox 926 1799 1069 1836; x_wconf 90' lang='lat' dir='ltr'>contra</span> <span class='ocrx_word' id='word_1_261' title='bbox 1098 1794 1211 1849; x_wconf 87' lang='lat' dir='ltr'>leges</span> <span class='ocrx_word' id='word_1_262' title='bbox 1242 1796 1286 1836; x_wconf 92' lang='lat' dir='ltr'>P.</span> <span class='ocrx_word' id='word_1_263' title='bbox 1313 1797 1480 1843; x_wconf 90' lang='lat' dir='ltr'>Decius,</span> <span class='ocrx_word' id='word_1_264' title='bbox 1512 1803 1756 1852; x_wconf 87' lang='lat' dir='ltr'>argumenta</span> <span class='ocrx_word' id='word_1_265' title='bbox 1785 1803 1826 1840; x_wconf 90' lang='lat' dir='ltr'>et</span> <span class='ocrx_word' id='word_1_266' title='bbox 1851 1800 1930 1840; x_wconf 92' lang='lat' dir='ltr'>cri-</span> 
     </span>
     <span class='ocr_line' id='line_1_26' title="bbox 176 1855 1976 1912; baseline 0.002 -13"><span class='ocrx_word' id='word_1_267' title='bbox 176 1858 334 1899; x_wconf 91' lang='lat' dir='ltr'>minum</span> <span class='ocrx_word' id='word_1_268' title='bbox 365 1862 406 1898; x_wconf 90' lang='lat' dir='ltr'>et</span> <span class='ocrx_word' id='word_1_269' title='bbox 437 1858 688 1897; x_wconf 84' lang='lat' dir='ltr'>defensionis</span> <span class='ocrx_word' id='word_1_270' title='bbox 719 1861 968 1897; x_wconf 86' lang='lat' dir='ltr'>revocentur</span> <span class='ocrx_word' id='word_1_271' title='bbox 997 1863 1165 1912; x_wconf 87' lang='lat' dir='ltr'>oportet</span> <span class='ocrx_word' id='word_1_272' title='bbox 1193 1855 1244 1898; x_wconf 92' lang='lat' dir='ltr'>ad</span> <span class='ocrx_word' id='word_1_273' title='bbox 1274 1870 1402 1911; x_wconf 83' lang='lat' dir='ltr'>genus</span> <span class='ocrx_word' id='word_1_274' title='bbox 1442 1863 1483 1900; x_wconf 90' lang='lat' dir='ltr'>et</span> <span class='ocrx_word' id='word_1_275' title='bbox 1519 1860 1571 1900; x_wconf 90' lang='lat' dir='ltr'>ad</span> <span class='ocrx_word' id='word_1_276' title='bbox 1609 1865 1794 1902; x_wconf 87' lang='lat' dir='ltr'>naturam</span> <span class='ocrx_word' id='word_1_277' title='bbox 1838 1862 1929 1902; x_wconf 89' lang='lat' dir='ltr'>uni·</span> <span class='ocrx_word' id='word_1_278' title='bbox 1942 1877 1976 1903; x_wconf 83' lang='lat'>2⁵</span> 
     </span>
     <span class='ocr_line' id='line_1_27' title="bbox 175 1918 1926 1975; baseline 0.002 -13"><span class='ocrx_word' id='word_1_279' title='bbox 175 1932 358 1962; x_wconf 81' lang='lat' dir='ltr'>versam:</span> <span class='ocrx_word' id='word_1_280' title='bbox 393 1918 505 1973; x_wconf 95' lang='lat' dir='ltr'>quod</span> <span class='ocrx_word' id='word_1_281' title='bbox 525 1924 809 1974; x_wconf 88' lang='lat' dir='ltr'>sumptuosus,</span> <span class='ocrx_word' id='word_1_282' title='bbox 842 1920 892 1960; x_wconf 91' lang='lat' dir='ltr'>de</span> <span class='ocrx_word' id='word_1_283' title='bbox 914 1919 1102 1969; x_wconf 80' lang='lat' dir='ltr'>luxurie3</span> <span class='ocrx_word' id='word_1_284' title='bbox 1137 1919 1248 1975; x_wconf 90' lang='lat' dir='ltr'>quod</span> <span class='ocrx_word' id='word_1_285' title='bbox 1269 1920 1393 1962; x_wconf 91' lang='lat' dir='ltr'>alieni</span> <span class='ocrx_word' id='word_1_286' title='bbox 1413 1928 1630 1974; x_wconf 82' lang='lat' dir='ltr'>appetens,</span> <span class='ocrx_word' id='word_1_287' title='bbox 1664 1921 1714 1964; x_wconf 93' lang='lat' dir='ltr'>de</span> <span class='ocrx_word' id='word_1_288' title='bbox 1735 1924 1926 1974; x_wconf 90' lang='lat' dir='ltr'>avaritia;</span> 
     </span>
     <span class='ocr_line' id='line_1_28' title="bbox 175 1979 1928 2040; baseline 0.002 -16"><span class='ocrx_word' id='word_1_289' title='bbox 175 1984 288 2039; x_wconf 89' lang='lat' dir='ltr'>quod</span> <span class='ocrx_word' id='word_1_290' title='bbox 316 1980 557 2029; x_wconf 90' lang='lat' dir='ltr'>seditiosus,</span> <span class='ocrx_word' id='word_1_291' title='bbox 591 1979 641 2021; x_wconf 89' lang='lat' dir='ltr'>de</span> <span class='ocrx_word' id='word_1_292' title='bbox 672 1980 917 2022; x_wconf 91' lang='lat' dir='ltr'>turbulentis</span> <span class='ocrx_word' id='word_1_293' title='bbox 950 1988 990 2022; x_wconf 92' lang='lat' dir='ltr'>et</span> <span class='ocrx_word' id='word_1_294' title='bbox 1019 1983 1138 2023; x_wconf 91' lang='lat' dir='ltr'>malis</span> <span class='ocrx_word' id='word_1_295' title='bbox 1171 1981 1352 2025; x_wconf 77' lang='lat' dir='ltr'>civibus:</span> <span class='ocrx_word' id='word_1_296' title='bbox 1386 1985 1498 2037; x_wconf 90' lang='lat' dir='ltr'>quod</span> <span class='ocrx_word' id='word_1_297' title='bbox 1519 1998 1542 2025; x_wconf 89' lang='lat' dir='ltr'>a</span> <span class='ocrx_word' id='word_1_298' title='bbox 1562 1984 1699 2026; x_wconf 91' lang='lat' dir='ltr'>multis</span> <span class='ocrx_word' id='word_1_299' title='bbox 1728 1987 1928 2040; x_wconf 87' lang='lat' dir='ltr'>arguitur,</span> 
     </span>
     <span class='ocr_line' id='line_1_29' title="bbox 176 2045 1928 2100; baseline 0.001 -12"><span class='ocrx_word' id='word_1_300' title='bbox 176 2048 227 2088; x_wconf 88' lang='lat' dir='ltr'>de</span> <span class='ocrx_word' id='word_1_301' title='bbox 258 2059 410 2100; x_wconf 88' lang='lat' dir='ltr'>genere</span> <span class='ocrx_word' id='word_1_302' title='bbox 440 2045 631 2094; x_wconf 82' lang='lat' dir='ltr'>testium3</span> <span class='ocrx_word' id='word_1_303' title='bbox 665 2049 914 2098; x_wconf 88' lang='lat' dir='ltr'>contraque,</span> <span class='ocrx_word' id='word_1_304' title='bbox 949 2057 1055 2098; x_wconf 90' lang='lat' dir='ltr'>quae</span> <span class='ocrx_word' id='word_1_305' title='bbox 1084 2057 1163 2098; x_wconf 92' lang='lat' dir='ltr'>pro</span> <span class='ocrx_word' id='word_1_306' title='bbox 1194 2060 1266 2086; x_wconf 90' lang='lat' dir='ltr'>reo</span> <span class='ocrx_word' id='word_1_307' title='bbox 1289 2045 1501 2096; x_wconf 87' lang='lat' dir='ltr'>dicentur,</span> <span class='ocrx_word' id='word_1_308' title='bbox 1536 2049 1675 2089; x_wconf 85' lang='lat' dir='ltr'>omnia</span> <span class='ocrx_word' id='word_1_309' title='bbox 1694 2050 1928 2089; x_wconf 87' lang='lat' dir='ltr'>necessario</span> 
     </span>
     <span class='ocr_line' id='line_1_30' title="bbox 175 2106 1930 2163; baseline 0.001 -13"><span class='ocrx_word' id='word_1_310' title='bbox 175 2123 199 2150; x_wconf 94' lang='lat' dir='ltr'>a</span> <span class='ocrx_word' id='word_1_311' title='bbox 229 2114 419 2162; x_wconf 87' lang='lat' dir='ltr'>tempore</span> <span class='ocrx_word' id='word_1_312' title='bbox 449 2112 572 2161; x_wconf 90' lang='lat' dir='ltr'>atque</span> <span class='ocrx_word' id='word_1_313' title='bbox 603 2106 770 2148; x_wconf 89' lang='lat' dir='ltr'>homine</span> <span class='ocrx_word' id='word_1_314' title='bbox 800 2106 852 2148; x_wconf 90' lang='lat' dir='ltr'>ad</span> <span class='ocrx_word' id='word_1_315' title='bbox 882 2120 1123 2148; x_wconf 89' lang='lat' dir='ltr'>communes</span> <span class='ocrx_word' id='word_1_316' title='bbox 1147 2121 1286 2149; x_wconf 88' lang='lat' dir='ltr'>rerum</span> <span class='ocrx_word' id='word_1_317' title='bbox 1309 2116 1348 2151; x_wconf 90' lang='lat' dir='ltr'>et</span> <span class='ocrx_word' id='word_1_318' title='bbox 1372 2123 1569 2163; x_wconf 86' lang='lat' dir='ltr'>generum</span> <span class='ocrx_word' id='word_1_319' title='bbox 1591 2124 1771 2152; x_wconf 91' lang='lat' dir='ltr'>summas</span> <span class='ocrx_word' id='word_1_320' title='bbox 1791 2112 1930 2152; x_wconf 86' lang='lat' dir='ltr'>revol-</span> 
     </span>
     <span class='ocr_line' id='line_1_31' title="bbox 174 2168 1976 2228; baseline 0.001 -15"><span class='ocrx_word' id='word_1_321' title='bbox 174 2176 334 2213; x_wconf 86' lang='lat' dir='ltr'>ventur.</span> <span class='ocrx_word' id='word_1_322' title='bbox 395 2171 487 2211; x_wconf 89' lang='lat'><strong>136.</strong></span> <span class='ocrx_word' id='word_1_323' title='bbox 517 2170 652 2225; x_wconf 89' lang='lat' dir='ltr'>Atque</span> <span class='ocrx_word' id='word_1_324' title='bbox 680 2170 785 2210; x_wconf 87' lang='lat' dir='ltr'>haec</span> <span class='ocrx_word' id='word_1_325' title='bbox 815 2168 987 2211; x_wconf 87' lang='lat' dir='ltr'>forsitan</span> <span class='ocrx_word' id='word_1_326' title='bbox 1007 2169 1164 2211; x_wconf 90' lang='lat' dir='ltr'>homini</span> <span class='ocrx_word' id='word_1_327' title='bbox 1185 2183 1268 2211; x_wconf 91' lang='lat' dir='ltr'>non</span> <span class='ocrx_word' id='word_1_328' title='bbox 1291 2171 1450 2219; x_wconf 89' lang='lat' dir='ltr'>omnia,</span> <span class='ocrx_word' id='word_1_329' title='bbox 1482 2187 1588 2228; x_wconf 89' lang='lat' dir='ltr'>quae</span> <span class='ocrx_word' id='word_1_330' title='bbox 1610 2174 1764 2214; x_wconf 92' lang='lat' dir='ltr'>suntin</span> <span class='ocrx_word' id='word_1_331' title='bbox 1785 2178 1928 2214; x_wconf 91' lang='lat' dir='ltr'>natura</span> <span class='ocrx_word' id='word_1_332' title='bbox 1943 2191 1976 2216; x_wconf 77' lang='lat' dir='ltr'>so</span> 
     </span>
     <span class='ocr_line' id='line_1_32' title="bbox 174 2231 1930 2290; baseline 0 -15"><span class='ocrx_word' id='word_1_333' title='bbox 174 2247 339 2282; x_wconf 89' lang='lat' dir='ltr'>rerum,</span> <span class='ocrx_word' id='word_1_334' title='bbox 371 2231 563 2274; x_wconf 87' lang='lat' dir='ltr'>celeriter</span> <span class='ocrx_word' id='word_1_335' title='bbox 593 2233 729 2273; x_wconf 90' lang='lat' dir='ltr'>animo</span> <span class='ocrx_word' id='word_1_336' title='bbox 752 2232 1122 2288; x_wconf 89' lang='lat' dir='ltr'>comprehendenti</span> <span class='ocrx_word' id='word_1_337' title='bbox 1142 2234 1347 2288; x_wconf 86' lang='lat' dir='ltr'>permulta</span> <span class='ocrx_word' id='word_1_338' title='bbox 1367 2233 1604 2283; x_wconf 86' lang='lat' dir='ltr'>videantur,</span> <span class='ocrx_word' id='word_1_339' title='bbox 1636 2248 1742 2290; x_wconf 90' lang='lat' dir='ltr'>quae</span> <span class='ocrx_word' id='word_1_340' title='bbox 1764 2236 1930 2277; x_wconf 89' lang='lat' dir='ltr'>veniant</span> 
     </span>
     <span class='ocr_line' id='line_1_33' title="bbox 173 2293 1930 2350; baseline 0.001 -13"><span class='ocrx_word' id='word_1_341' title='bbox 173 2295 218 2337; x_wconf 92' lang='lat' dir='ltr'>in</span> <span class='ocrx_word' id='word_1_342' title='bbox 247 2293 443 2336; x_wconf 91' lang='lat' dir='ltr'>iudicium</span> <span class='ocrx_word' id='word_1_343' title='bbox 473 2299 580 2342; x_wconf 89' lang='lat' dir='ltr'>tum,</span> <span class='ocrx_word' id='word_1_344' title='bbox 614 2308 707 2335; x_wconf 89' lang='lat' dir='ltr'>cum</span> <span class='ocrx_word' id='word_1_345' title='bbox 738 2293 788 2336; x_wconf 89' lang='lat' dir='ltr'>de</span> <span class='ocrx_word' id='word_1_346' title='bbox 819 2293 925 2336; x_wconf 85' lang='lat' dir='ltr'>sacto</span> <span class='ocrx_word' id='word_1_347' title='bbox 957 2300 1201 2350; x_wconf 89' lang='lat' dir='ltr'>quaeratur;</span> <span class='ocrx_word' id='word_1_348' title='bbox 1232 2298 1306 2337; x_wconf 88' lang='lat' dir='ltr'>sed</span> <span class='ocrx_word' id='word_1_349' title='bbox 1326 2302 1463 2338; x_wconf 88' lang='lat' dir='ltr'>tamen</span> <span class='ocrx_word' id='word_1_350' title='bbox 1485 2297 1704 2339; x_wconf 90' lang='lat' dir='ltr'>criminum</span> <span class='ocrx_word' id='word_1_351' title='bbox 1735 2303 1796 2339; x_wconf 90' lang='lat' dir='ltr'>est</span> <span class='ocrx_word' id='word_1_352' title='bbox 1826 2297 1930 2339; x_wconf 88' lang='lat' dir='ltr'>mul-</span> 
     </span>
     <span class='ocr_line' id='line_1_34' title="bbox 174 2355 1925 2410; baseline 0.001 -11"><span class='ocrx_word' id='word_1_353' title='bbox 174 2356 330 2405; x_wconf 90' lang='lat' dir='ltr'>titudo,</span> <span class='ocrx_word' id='word_1_354' title='bbox 361 2372 446 2398; x_wconf 91' lang='lat' dir='ltr'>non</span> <span class='ocrx_word' id='word_1_355' title='bbox 467 2355 754 2399; x_wconf 85' lang='lat' dir='ltr'>defensionum</span> <span class='ocrx_word' id='word_1_356' title='bbox 776 2364 845 2399; x_wconf 91' lang='lat' dir='ltr'>aut</span> <span class='ocrx_word' id='word_1_357' title='bbox 866 2359 1074 2406; x_wconf 91' lang='lat' dir='ltr'>locorum,</span> <span class='ocrx_word' id='word_1_358' title='bbox 1106 2356 1280 2400; x_wconf 88' lang='lat' dir='ltr'>infinita.</span> <span class='ocrx_word' id='word_1_359' title='bbox 1338 2360 1513 2404; x_wconf 86' lang='lat' dir='ltr'><strong>XXXII.</strong></span> <span class='ocrx_word' id='word_1_360' title='bbox 1548 2362 1640 2402; x_wconf 88' lang='lat'><strong>137.</strong></span> <span class='ocrx_word' id='word_1_361' title='bbox 1675 2361 1790 2410; x_wconf 89' lang='lat' dir='ltr'>Quae</span> <span class='ocrx_word' id='word_1_362' title='bbox 1813 2373 1925 2406; x_wconf 88' lang='lat' dir='ltr'>ver0,</span> 
     </span>
     <span class='ocr_line' id='line_1_35' title="bbox 175 2418 1925 2477; baseline -0.001 -14"><span class='ocrx_word' id='word_1_363' title='bbox 175 2434 268 2463; x_wconf 91' lang='lat' dir='ltr'>cum</span> <span class='ocrx_word' id='word_1_364' title='bbox 312 2421 364 2461; x_wconf 88' lang='lat' dir='ltr'>de</span> <span class='ocrx_word' id='word_1_365' title='bbox 400 2418 508 2462; x_wconf 86' lang='lat' dir='ltr'>facto</span> <span class='ocrx_word' id='word_1_366' title='bbox 547 2434 631 2461; x_wconf 93' lang='lat' dir='ltr'>non</span> <span class='ocrx_word' id='word_1_367' title='bbox 670 2421 917 2474; x_wconf 88' lang='lat' dir='ltr'>ambigitur,</span> <span class='ocrx_word' id='word_1_368' title='bbox 966 2426 1244 2476; x_wconf 90' lang='lat' dir='ltr'>quaeruntur,</span> <span class='ocrx_word' id='word_1_369' title='bbox 1292 2423 1430 2477; x_wconf 89' lang='lat' dir='ltr'>qualia</span> <span class='ocrx_word' id='word_1_370' title='bbox 1459 2421 1564 2472; x_wconf 88' lang='lat' dir='ltr'>sint,</span> <span class='ocrx_word' id='word_1_371' title='bbox 1616 2436 1665 2464; x_wconf 92' lang='lat' dir='ltr'>ea</span> <span class='ocrx_word' id='word_1_372' title='bbox 1696 2422 1730 2464; x_wconf 92' lang='lat' dir='ltr'>si</span> <span class='ocrx_word' id='word_1_373' title='bbox 1761 2437 1814 2464; x_wconf 82' lang='lat' dir='ltr'>ex</span> <span class='ocrx_word' id='word_1_374' title='bbox 1843 2423 1925 2463; x_wconf 92' lang='lat' dir='ltr'>reis</span> 
     </span>
     <span class='ocr_line' id='line_1_36' title="bbox 172 2483 1972 2533; baseline 0.001 -9"><span class='ocrx_word' id='word_1_375' title='bbox 172 2496 391 2532; x_wconf 89' lang='lat' dir='ltr'>numeres,</span> <span class='ocrx_word' id='word_1_376' title='bbox 426 2488 466 2523; x_wconf 89' lang='lat' dir='ltr'>et</span> <span class='ocrx_word' id='word_1_377' title='bbox 494 2483 812 2524; x_wconf 87' lang='lat' dir='ltr'>innumerabilia</span> <span class='ocrx_word' id='word_1_378' title='bbox 841 2488 936 2525; x_wconf 89' lang='lat' dir='ltr'>sunt</span> <span class='ocrx_word' id='word_1_379' title='bbox 965 2489 1006 2524; x_wconf 89' lang='lat' dir='ltr'>et</span> <span class='ocrx_word' id='word_1_380' title='bbox 1036 2485 1238 2533; x_wconf 84' lang='lat' dir='ltr'>obscura3</span> <span class='ocrx_word' id='word_1_381' title='bbox 1286 2485 1319 2525; x_wconf 88' lang='lat' dir='ltr'>si</span> <span class='ocrx_word' id='word_1_382' title='bbox 1350 2497 1402 2525; x_wconf 83' lang='lat' dir='ltr'>ex</span> <span class='ocrx_word' id='word_1_383' title='bbox 1432 2483 1577 2533; x_wconf 89' lang='lat' dir='ltr'>rebus,</span> <span class='ocrx_word' id='word_1_384' title='bbox 1619 2483 1736 2526; x_wconf 84' lang='lat' dir='ltr'>valde</span> <span class='ocrx_word' id='word_1_385' title='bbox 1767 2490 1808 2526; x_wconf 87' lang='lat' dir='ltr'>et</span> <span class='ocrx_word' id='word_1_386' title='bbox 1837 2496 1972 2526; x_wconf 71' lang='lat' dir='ltr'>mo-ss</span> 
     </span>
     <span class='ocr_line' id='line_1_37' title="bbox 173 2544 1922 2600; baseline 0 -14"><span class='ocrx_word' id='word_1_387' title='bbox 173 2547 267 2587; x_wconf 87' lang='lat' dir='ltr'>dica</span> <span class='ocrx_word' id='word_1_388' title='bbox 305 2550 345 2586; x_wconf 87' lang='lat' dir='ltr'>et</span> <span class='ocrx_word' id='word_1_389' title='bbox 381 2544 571 2586; x_wconf 87' lang='lat' dir='ltr'>illustria.</span> <span class='ocrx_word' id='word_1_390' title='bbox 632 2547 736 2587; x_wconf 81' lang='lat' dir='ltr'>Nam</span> <span class='ocrx_word' id='word_1_391' title='bbox 779 2546 812 2586; x_wconf 92' lang='lat' dir='ltr'>si</span> <span class='ocrx_word' id='word_1_392' title='bbox 848 2545 1029 2587; x_wconf 89' lang='lat' dir='ltr'>Mancini</span> <span class='ocrx_word' id='word_1_393' title='bbox 1072 2558 1236 2586; x_wconf 91' lang='lat' dir='ltr'>causam</span> <span class='ocrx_word' id='word_1_394' title='bbox 1274 2544 1317 2586; x_wconf 91' lang='lat' dir='ltr'>in</span> <span class='ocrx_word' id='word_1_395' title='bbox 1356 2560 1438 2587; x_wconf 90' lang='lat' dir='ltr'>uno</span> <span class='ocrx_word' id='word_1_396' title='bbox 1478 2548 1667 2588; x_wconf 88' lang='lat' dir='ltr'>Mancino</span> <span class='ocrx_word' id='word_1_397' title='bbox 1709 2547 1922 2600; x_wconf 91' lang='lat' dir='ltr'>ponimus,</span> 
     </span>
     <span class='ocr_line' id='line_1_38' title="bbox 174 2606 1920 2665; baseline -0.001 -16"><span class='ocrx_word' id='word_1_398' title='bbox 174 2608 501 2664; x_wconf 88' lang='lat' dir='ltr'>quotiescunque</span> <span class='ocrx_word' id='word_1_399' title='bbox 538 2608 593 2656; x_wconf 93' lang='lat' dir='ltr'>is,</span> <span class='ocrx_word' id='word_1_400' title='bbox 641 2620 764 2663; x_wconf 91' lang='lat' dir='ltr'>quem</span> <span class='ocrx_word' id='word_1_401' title='bbox 808 2613 924 2664; x_wconf 90' lang='lat' dir='ltr'>pater</span> <span class='ocrx_word' id='word_1_402' title='bbox 965 2612 1148 2664; x_wconf 88' lang='lat' dir='ltr'>patratus</span> <span class='ocrx_word' id='word_1_403' title='bbox 1192 2606 1414 2657; x_wconf 88' lang='lat' dir='ltr'>dediderit,</span> <span class='ocrx_word' id='word_1_404' title='bbox 1462 2616 1650 2665; x_wconf 90' lang='lat' dir='ltr'>receptus</span> <span class='ocrx_word' id='word_1_405' title='bbox 1693 2622 1774 2650; x_wconf 91' lang='lat' dir='ltr'>non</span> <span class='ocrx_word' id='word_1_406' title='bbox 1819 2608 1920 2656; x_wconf 88' lang='lat' dir='ltr'>erit,</span> 
     </span>
     <span class='ocr_line' id='line_1_39' title="bbox 173 2669 1922 2720; baseline 0.001 -9"><span class='ocrx_word' id='word_1_407' title='bbox 173 2669 295 2712; x_wconf 88' lang='lat' dir='ltr'>toties</span> <span class='ocrx_word' id='word_1_408' title='bbox 339 2683 462 2712; x_wconf 89' lang='lat' dir='ltr'>causa</span> <span class='ocrx_word' id='word_1_409' title='bbox 496 2684 602 2712; x_wconf 88' lang='lat' dir='ltr'>nova</span> <span class='ocrx_word' id='word_1_410' title='bbox 643 2676 845 2712; x_wconf 88' lang='lat' dir='ltr'>nascetur.</span> <span class='ocrx_word' id='word_1_411' title='bbox 906 2671 977 2711; x_wconf 90' lang='lat' dir='ltr'>Sin</span> <span class='ocrx_word' id='word_1_412' title='bbox 1006 2669 1075 2711; x_wconf 89' lang='lat' dir='ltr'>illa</span> <span class='ocrx_word' id='word_1_413' title='bbox 1105 2671 1389 2712; x_wconf 88' lang='lat' dir='ltr'>controversia</span> <span class='ocrx_word' id='word_1_414' title='bbox 1419 2685 1584 2713; x_wconf 88' lang='lat' dir='ltr'>causam</span> <span class='ocrx_word' id='word_1_415' title='bbox 1613 2671 1733 2720; x_wconf 84' lang='lat' dir='ltr'>facit,</span> <span class='ocrx_word' id='word_1_416' title='bbox 1782 2672 1922 2712; x_wconf 81' lang='lat' dir='ltr'>videa-</span> 
     </span>
     <span class='ocr_line' id='line_1_40' title="bbox 174 2731 1922 2790; baseline 0.001 -18"><span class='ocrx_word' id='word_1_417' title='bbox 174 2736 295 2773; x_wconf 90' lang='lat' dir='ltr'>turne</span> <span class='ocrx_word' id='word_1_418' title='bbox 325 2733 382 2780; x_wconf 89' lang='lat' dir='ltr'>ei,</span> <span class='ocrx_word' id='word_1_419' title='bbox 423 2746 548 2788; x_wconf 91' lang='lat' dir='ltr'>quem</span> <span class='ocrx_word' id='word_1_420' title='bbox 575 2739 694 2789; x_wconf 89' lang='lat' dir='ltr'>pater</span> <span class='ocrx_word' id='word_1_421' title='bbox 724 2738 904 2787; x_wconf 89' lang='lat' dir='ltr'>patratus</span> <span class='ocrx_word' id='word_1_422' title='bbox 935 2731 1160 2781; x_wconf 84' lang='lat' dir='ltr'>dediderit,</span> <span class='ocrx_word' id='word_1_423' title='bbox 1203 2731 1237 2773; x_wconf 89' lang='lat' dir='ltr'>si</span> <span class='ocrx_word' id='word_1_424' title='bbox 1267 2733 1301 2774; x_wconf 91' lang='lat' dir='ltr'>is</span> <span class='ocrx_word' id='word_1_425' title='bbox 1332 2746 1416 2775; x_wconf 91' lang='lat' dir='ltr'>non</span> <span class='ocrx_word' id='word_1_426' title='bbox 1445 2735 1497 2775; x_wconf 90' lang='lat' dir='ltr'>sit</span> <span class='ocrx_word' id='word_1_427' title='bbox 1528 2741 1738 2790; x_wconf 79' lang='lat' dir='ltr'>receptuS,</span> <span class='ocrx_word' id='word_1_428' title='bbox 1778 2733 1922 2789; x_wconf 91' lang='lat' dir='ltr'>postli-</span> 
     </span>
    </p>
   </div>
   <div class='ocr_carea' id='block_1_3' title="bbox 172 2872 1923 3195">
    <p class='ocr_par' dir='ltr' id='par_1_3' title="bbox 172 2872 1923 3195">
     <span class='ocr_line' id='line_1_41' title="bbox 265 2872 1920 2914; baseline -0.001 -10"><span class='ocrx_word' id='word_1_429' title='bbox 265 2872 300 2904; x_wconf 88' lang='grc'>2.</span> <span class='ocrx_word' id='word_1_430' title='bbox 326 2873 432 2914; x_wconf 78' lang='lat' dir='ltr'>saciet</span> <span class='ocrx_word' id='word_1_431' title='bbox 456 2874 499 2906; x_wconf 82' lang='grc' dir='ltr'>Α.</span> <span class='ocrx_word' id='word_1_432' title='bbox 527 2889 570 2895; x_wconf 94' lang='grc'>-</span> <span class='ocrx_word' id='word_1_433' title='bbox 593 2874 629 2906; x_wconf 72' lang='grc'>4.</span> <span class='ocrx_word' id='word_1_434' title='bbox 656 2874 700 2906; x_wconf 76' lang='lat' dir='ltr'>Ac</span> <span class='ocrx_word' id='word_1_435' title='bbox 725 2875 839 2914; x_wconf 79' lang='lat' dir='ltr'>ipsum</span> <span class='ocrx_word' id='word_1_436' title='bbox 864 2873 923 2905; x_wconf 79' lang='lat' dir='ltr'>AB</span> <span class='ocrx_word' id='word_1_437' title='bbox 949 2873 1103 2913; x_wconf 85' lang='lat' dir='ltr'>aliique:</span> <span class='ocrx_word' id='word_1_438' title='bbox 1141 2873 1186 2906; x_wconf 78' lang='lat' dir='ltr'>Ac</span> <span class='ocrx_word' id='word_1_439' title='bbox 1210 2873 1246 2905; x_wconf 80' lang='lat' dir='ltr'>id</span> <span class='ocrx_word' id='word_1_440' title='bbox 1271 2874 1385 2913; x_wconf 81' lang='lat' dir='ltr'>ipsum</span> <span class='ocrx_word' id='word_1_441' title='bbox 1409 2875 1483 2906; x_wconf 84' lang='lat' dir='ltr'><strong>RE.</strong></span> <span class='ocrx_word' id='word_1_442' title='bbox 1514 2891 1547 2897; x_wconf 89' lang='lat'><em>-</em></span> <span class='ocrx_word' id='word_1_443' title='bbox 1579 2874 1612 2906; x_wconf 88' lang='lat'><strong>7.</strong></span> <span class='ocrx_word' id='word_1_444' title='bbox 1638 2874 1783 2906; x_wconf 75' lang='lat' dir='ltr'>scientia</span> <span class='ocrx_word' id='word_1_445' title='bbox 1807 2874 1850 2906; x_wconf 90' lang='lat' dir='ltr'>R.</span> <span class='ocrx_word' id='word_1_446' title='bbox 1877 2890 1920 2896; x_wconf 93' lang='grc'>-</span> 
     </span>
     <span class='ocr_line' id='line_1_42' title="bbox 175 2919 1923 2961; baseline 0.002 -12"><span class='ocrx_word' id='word_1_447' title='bbox 175 2926 264 2960; x_wconf 79' lang='lat' dir='ltr'>quae</span> <span class='ocrx_word' id='word_1_448' title='bbox 288 2923 319 2951; x_wconf 80' lang='lat' dir='ltr'>et</span> <span class='ocrx_word' id='word_1_449' title='bbox 345 2919 387 2951; x_wconf 85' lang='lat' dir='ltr'>ab</span> <span class='ocrx_word' id='word_1_450' title='bbox 413 2920 455 2952; x_wconf 84' lang='grc' dir='ltr'>Α.</span> <span class='ocrx_word' id='word_1_451' title='bbox 485 2938 523 2944; x_wconf 97' lang='grc'>-</span> <span class='ocrx_word' id='word_1_452' title='bbox 567 2924 598 2952; x_wconf 85' lang='lat' dir='ltr'>et</span> <span class='ocrx_word' id='word_1_453' title='bbox 621 2931 643 2953; x_wconf 88' lang='lat' dir='ltr'>a</span> <span class='ocrx_word' id='word_1_454' title='bbox 667 2920 841 2959; x_wconf 80' lang='lat' dir='ltr'>defensore</span> <span class='ocrx_word' id='word_1_455' title='bbox 867 2919 977 2952; x_wconf 90' lang='lat' dir='ltr'>Codd.</span> <span class='ocrx_word' id='word_1_456' title='bbox 1004 2920 1071 2951; x_wconf 70' lang='lat'><strong>³1.:</strong></span> <span class='ocrx_word' id='word_1_457' title='bbox 1101 2922 1132 2952; x_wconf 84' lang='lat' dir='ltr'>et</span> <span class='ocrx_word' id='word_1_458' title='bbox 1156 2920 1332 2961; x_wconf 82' lang='lat' dir='ltr'>defensore</span> <span class='ocrx_word' id='word_1_459' title='bbox 1359 2921 1472 2961; x_wconf 71' lang='lat' dir='ltr'>(AB-2)</span> <span class='ocrx_word' id='word_1_460' title='bbox 1499 2921 1569 2952; x_wconf 85' lang='lat' dir='ltr'><strong>RE.</strong></span> <span class='ocrx_word' id='word_1_461' title='bbox 1609 2937 1649 2942; x_wconf 98' lang='lat'><strong>—</strong></span> <span class='ocrx_word' id='word_1_462' title='bbox 1691 2920 1725 2951; x_wconf 88' lang='lat'><strong>8.</strong></span> <span class='ocrx_word' id='word_1_463' title='bbox 1752 2921 1923 2960; x_wconf 72' lang='lat' dir='ltr'>spectanti</span> 
     </span>
     <span class='ocr_line' id='line_1_43' title="bbox 172 2966 1917 3007; baseline 0 -8"><span class='ocrx_word' id='word_1_464' title='bbox 172 2969 228 3003; x_wconf 82' lang='lat' dir='ltr'>A,</span> <span class='ocrx_word' id='word_1_465' title='bbox 253 2968 422 3004; x_wconf 73' lang='lat' dir='ltr'>spectanti</span> <span class='ocrx_word' id='word_1_466' title='bbox 449 2976 488 2998; x_wconf 81' lang='lat' dir='ltr'>ea</span> <span class='ocrx_word' id='word_1_467' title='bbox 513 2967 557 2999; x_wconf 87' lang='lat' dir='ltr'><strong>R.</strong></span> <span class='ocrx_word' id='word_1_468' title='bbox 587 2984 623 2990; x_wconf 92' lang='lat'>—</span> <span class='ocrx_word' id='word_1_469' title='bbox 653 2968 773 3000; x_wconf 82' lang='lat' dir='ltr'>debent</span> <span class='ocrx_word' id='word_1_470' title='bbox 797 2967 826 2998; x_wconf 75' lang='lat' dir='ltr'>A</span> <span class='ocrx_word' id='word_1_471' title='bbox 852 2967 980 3007; x_wconf 78' lang='lat' dir='ltr'>aliique</span> <span class='ocrx_word' id='word_1_472' title='bbox 1007 2966 1127 3004; x_wconf 85' lang='lat' dir='ltr'>multi,</span> <span class='ocrx_word' id='word_1_473' title='bbox 1155 2967 1248 3007; x_wconf 88' lang='lat' dir='ltr'>quod</span> <span class='ocrx_word' id='word_1_474' title='bbox 1275 2968 1438 3007; x_wconf 86' lang='lat' dir='ltr'>praetulit</span> <span class='ocrx_word' id='word_1_475' title='bbox 1463 2967 1502 3000; x_wconf 90' lang='lat' dir='ltr'><strong>T.</strong></span> <span class='ocrx_word' id='word_1_476' title='bbox 1533 2983 1568 2989; x_wconf 92' lang='lat'>—</span> <span class='ocrx_word' id='word_1_477' title='bbox 1609 2967 1642 2999; x_wconf 87' lang='grc'>9.</span> <span class='ocrx_word' id='word_1_478' title='bbox 1671 2971 1784 2999; x_wconf 83' lang='lat' dir='ltr'>terror</span> <span class='ocrx_word' id='word_1_479' title='bbox 1807 2968 1850 2999; x_wconf 84' lang='grc' dir='ltr'>Α.</span> <span class='ocrx_word' id='word_1_480' title='bbox 1880 2984 1917 2991; x_wconf 93' lang='grc'>-</span> 
     </span>
     <span class='ocr_line' id='line_1_44' title="bbox 173 3010 1918 3054; baseline 0 -8"><span class='ocrx_word' id='word_1_481' title='bbox 173 3013 230 3046; x_wconf 85' lang='grc'>12.</span> <span class='ocrx_word' id='word_1_482' title='bbox 260 3010 377 3052; x_wconf 84' lang='lat' dir='ltr'>quam]</span> <span class='ocrx_word' id='word_1_483' title='bbox 405 3013 509 3053; x_wconf 83' lang='lat' dir='ltr'>quale</span> <span class='ocrx_word' id='word_1_484' title='bbox 535 3013 606 3045; x_wconf 81' lang='grc' dir='ltr'>ΑΒ.</span> <span class='ocrx_word' id='word_1_485' title='bbox 635 3031 676 3037; x_wconf 88' lang='grc'><strong>-</strong></span> <span class='ocrx_word' id='word_1_486' title='bbox 718 3015 774 3046; x_wconf 63' lang='lat'><strong>14.</strong></span> <span class='ocrx_word' id='word_1_487' title='bbox 803 3013 1006 3054; x_wconf 76' lang='lat' dir='ltr'>appellandi</span> <span class='ocrx_word' id='word_1_488' title='bbox 1030 3013 1103 3044; x_wconf 85' lang='lat' dir='ltr'><strong>AB.</strong></span> <span class='ocrx_word' id='word_1_489' title='bbox 1130 3029 1174 3034; x_wconf 94' lang='lat'>—</span> <span class='ocrx_word' id='word_1_490' title='bbox 1213 3013 1269 3045; x_wconf 85' lang='lat'><strong>16.</strong></span> <span class='ocrx_word' id='word_1_491' title='bbox 1298 3015 1406 3045; x_wconf 85' lang='lat' dir='ltr'>omnis</span> <span class='ocrx_word' id='word_1_492' title='bbox 1431 3014 1667 3045; x_wconf 79' lang='lat' dir='ltr'>controversia</span> <span class='ocrx_word' id='word_1_493' title='bbox 1691 3013 1764 3045; x_wconf 82' lang='grc' dir='ltr'>ΑΒ.</span> <span class='ocrx_word' id='word_1_494' title='bbox 1795 3029 1831 3036; x_wconf 93' lang='grc'><strong>-</strong></span> <span class='ocrx_word' id='word_1_495' title='bbox 1861 3014 1918 3046; x_wconf 87' lang='grc'><strong>17.</strong></span> 
     </span>
     <span class='ocr_line' id='line_1_45' title="bbox 172 3058 1918 3101; baseline 0 -9"><span class='ocrx_word' id='word_1_496' title='bbox 172 3058 276 3099; x_wconf 79' lang='lat' dir='ltr'>nihil]</span> <span class='ocrx_word' id='word_1_497' title='bbox 301 3066 344 3090; x_wconf 81' lang='lat' dir='ltr'>ne</span> <span class='ocrx_word' id='word_1_498' title='bbox 368 3059 440 3090; x_wconf 69' lang='lat' dir='ltr'><strong>AB.</strong></span> <span class='ocrx_word' id='word_1_499' title='bbox 471 3076 508 3082; x_wconf 95' lang='lat'>—</span> <span class='ocrx_word' id='word_1_500' title='bbox 545 3062 719 3101; x_wconf 81' lang='lat' dir='ltr'>pertineat</span> <span class='ocrx_word' id='word_1_501' title='bbox 745 3062 771 3093; x_wconf 88' lang='lat' dir='ltr'>B</span> <span class='ocrx_word' id='word_1_502' title='bbox 797 3062 940 3101; x_wconf 84' lang='lat' dir='ltr'>aliique.</span> <span class='ocrx_word' id='word_1_503' title='bbox 984 3059 1041 3099; x_wconf 85' lang='lat' dir='ltr'>(Ut</span> <span class='ocrx_word' id='word_1_504' title='bbox 1065 3067 1148 3097; x_wconf 79' lang='lat' dir='ltr'>neS,</span> <span class='ocrx_word' id='word_1_505' title='bbox 1174 3059 1266 3099; x_wconf 84' lang='lat' dir='ltr'><strong>AR.)</strong></span> <span class='ocrx_word' id='word_1_506' title='bbox 1302 3075 1341 3083; x_wconf 93' lang='lat'>—</span> <span class='ocrx_word' id='word_1_507' title='bbox 1385 3060 1439 3092; x_wconf 85' lang='lat'><strong>18.</strong></span> <span class='ocrx_word' id='word_1_508' title='bbox 1469 3060 1590 3100; x_wconf 83' lang='lat' dir='ltr'>optimi</span> <span class='ocrx_word' id='word_1_509' title='bbox 1612 3068 1781 3100; x_wconf 79' lang='lat' dir='ltr'>personas</span> <span class='ocrx_word' id='word_1_510' title='bbox 1804 3060 1847 3092; x_wconf 80' lang='grc' dir='ltr'>Α.</span> <span class='ocrx_word' id='word_1_511' title='bbox 1877 3076 1918 3083; x_wconf 88' lang='grc'>-</span> 
     </span>
     <span class='ocr_line' id='line_1_46' title="bbox 173 3105 1917 3145; baseline 0 -7"><span class='ocrx_word' id='word_1_512' title='bbox 173 3106 231 3138; x_wconf 84' lang='grc'>22.</span> <span class='ocrx_word' id='word_1_513' title='bbox 258 3114 396 3138; x_wconf 82' lang='lat' dir='ltr'>reorum</span> <span class='ocrx_word' id='word_1_514' title='bbox 420 3105 535 3138; x_wconf 73' lang='lat' dir='ltr'>ABR:</span> <span class='ocrx_word' id='word_1_515' title='bbox 575 3115 618 3138; x_wconf 74' lang='lat' dir='ltr'>ecc</span> <span class='ocrx_word' id='word_1_516' title='bbox 643 3116 781 3140; x_wconf 85' lang='lat' dir='ltr'>reorum</span> <span class='ocrx_word' id='word_1_517' title='bbox 807 3108 848 3140; x_wconf 89' lang='lat' dir='ltr'><strong>E.</strong></span> <span class='ocrx_word' id='word_1_518' title='bbox 876 3124 918 3129; x_wconf 90' lang='lat'>—</span> <span class='ocrx_word' id='word_1_519' title='bbox 960 3116 1000 3138; x_wconf 87' lang='lat' dir='ltr'>ac</span> <span class='ocrx_word' id='word_1_520' title='bbox 1023 3115 1094 3137; x_wconf 82' lang='lat' dir='ltr'>non</span> <span class='ocrx_word' id='word_1_521' title='bbox 1118 3105 1230 3138; x_wconf 78' lang='lat' dir='ltr'>ABR:</span> <span class='ocrx_word' id='word_1_522' title='bbox 1267 3115 1337 3138; x_wconf 85' lang='lat' dir='ltr'>non</span> <span class='ocrx_word' id='word_1_523' title='bbox 1362 3106 1402 3139; x_wconf 88' lang='lat' dir='ltr'><strong>E.</strong></span> <span class='ocrx_word' id='word_1_524' title='bbox 1440 3123 1476 3128; x_wconf 92' lang='lat'>—</span> <span class='ocrx_word' id='word_1_525' title='bbox 1520 3105 1576 3136; x_wconf 84' lang='grc'>23.</span> <span class='ocrx_word' id='word_1_526' title='bbox 1603 3106 1820 3140; x_wconf 80' lang='lat' dir='ltr'>dubitatione</span> <span class='ocrx_word' id='word_1_527' title='bbox 1844 3106 1917 3145; x_wconf 74' lang='lat' dir='ltr'>AB,</span> 
     </span>
     <span class='ocr_line' id='line_1_47' title="bbox 174 3152 1919 3195; baseline -0.001 -10"><span class='ocrx_word' id='word_1_528' title='bbox 174 3157 209 3186; x_wconf 80' lang='lat' dir='ltr'>et</span> <span class='ocrx_word' id='word_1_529' title='bbox 234 3161 274 3185; x_wconf 84' lang='lat' dir='ltr'>ex</span> <span class='ocrx_word' id='word_1_530' title='bbox 299 3152 372 3184; x_wconf 81' lang='lat' dir='ltr'>aliis</span> <span class='ocrx_word' id='word_1_531' title='bbox 398 3152 439 3183; x_wconf 92' lang='lat' dir='ltr'><strong>T.</strong></span> <span class='ocrx_word' id='word_1_532' title='bbox 467 3152 549 3187; x_wconf 85' lang='lat' dir='ltr'>(Sed</span> <span class='ocrx_word' id='word_1_533' title='bbox 574 3153 652 3186; x_wconf 82' lang='lat' dir='ltr'>vide</span> <span class='ocrx_word' id='word_1_534' title='bbox 678 3157 791 3186; x_wconf 83' lang='lat' dir='ltr'>statim</span> <span class='ocrx_word' id='word_1_535' title='bbox 817 3153 854 3194; x_wconf 57' lang='grc' dir='ltr'>δ.</span> <span class='ocrx_word' id='word_1_536' title='bbox 882 3152 977 3192; x_wconf 81' lang='lat'><strong>138.)</strong></span> <span class='ocrx_word' id='word_1_537' title='bbox 997 3169 1037 3175; x_wconf 98' lang='lat'><strong>—</strong></span> <span class='ocrx_word' id='word_1_538' title='bbox 1063 3153 1114 3184; x_wconf 75' lang='lat' dir='ltr'>his</span> <span class='ocrx_word' id='word_1_539' title='bbox 1141 3152 1251 3184; x_wconf 88' lang='lat' dir='ltr'>Codd.</span> <span class='ocrx_word' id='word_1_540' title='bbox 1280 3153 1324 3184; x_wconf 79' lang='lat' dir='ltr'>at.</span> <span class='ocrx_word' id='word_1_541' title='bbox 1348 3170 1384 3175; x_wconf 92' lang='lat'>—</span> <span class='ocrx_word' id='word_1_542' title='bbox 1413 3152 1468 3183; x_wconf 67' lang='lat'>2¹4,</span> <span class='ocrx_word' id='word_1_543' title='bbox 1493 3154 1661 3192; x_wconf 76' lang='lat' dir='ltr'>pecunias</span> <span class='ocrx_word' id='word_1_544' title='bbox 1686 3157 1809 3186; x_wconf 86' lang='lat' dir='ltr'>contra</span> <span class='ocrx_word' id='word_1_545' title='bbox 1834 3154 1919 3195; x_wconf 72' lang='lat' dir='ltr'>loyes</span> 
     </span>
    </p>
   </div>
   <div class='ocr_carea' id='block_1_4' title="bbox 172 3198 1918 3287">
    <p class='ocr_par' dir='ltr' id='par_1_4' title="bbox 172 3198 1918 3287">
     <span class='ocr_line' id='line_1_48' title="bbox 172 3198 1918 3240; baseline 0 -8"><span class='ocrx_word' id='word_1_546' title='bbox 172 3200 233 3232; x_wconf 81' lang='lat' dir='ltr'>AB</span> <span class='ocrx_word' id='word_1_547' title='bbox 250 3200 380 3238; x_wconf 82' lang='lat' dir='ltr'>alitque</span> <span class='ocrx_word' id='word_1_548' title='bbox 397 3208 406 3230; x_wconf 74' lang='grc' dir='ltr'>ε</span> <span class='ocrx_word' id='word_1_549' title='bbox 431 3203 553 3231; x_wconf 81' lang='lat' dir='ltr'>contra</span> <span class='ocrx_word' id='word_1_550' title='bbox 578 3199 665 3240; x_wconf 75' lang='lat' dir='ltr'>leyes</span> <span class='ocrx_word' id='word_1_551' title='bbox 686 3201 850 3240; x_wconf 81' lang='lat' dir='ltr'>pecunias</span> <span class='ocrx_word' id='word_1_552' title='bbox 866 3201 940 3232; x_wconf 84' lang='lat' dir='ltr'><strong>RE.</strong></span> <span class='ocrx_word' id='word_1_553' title='bbox 961 3217 1002 3222; x_wconf 97' lang='lat'><strong>—</strong></span> <span class='ocrx_word' id='word_1_554' title='bbox 1028 3202 1231 3239; x_wconf 73' lang='lat' dir='ltr'>arqumento</span> <span class='ocrx_word' id='word_1_555' title='bbox 1250 3198 1324 3239; x_wconf 86' lang='lat' dir='ltr'>(sic)</span> <span class='ocrx_word' id='word_1_556' title='bbox 1342 3199 1524 3229; x_wconf 76' lang='lat' dir='ltr'>criminum</span> <span class='ocrx_word' id='word_1_557' title='bbox 1539 3199 1610 3230; x_wconf 76' lang='grc' dir='ltr'>ΑΒ.</span> <span class='ocrx_word' id='word_1_558' title='bbox 1633 3216 1671 3222; x_wconf 91' lang='grc'>-</span> <span class='ocrx_word' id='word_1_559' title='bbox 1699 3199 1756 3231; x_wconf 87' lang='grc'>26.</span> <span class='ocrx_word' id='word_1_560' title='bbox 1772 3200 1918 3232; x_wconf 52' lang='lat' dir='ltr'>*luxurie</span> 
     </span>
     <span class='ocr_line' id='line_1_49' title="bbox 173 3244 1915 3287; baseline -0.002 -8"><span class='ocrx_word' id='word_1_561' title='bbox 173 3246 258 3279; x_wconf 81' lang='lat' dir='ltr'>AB:</span> <span class='ocrx_word' id='word_1_562' title='bbox 286 3246 430 3277; x_wconf 70' lang='lat' dir='ltr'>luxuria</span> <span class='ocrx_word' id='word_1_563' title='bbox 455 3245 495 3277; x_wconf 88' lang='lat' dir='ltr'><strong>E.</strong></span> <span class='ocrx_word' id='word_1_564' title='bbox 524 3261 561 3267; x_wconf 90' lang='lat'>—</span> <span class='ocrx_word' id='word_1_565' title='bbox 588 3246 644 3277; x_wconf 89' lang='grc'>28.</span> <span class='ocrx_word' id='word_1_566' title='bbox 671 3244 743 3287; x_wconf 82' lang='lat' dir='ltr'>reo]</span> <span class='ocrx_word' id='word_1_567' title='bbox 771 3254 809 3278; x_wconf 83' lang='lat' dir='ltr'>eo</span> <span class='ocrx_word' id='word_1_568' title='bbox 834 3248 907 3279; x_wconf 82' lang='lat' dir='ltr'><strong>AB.</strong></span> <span class='ocrx_word' id='word_1_569' title='bbox 939 3262 978 3270; x_wconf 89' lang='lat'>-</span> <span class='ocrx_word' id='word_1_570' title='bbox 1004 3244 1060 3277; x_wconf 88' lang='lat'>31.</span> <span class='ocrx_word' id='word_1_571' title='bbox 1088 3246 1248 3277; x_wconf 80' lang='lat' dir='ltr'>videntur</span> <span class='ocrx_word' id='word_1_572' title='bbox 1271 3247 1314 3276; x_wconf 78' lang='grc' dir='ltr'>Α.</span> <span class='ocrx_word' id='word_1_573' title='bbox 1337 3260 1376 3267; x_wconf 89' lang='grc'>-</span> <span class='ocrx_word' id='word_1_574' title='bbox 1403 3244 1459 3277; x_wconf 92' lang='grc'>32.</span> <span class='ocrx_word' id='word_1_575' title='bbox 1485 3245 1667 3278; x_wconf 75' lang='lat' dir='ltr'>multitudo</span> <span class='ocrx_word' id='word_1_576' title='bbox 1692 3249 1740 3278; x_wconf 78' lang='lat' dir='ltr'>est</span> <span class='ocrx_word' id='word_1_577' title='bbox 1764 3255 1782 3279; x_wconf 86' lang='lat' dir='ltr'>e</span> <span class='ocrx_word' id='word_1_578' title='bbox 1807 3246 1915 3279; x_wconf 90' lang='lat' dir='ltr'>Codd.</span> 
     </span>
    </p>
   </div>
   <div class='ocr_carea' id='block_1_5' title="bbox 174 3290 1915 3380">
    <p class='ocr_par' dir='ltr' id='par_1_5' title="bbox 174 3290 1915 3380">
     <span class='ocr_line' id='line_1_50' title="bbox 174 3290 1915 3334; baseline 0.001 -10"><span class='ocrx_word' id='word_1_579' title='bbox 174 3293 256 3333; x_wconf 76' lang='lat' dir='ltr'>aliq.</span> <span class='ocrx_word' id='word_1_580' title='bbox 284 3293 325 3324; x_wconf 90' lang='lat' dir='ltr'><strong>T.</strong></span> <span class='ocrx_word' id='word_1_581' title='bbox 355 3309 393 3315; x_wconf 92' lang='lat'>-—</span> <span class='ocrx_word' id='word_1_582' title='bbox 437 3291 493 3324; x_wconf 87' lang='grc'>33.</span> <span class='ocrx_word' id='word_1_583' title='bbox 520 3290 734 3331; x_wconf 79' lang='lat' dir='ltr'>defensorum</span> <span class='ocrx_word' id='word_1_584' title='bbox 757 3293 830 3324; x_wconf 77' lang='grc' dir='ltr'>ΑΒ.</span> <span class='ocrx_word' id='word_1_585' title='bbox 869 3311 907 3316; x_wconf 96' lang='grc'>-</span> <span class='ocrx_word' id='word_1_586' title='bbox 949 3292 1006 3324; x_wconf 66' lang='grc'>34.</span> <span class='ocrx_word' id='word_1_587' title='bbox 1033 3292 1147 3334; x_wconf 83' lang='lat' dir='ltr'>qualis</span> <span class='ocrx_word' id='word_1_588' title='bbox 1171 3292 1225 3329; x_wconf 85' lang='grc' dir='ltr'>Α,</span> <span class='ocrx_word' id='word_1_589' title='bbox 1266 3291 1382 3331; x_wconf 79' lang='lat' dir='ltr'>quales</span> <span class='ocrx_word' id='word_1_590' title='bbox 1409 3291 1449 3323; x_wconf 88' lang='lat' dir='ltr'><strong>B.</strong></span> <span class='ocrx_word' id='word_1_591' title='bbox 1489 3307 1528 3315; x_wconf 90' lang='lat'>—</span> <span class='ocrx_word' id='word_1_592' title='bbox 1566 3291 1624 3324; x_wconf 88' lang='grc'>38.</span> <span class='ocrx_word' id='word_1_593' title='bbox 1651 3292 1714 3324; x_wconf 82' lang='lat' dir='ltr'>Sin</span> <span class='ocrx_word' id='word_1_594' title='bbox 1746 3293 1808 3324; x_wconf 83' lang='lat' dir='ltr'>illa</span> <span class='ocrx_word' id='word_1_595' title='bbox 1839 3301 1915 3325; x_wconf 87' lang='lat' dir='ltr'>cum</span> 
     </span>
     <span class='ocr_line' id='line_1_51' title="bbox 175 3337 1840 3380; baseline -0.001 -8"><span class='ocrx_word' id='word_1_596' title='bbox 175 3339 270 3373; x_wconf 79' lang='lat' dir='ltr'>libris</span> <span class='ocrx_word' id='word_1_597' title='bbox 293 3340 409 3380; x_wconf 85' lang='lat' dir='ltr'>(etiam</span> <span class='ocrx_word' id='word_1_598' title='bbox 434 3338 507 3375; x_wconf 81' lang='lat' dir='ltr'>AB)</span> <span class='ocrx_word' id='word_1_599' title='bbox 533 3339 583 3371; x_wconf 84' lang='lat' dir='ltr'>R:</span> <span class='ocrx_word' id='word_1_600' title='bbox 609 3337 673 3371; x_wconf 77' lang='lat' dir='ltr'>Sin</span> <span class='ocrx_word' id='word_1_601' title='bbox 697 3339 734 3371; x_wconf 82' lang='lat' dir='ltr'>in</span> <span class='ocrx_word' id='word_1_602' title='bbox 757 3339 821 3371; x_wconf 81' lang='lat' dir='ltr'>illa</span> <span class='ocrx_word' id='word_1_603' title='bbox 846 3339 1035 3373; x_wconf 85' lang='lat' dir='ltr'>Ernestius.</span> <span class='ocrx_word' id='word_1_604' title='bbox 1064 3354 1104 3361; x_wconf 93' lang='lat'>—</span> <span class='ocrx_word' id='word_1_605' title='bbox 1129 3338 1359 3372; x_wconf 76' lang='lat' dir='ltr'>videanturne</span> <span class='ocrx_word' id='word_1_606' title='bbox 1383 3337 1456 3370; x_wconf 86' lang='grc' dir='ltr'>ΑΒ.</span> <span class='ocrx_word' id='word_1_607' title='bbox 1485 3355 1525 3362; x_wconf 95' lang='grc'>-</span> <span class='ocrx_word' id='word_1_608' title='bbox 1550 3338 1608 3372; x_wconf 88' lang='grc'>39.</span> <span class='ocrx_word' id='word_1_609' title='bbox 1632 3337 1675 3380; x_wconf 77' lang='lat' dir='ltr'>si]</span> <span class='ocrx_word' id='word_1_610' title='bbox 1701 3347 1745 3372; x_wconf 82' lang='lat' dir='ltr'>ne</span> <span class='ocrx_word' id='word_1_611' title='bbox 1768 3339 1840 3372; x_wconf 75' lang='lat' dir='ltr'><strong>AB.</strong></span> 
     </span>
    </p>
   </div>
  </div>
 </body>
</html>
