2117 3762
256 252 339 295 358
1036 246 1234 289 BRUTUS

259 360 480 402 severitate
510 357 691 400 iudicum
720 351 954 397 vindicavit.
1013 351 1095 393 Sed
1125 351 1201 393 fuit
1236 357 1409 408 uterque
1448 365 1633 393 summus
1672 355 1836 394 orator:
1888 357 2009 407 atque

257 421 338 465 hoc
377 421 578 464 memoria
615 423 779 474 patrum
818 420 921 457 teste
951 412 1139 458 dicimus.
1200 417 1290 456 104.
1335 418 1436 456 Nam
1469 419 1510 455 et
1540 413 1738 455 Carbonis
1770 418 1810 454 et
1842 415 2013 456 Gracchi

257 487 457 527 hahemus
488 483 697 525 orationes
726 478 909 521 nondum
941 479 1036 519 satis
1067 476 1304 531 splendidas
1341 478 1503 525 verbis,
1556 478 1627 517 sed
1658 481 1796 517 acutas
1826 479 2007 529 pruden-

259 550 424 603 tiaeque
453 543 722 602 plenissimas.
780 541 873 582 Fuit
915 541 1125 583 Gracchus
1165 540 1379 594 diligentia
1410 538 1628 580 Corneliae
1659 538 1800 580 matris
1831 552 1855 579 a
1884 552 2013 594 puero

230 609 405 651 sdoctus
448 614 488 649 et
525 607 690 648 Graecis
729 604 878 646 litteris
920 603 1119 645 eruditus.
1180 604 1285 644 Nam
1330 616 1496 658 semper
1539 601 1683 643 habuit
1727 602 1955 656 exquisitos
1992 615 2015 642 e

262 673 434 713 Graecia
462 671 704 722 magistros,
735 669 778 709 in
810 669 869 708 eis
890 668 971 708 iam
992 665 1235 707 adolescens
1256 666 1513 720 Diophanem
1534 665 1825 720 Mytilenaeum
1843 695 1853 713 ,
1889 665 2016 706 Grae-

260 734 345 776 ciae
376 731 636 785 temporibus
666 730 747 771 illis
778 729 1105 771 disertissimum.
1167 728 1247 768 Sed
1278 728 1315 768 ei
1337 730 1462 770 breve
1484 734 1643 783 tempus
1663 726 1820 782 ingenii
1839 725 2017 781 augendi

261 802 300 838 et
330 795 566 837 declarandi
595 792 688 834 suit.
752 794 844 833 105.
891 793 1047 838 Carbo,
1093 789 1205 846 quod
1246 790 1329 830 vita
1366 791 1666 847 suppeditavit,
1714 791 1848 831 estin
1877 789 2016 831 multis

259 857 423 900 iudiciis
453 856 668 910 causisque
698 854 900 910 cognitus.
960 855 1081 895 Hunc
1111 852 1182 908 qui
1212 852 1430 893 audierant
1457 856 1682 908 prudentes
1716 853 1928 900 homines,
1974 851 2018 892 in

212 933 248 959 10
261 919 410 976 quihus
441 918 657 960 familiaris
685 922 828 959 noster
856 919 904 957 L.
933 916 1111 964 Gellius,
1162 917 1232 970 qui
1263 929 1306 956 se
1338 915 1395 956 illi
1427 916 1766 957 contubernalem
1798 916 1840 955 in
1871 927 2021 956 consu-

260 986 346 1025 latu
388 983 516 1024 fuisse
556 982 776 1029 narrabat,
827 992 1026 1020 canorum
1071 983 1282 1020 oratorem
1323 983 1363 1018 et
1401 977 1628 1019 volubilem
1668 983 1708 1019 ct
1744 979 1841 1019 satis
1882 989 2020 1018 acrem

259 1051 383 1102 atque
422 1043 599 1087 eundem
635 1049 676 1087 et
716 1046 1004 1085 vehementem
1043 1048 1083 1083 et
1121 1040 1241 1083 valde
1291 1039 1453 1081 dulcem
1500 1045 1541 1081 et
1584 1040 1839 1096 perfacetum
1889 1038 2016 1081 fuisse

261 1108 449 1150 dicebat:
499 1109 677 1149 addebat
714 1106 964 1148 industrium
1004 1103 1128 1146 etiam
1160 1109 1199 1145 et
1230 1102 1469 1155 diligentem
1501 1108 1541 1144 et
1577 1103 1620 1143 in
1656 1102 2020 1144 exercitationibus

262 1170 764 1223 commentationibusque
809 1167 983 1209 multum
1029 1180 1183 1220 operae
1227 1165 1391 1207 solitum
1438 1178 1528 1206 esse
1572 1178 1742 1220 ponere.
1805 1167 1896 1206 106.
1943 1165 2020 1205 Hic

211 1242 247 1268 1⁵
263 1235 442 1289 optimus
486 1233 567 1274 illis
607 1229 866 1285 temporibus
906 1235 968 1271 est
1010 1235 1209 1285 patronus
1253 1228 1438 1275 habitus,
1489 1241 1623 1282 eoque
1669 1226 1807 1269 forum
1853 1233 2020 1268 tenente

262 1296 381 1352 plura
420 1294 513 1337 fieri
547 1294 701 1336 iudicia
738 1297 978 1348 coeperunt.
1037 1294 1140 1332 Nam
1181 1296 1221 1332 et
1261 1291 1525 1346 quaestiones
1560 1296 1786 1346 perpetuae
1816 1289 1894 1331 hoc
1924 1291 2024 1331 ado-

262 1361 445 1400 lescente
477 1359 723 1399 constitutae
753 1361 872 1404 sunt,
906 1369 1012 1411 quae
1043 1360 1163 1395 antea
1193 1354 1329 1394 nullae
1358 1353 1547 1403 suerunt;
1589 1355 1636 1394 L.
1661 1352 1770 1394 enim
1802 1353 1920 1401 Piso,
1952 1352 2026 1392 tri-

264 1425 399 1464 bunus
437 1423 524 1477 pL,
576 1420 710 1475 legem
750 1420 907 1474 primus
949 1420 999 1459 de
1037 1417 1225 1473 pecuniis
1255 1416 1495 1472 repetundis
1527 1417 1755 1457 Censorino
1788 1419 1828 1456 et
1856 1414 2024 1456 Manilio

267 1485 508 1526 consulibus
538 1484 654 1533 tulit3
697 1481 798 1536 (ipse
830 1483 953 1523 etiam
984 1482 1077 1522 Piso
1109 1485 1150 1521 et
1179 1494 1321 1522 causas
1353 1481 1436 1534 egit
1467 1485 1508 1520 et
1537 1479 1758 1520 multarum
1788 1480 1927 1533 legum
1956 1482 2026 1518 aut

214 1556 251 1582 2⁰
266 1552 413 1589 auctor
442 1551 512 1588 aut
542 1545 754 1587 dissuasor
782 1543 882 1586 suit:
920 1545 1038 1600 isque
1071 1548 1112 1585 et
1143 1545 1352 1585 orationes
1382 1542 1568 1598 reliquit,
1601 1555 1705 1597 quae
1735 1541 1817 1583 iam
1847 1555 2028 1582 evanue-

265 1615 382 1658 runt,
416 1615 457 1651 et
485 1611 654 1650 annales
685 1621 784 1650 sane
815 1606 979 1648 exiliter
1009 1605 1236 1662 scriptos3)
1270 1612 1311 1647 et
1337 1605 1491 1646 iudicia
1512 1605 1680 1659 populi,
1714 1606 1863 1659 quibus
1885 1604 2028 1644 aderat

267 1672 423 1721 Carbo,
454 1674 537 1714 iam
568 1673 699 1726 magis
730 1676 953 1725 patronum
983 1669 1302 1717 desiderabant,
1335 1667 1487 1710 tabella
1516 1667 1628 1719 data;
1660 1681 1782 1724 quam
1813 1669 1948 1721 legem
1978 1668 2024 1707 L.

267 1737 429 1779 Cassius
461 1736 621 1788 Lepido
653 1740 693 1776 et
721 1734 914 1776 Mancino
948 1732 1189 1774 consulibus
1218 1731 1324 1772 tulit.

377 1800 570 1841 XXVIII.
608 1800 702 1839 107.
754 1799 904 1838 Vester
944 1798 1067 1837 etiam
1103 1798 1152 1836 D.
1188 1798 1363 1842 Brutus,
1409 1796 1464 1835 M.
1498 1792 1628 1841 filius,
1676 1797 1723 1833 ut
1754 1807 1807 1833 ex
1834 1791 2029 1834 familiari

216 1869 252 1895 2⁵
267 1862 355 1903 eius
384 1864 431 1903 L.
455 1862 580 1902 Accio
611 1865 736 1916 poeta
765 1873 856 1901 sum
887 1860 1031 1900 audire
1062 1858 1227 1907 solitus,
1262 1863 1302 1899 et
1332 1857 1471 1898 dicere
1502 1870 1585 1897 non
1615 1855 1767 1896 inculte
1797 1854 1958 1896 solebat
1988 1859 2029 1895 et

268 1930 355 1966 erat
383 1938 477 1966 cum
506 1923 655 1965 litteris
684 1921 841 1963 Latinis
870 1926 958 1962 tum
996 1922 1121 1961 etiam
1153 1922 1318 1962 Graecis
1349 1926 1393 1961 ut
1424 1918 1681 1972 temporibus
1711 1918 1791 1959 illis
1823 1919 2023 1959 eruditus.

268 1989 384 2037 Quae
415 1985 629 2028 tribuebat
657 1985 769 2026 idem
799 1986 948 2026 Accius
979 1984 1101 2025 etiam
1132 1984 1181 2032 Q.
1204 1982 1405 2030 Maximo,
1439 1985 1486 2023 L.
1511 1983 1640 2023 Paulli
1670 1980 1832 2035 nepoti:
1866 1986 1906 2021 et
1926 1994 2026 2022 vero

268 2056 362 2092 ante
384 2051 630 2097 Maximum,
661 2050 780 2090 illum
804 2047 1065 2101 Scipionem,
1098 2059 1181 2100 quo
1213 2044 1317 2086 duce
1347 2046 1510 2099 privato
1541 2044 1601 2086 Ti.
1627 2044 1836 2083 Gracchus
1869 2043 2028 2083 occisus

269 2118 400 2162 esset,
434 2127 528 2155 cum
560 2110 753 2153 omnibus
783 2110 827 2151 in
855 2112 984 2151 rebus
1014 2111 1302 2150 vehementem
1333 2114 1419 2148 tum
1452 2120 1589 2147 acrem
1620 2104 1756 2146 aicbat
1784 2107 1827 2145 in
1849 2106 2025 2146 dicendo

218 2176 408 2218 sosuisse.
470 2177 562 2220 108.
606 2178 711 2216 Tum
752 2175 876 2215 etiam
915 2175 960 2213 P.
995 2171 1194 2213 Lentulus
1237 2171 1306 2212 ille
1350 2170 1542 2225 princeps
1587 2170 1639 2209 ad
1683 2182 1773 2209 rem
1818 2169 2029 2222 publicam

268 2242 482 2281 dumtaxat
512 2240 624 2294 quod
655 2251 759 2291 opus
791 2241 899 2278 essct
928 2236 1026 2276 satis
1057 2233 1249 2275 babuisse
1282 2232 1541 2287 eloquentiae
1574 2230 1746 2280 dicitur;
1796 2230 2028 2286 iisdemque

267 2302 527 2357 temporibus
559 2303 603 2342 L.
625 2301 773 2342 Furius
802 2298 941 2339 Philus
971 2299 1154 2353 perbene
1186 2296 1329 2337 Latine
1351 2295 1464 2350 loqui
1487 2296 1709 2349 putabatur
1727 2293 2029 2349 litteratiusque

268 2379 392 2420 quam
423 2364 574 2413 ceteri3
607 2365 650 2403 P.
675 2361 875 2403 Scaevola
905 2362 1026 2401 valde
1056 2362 1282 2415 prudenter
1313 2364 1353 2399 et
1384 2364 1523 2405 acute,
1562 2356 1701 2410 paullo
1733 2357 1855 2397 etiam
1888 2355 2031 2409 copio-

269 2429 373 2478 sius;
421 2441 498 2468 nec
528 2427 660 2467 multo
691 2425 826 2465 minus
855 2425 1083 2478 prudenter
1111 2424 1176 2463 Μ’.
1208 2421 1412 2463 Manilius.
1474 2420 1597 2476 Appii
1628 2420 1785 2461 Claudii
1814 2418 2026 2467 volubilis,

219 2495 254 2524 3⁵
271 2489 344 2532 sed
382 2489 520 2545 paullo
567 2488 769 2530 fervidior
809 2492 897 2527 erat
935 2485 1083 2526 oratio.
1146 2487 1189 2525 In
1230 2484 1368 2539 aliquo
1407 2497 1581 2525 numero
1621 2482 1743 2524 etiam
1773 2485 1828 2524 M.
1861 2483 2029 2522 Fulvius

268 2553 436 2595 Flaccus
479 2558 518 2594 et
558 2553 602 2593 C.
638 2553 761 2597 Cato,
808 2548 989 2591 Africani
1034 2549 1189 2589 sororis
1232 2547 1366 2596 filius,
1416 2548 1650 2588 mediocres
1694 2550 1903 2595 oratores3
1952 2547 2028 2585 etsi

268 2615 403 2657 Flacci
441 2614 593 2668 scripta
632 2618 750 2661 sunt,
799 2614 871 2652 sed
900 2616 946 2652 ut
977 2611 1149 2651 studiosi
1188 2609 1435 2651 litterarum.
1497 2610 1629 2651 Flacci
1667 2613 1802 2649 autem
1843 2608 2029 2648 aemulus

269 2681 315 2719 P.
348 2679 498 2719 Decius
527 2676 624 2723 fuit,
665 2689 749 2717 non
779 2674 912 2715 infans
942 2674 1012 2715 ille
1044 2675 1228 2728 quidem,
1271 2674 1342 2713 sed
1372 2678 1417 2713 ut
1448 2672 1552 2720 vita,
1595 2673 1653 2712 sic
1685 2672 1873 2711 oratione
1906 2671 2028 2710 etiam

270 2742 548 2782 turbulentus.
614 2740 705 2779 109.
749 2740 805 2779 M.
835 2740 1017 2784 Drusus,
1066 2737 1109 2780 C.
1140 2738 1213 2783 F..
1261 2735 1331 2791 qui
1369 2735 1411 2776 iu
1449 2734 1659 2776 tribunatu
1694 2735 1737 2776 C.
1771 2734 2025 2780 Gracchum,

221 2807 256 2832 ‘⁴0
273 2803 493 2857 collegam,
525 2801 677 2843 iterum
708 2799 940 2845 tribunum,
972 2797 1115 2852 fregit,
1149 2797 1214 2839 vir
1244 2803 1285 2838 et
1316 2799 1503 2838 oratione
1534 2796 1668 2850 gravis
1700 2801 1740 2837 et
1769 2797 2027 2842 auctoritate,

273 2868 393 2923 eique
439 2864 630 2922 proxime
675 2866 891 2905 adiunctus
939 2863 980 2904 C.
1009 2864 1167 2903 Drusus
1211 2859 1340 2901 frater
1382 2859 1471 2900 suit.
1530 2861 1641 2900 Tuus
1679 2860 1802 2900 etiam
1843 2857 2027 2913 gentilis,

273 2977 2030 2994 ————.—-—.-—-——--—-—-———-——————-—-

363 3064 397 3095 2,
425 3064 509 3095 haec
534 3063 578 3093 Ι).
608 3060 675 3092 Gu.
696 3061 729 3092 1.
751 3060 784 3090 2.
813 3058 939 3090 Dresd.
968 3057 1084 3090 Peter.
1114 3057 1174 3087 Est
1199 3065 1341 3097 prorsus
1369 3057 1489 3088 vitiosa
1516 3055 1792 3088 accommodatio
1812 3055 1854 3086 ad
1873 3054 1941 3086 abl.
1961 3062 2029 3084 me-

273 3112 398 3141 moria.
429 3128 464 3133 -
495 3110 528 3141 7.
556 3110 585 3141 ei
603 3107 812 3140 Lambinus:
841 3110 870 3137 et
891 3113 966 3137 cum
987 3105 1082 3135 libris
1102 3103 1176 3134 RE.
1211 3121 1249 3126 —-
1279 3104 1312 3134 8.
1341 3102 1446 3143 quod]
1474 3113 1541 3144 quo
1561 3104 1637 3134 libri
1657 3103 1728 3135 sere
1747 3111 1887 3139 omnes,
1913 3101 2029 3141 quoad

274 3156 334 3196 Lg.
362 3156 417 3187 35.
445 3157 530 3189 Ven.
553 3156 587 3187 2.
615 3156 658 3188 R.
686 3152 893 3186 Emendavit
917 3151 1038 3183 Aldus.
1070 3168 1107 3173 —
1138 3150 1194 3182 13.
1221 3151 1381 3182 dicebant
1399 3167 1411 3171 -
1429 3166 1441 3171 -
1467 3151 1642 3182 addebant
1669 3158 1745 3181 cum
1765 3149 1886 3180 Lamb.
1907 3149 1940 3178 in
1959 3156 2025 3187 mg.

273 3203 413 3241 Repett.
432 3203 544 3234 Peter.
579 3220 623 3224 —-
660 3202 717 3233 25.
746 3200 840 3231 Attio
867 3200 901 3230 h.
931 3198 952 3229 Ι.
982 3202 1015 3229 et
1041 3197 1173 3236 ubique
1201 3197 1242 3228 E.
1272 3213 1312 3218 —
1344 3197 1400 3227 27.
1429 3198 1603 3228 tribuerat
1630 3196 1739 3228 Codd.
1761 3197 1859 3235 longe.
1886 3195 2027 3232 plurimi

275 3253 309 3281 et
333 3249 375 3279 R.
404 3248 609 3282 Ernendavit
634 3249 660 3280 Ε
688 3257 705 3279 e
732 3246 842 3278 Codd.
871 3246 954 3285 Reg.
981 3244 1215 3281 Lallemandi‚
1243 3244 1444 3283 habentque
1471 3247 1519 3275 sic
1544 3244 1602 3284 Lg.
1630 3244 1686 3274 51.
1714 3243 1801 3273 Ven.
1831 3243 1862 3272 1.
1894 3258 1931 3263 -
1972 3241 2028 3272 34.

274 3295 333 3328 Μ’.
352 3294 521 3327 Manilius
539 3305 621 3326 nos:
649 3294 700 3326 M.
723 3293 890 3327 Manilius
918 3301 995 3324 cum
1015 3291 1108 3323 libris
1128 3291 1200 3322 RE.
1239 3307 1275 3312 ——
1321 3290 1377 3322 35.
1408 3292 1522 3322 oratio
1540 3294 1614 3322 erat
1641 3290 1684 3320 D.
1705 3289 1770 3321 Gu.
1792 3289 1824 3318 1.
1848 3288 1880 3317 2.
1903 3287 2028 3320 Dresd.

275 3342 318 3374 R.
336 3359 378 3364 —
403 3341 462 3373 40.
489 3340 591 3383 fregit
616 3341 755 3375 Victore
781 3341 907 3373 Pisano
934 3343 968 3373 et
994 3338 1145 3371 Corrado
1172 3341 1313 3371 auctore
1341 3346 1402 3380 ego
1430 3343 1463 3370 et
1488 3337 1540 3370 T:
1569 3336 1648 3378 fecit
1674 3344 1751 3368 cum
1778 3334 1872 3367 libris
1898 3333 1972 3367 RE.
