2117 3762
735 273 832 312 LlB.
866 272 935 312 111.
996 272 1038 316 C.
1071 275 1110 314 9.
1147 275 1211 314 10.
1250 276 1313 315 11.
1818 280 1893 319 301

145 380 187 420 in
226 384 425 432 utroque,
478 378 588 433 quod
627 376 841 431 utriusque
883 383 1024 418 natura
1064 385 1290 432 pateretur.
1351 381 1402 421 X.
1435 381 1502 420 37.
1551 380 1663 421 Ilaec
1706 394 1756 422 eo
1798 383 1894 423 mihi

146 441 422 494 praedicenda
454 440 637 486 suerunt,
678 445 742 486 ut,
775 440 809 480 si
840 454 921 481 non
955 443 1116 489 omnia,
1162 456 1266 498 quac
1297 449 1627 497 proponerentur
1657 456 1678 483 a
1710 456 1797 489 me.
1847 446 1896 483 ad

147 505 329 544 omnium
375 505 554 545 vestrum
601 500 779 542 studium
826 509 865 542 et
901 506 949 544 ad
992 519 1120 557 genus
1160 504 1217 550 id,
1269 504 1379 559 quod
1419 505 1591 560 quisque
1631 507 1813 546 vestrum
1857 506 1896 544 in

146 565 319 607 dicendo
365 567 581 620 probaret,
631 562 996 615 adhaerescerent,
1050 567 1089 608 id
1120 581 1142 608 a
1173 581 1236 608 me
1275 581 1402 621 genus
1444 567 1622 623 exprimi
1664 567 1897 616 sentiretis,

146 630 255 683 quod
288 629 465 668 maxime
496 626 595 666 mihi
628 626 705 678 ipsi
739 625 1000 678 probaretur.
1916 649 1930 674 ⁵

255 692 366 744 Ergo
397 692 496 730 haec
527 693 567 729 et
596 686 754 740 agenda
785 696 877 729 sunt
908 693 958 730 ab
991 697 1171 738 oratore,
1204 705 1308 746 quae
1339 692 1561 748 explicavit
1591 693 1816 742 Antonius,
1861 700 1901 734 et

146 751 319 793 dicenda
363 753 541 807 quodam
580 752 719 790 modo.
783 752 958 800 Quinam
1000 755 1127 808 igitur
1166 752 1328 794 dicendi
1371 761 1433 795 est
1478 755 1624 797 modus
1668 756 1817 798 melior
1847 780 1900 787 —

145 829 237 856 nam
269 814 319 856 de
351 814 512 856 actione
543 818 636 867 post
666 812 809 854 videro
842 838 918 863 —,
962 830 1085 871 quam
1117 821 1161 856 ut
1191 817 1357 865 Latine,
1398 823 1442 858 ut
1474 820 1618 871 plane,
1659 824 1704 859 ut
1733 826 1899 870 ornate,

145 882 188 917 ut
216 875 265 918 ad
297 878 360 924 id,
395 874 672 931 quodcunque
703 882 869 929 agetur,
905 884 998 931 apte
1031 884 1391 933 congruenterque
1419 881 1630 922 dicamus?
1662 883 1730 923 38.
1765 884 1897 938 Atque

145 952 288 980 eorum
319 937 508 993 quidem,
553 952 657 993 quae
688 941 769 980 ‹luo
802 941 931 993 prima
963 941 1068 988 dixi,
1107 943 1308 982 rationem
1339 955 1420 982 non
1451 943 1630 985 arbitror
1661 945 1950 1000 exspectarim

143 1015 166 1041 a
207 1014 270 1041 me
310 1002 403 1055 puri
443 1001 694 1056 dilucidique
735 1004 953 1043 sermonis.
1015 1005 1159 1058 Neque
1205 1005 1313 1043 enim
1364 1017 1562 1046 conamur
1607 1007 1759 1047 docere
1804 1022 1899 1049 eum

143 1063 307 1111 dicere,
356 1064 425 1119 qui
466 1063 579 1117 loqui
620 1065 793 1113 nesciat;
845 1077 920 1105 nec
958 1077 1151 1119 sperare,
1201 1065 1271 1119 qui
1312 1065 1454 1107 Latine
1485 1081 1567 1107 non
1601 1070 1747 1122 possit,
1793 1072 1899 1111 hunc

142 1131 285 1166 ornate
316 1139 406 1166 esse
437 1125 663 1175 dicturum3
715 1139 849 1180 neque
880 1140 1005 1175 vero,
1056 1128 1126 1181 qui
1157 1140 1241 1168 non
1272 1127 1400 1176 dicat,
1446 1132 1557 1184 quod
1594 1130 1895 1187 intelligamus,

141 1189 249 1229 hunc
288 1201 433 1243 posse,
486 1191 594 1243 quod
638 1189 911 1236 admiremur,
963 1188 1116 1230 dicere.
1176 1191 1428 1246 Linquamus
1468 1192 1592 1246 igitur
1621 1196 1743 1243 haec,
1794 1210 1899 1250 quae

141 1249 422 1303 cognitionem
455 1250 607 1291 habent
637 1251 823 1297 facilem,
871 1265 991 1292 usum
1030 1252 1322 1293 necessarium.
1385 1255 1487 1294 Nam
1518 1254 1691 1297 alterum
1724 1258 1899 1299 traditur
1921 1273 1948 1298 ιε

141 1310 287 1353 litteris
319 1312 589 1368 doctrinaque
621 1313 797 1367 puerili3
831 1313 1005 1354 alterum
1035 1313 1256 1356 adhibetur
1286 1317 1340 1357 ob
1373 1329 1462 1356 eam
1494 1329 1678 1366 causam,
1710 1326 1755 1360 ut
1784 1320 1902 1363 intel-

140 1373 311 1427 ligatur,
345 1376 442 1430 quid
474 1377 650 1430 quisque
671 1374 803 1425 dicat3
837 1378 947 1431 quod
970 1378 1156 1418 videmus
1178 1378 1234 1418 ita
1255 1391 1343 1419 esse
1364 1379 1639 1421 necessarium
1656 1413 1666 1429 ,
1700 1388 1743 1424 ut
1764 1387 1900 1425 tamen

142 1451 192 1478 eo
224 1439 357 1478 minus
388 1437 491 1478 nihil
520 1452 609 1479 esse
638 1438 782 1493 possit.
844 1440 912 1479 39.
962 1440 1043 1480 Sed
1081 1441 1215 1481 omnis
1253 1440 1451 1496 loquendi
1482 1443 1708 1496 elegantia,
1760 1459 1901 1499 quam-

141 1513 264 1555 quam
296 1499 504 1554 expolitur
534 1500 703 1542 scientia
735 1500 988 1549 litterarum,
1023 1508 1158 1543 tamen
1189 1508 1365 1556 augetur
1395 1503 1579 1557 legendis
1602 1506 1838 1549 oratoribus
1862 1515 1902 1550 et

141 1564 287 1618 po'etis.
348 1565 451 1604 Sunt
481 1562 589 1603 euim
620 1562 678 1603 illi
710 1567 897 1611 veteres,
951 1564 1022 1617 qui
1052 1577 1202 1605 ornare
1235 1567 1419 1606 nondum
1450 1571 1640 1621 poterant
1669 1583 1741 1618 ea,
1795 1585 1899 1627 quae
1916 1585 1950 1610 20

142 1624 357 1672 dicebant,
389 1637 533 1666 omnes
563 1637 695 1679 prope
727 1624 937 1677 praeclare
968 1624 1119 1675 locuti;
1153 1640 1330 1680 quorum
1361 1641 1552 1670 sermone
1584 1631 1801 1674 assuefacti
1829 1635 1899 1689 qui

142 1692 280 1734 erunt,
327 1701 379 1727 ne
420 1686 632 1742 cupientes
671 1687 838 1742 quidem
880 1692 1075 1743 poterunt
1111 1688 1227 1743 loqui
1256 1691 1336 1731 nisi
1366 1692 1526 1732 Latine.
1589 1695 1731 1749 Neque
1762 1701 1899 1737 tamen

142 1749 220 1791 erit
250 1751 446 1791 utendum
479 1749 616 1791 verbis
647 1749 720 1798 iis,
763 1750 913 1804 quibus
943 1750 1026 1791 iam
1057 1754 1313 1794 consuetudo
1344 1759 1485 1795 nostra
1516 1769 1598 1796 non
1628 1759 1779 1807 utitur,
1822 1759 1900 1800 nisi

141 1815 306 1868 quando
330 1811 505 1852 ornandi
526 1825 646 1853 causa
667 1826 789 1867 parce
805 1844 815 1861 ,
850 1812 878 1865 †
900 1811 1011 1868 quod
1033 1816 1272 1865 ostendam3
1307 1815 1376 1856 sed
1398 1816 1555 1859 usitatis
1576 1818 1631 1860 ita
1653 1823 1805 1873 poterit
1827 1823 1900 1870 uti,

140 1875 372 1917 lectissimis
402 1880 448 1916 ut
476 1880 614 1916 utatur
645 1874 700 1922 is,
733 1875 804 1930 qui
835 1877 878 1915 in
908 1874 1119 1917 veteribus
1152 1878 1229 1917 erit
1259 1878 1422 1932 scriptis
1454 1881 1638 1922 studiose
1669 1888 1709 1923 et
1729 1885 1899 1925 multum
1916 1896 1949 1921 25

140 1939 363 1980 volutatus.
423 1938 498 1978 XI.
530 1939 597 1978 40.
648 1939 807 1992 Atque,
856 1941 901 1978 ut
931 1938 1074 1978 Latine
1105 1938 1345 1993 loquamur,
1395 1955 1479 1982 non
1510 1942 1642 1985 solum
1674 1944 1900 1987 videndum

141 2006 221 2049 est,
253 2006 299 2042 ut
328 2006 369 2042 et
397 1998 524 2043 verba
555 1999 775 2041 efferamus
806 2013 876 2048 ea,
908 2013 1014 2055 quac
1043 2014 1168 2042 nemo
1198 2001 1287 2043 iure
1319 2006 1617 2058 reprehendat;
1649 2012 1689 2048 et
1715 2021 1762 2049 ea
1783 2008 1841 2050 sic
1862 2014 1903 2049 et

142 2064 305 2105 casibus
344 2067 386 2104 et
422 2062 684 2117 temporibus
718 2068 758 2103 et
789 2076 941 2117 genere
982 2069 1022 2103 et
1057 2076 1230 2105 numero
1276 2079 1595 2117 conservemus,
1646 2074 1690 2111 ut
1718 2084 1770 2111 ne
1802 2070 1900 2125 quid

140 2127 426 2182 perturbatum
472 2139 519 2166 ac
563 2126 802 2179 discrepans
842 2130 913 2166 aut
948 2131 1263 2180 praeposterum
1301 2128 1374 2177 sit;
1425 2129 1497 2170 sed
1540 2132 1662 2171 etiam
1692 2130 1832 2186 lingua
1862 2137 1903 2174 et

141 2188 308 2244 spiritus
349 2194 390 2229 et
430 2187 543 2228 vocis
581 2201 707 2229 sonus
739 2193 800 2229 est
830 2187 917 2243 ipse
949 2190 1241 2231 moderandus.
1300 2191 1367 2232 [41.
1399 2191 1504 2233 Nolo
1536 2195 1711 2248 exprimi
1743 2194 1898 2237 litteras
1915 2208 1950 2233 ³0

140 2251 347 2307 putidius,
394 2251 492 2292 nolo
539 2249 754 2292 obscurari
796 2251 1097 2305 negligentius;
1150 2251 1246 2293 nolo
1292 2255 1420 2295 verba
1464 2254 1629 2297 exiliter
1672 2258 1901 2300 exanimata

144 2313 280 2362 exire,
310 2313 410 2355 nolo
440 2311 579 2354 inssata
612 2319 651 2355 et
681 2315 797 2368 quasi
828 2314 1017 2355 anhelata
1048 2314 1229 2369 gravius.
1290 2317 1394 2356 Nam
1425 2318 1474 2358 de
1506 2331 1607 2360 voce
1638 2322 1821 2362 nondum
1853 2335 1901 2362 ea

143 2378 258 2424 dico,
291 2390 398 2432 quae
430 2380 525 2417 sunt
555 2375 750 2423 actionis,
783 2378 855 2417 sed
877 2375 976 2424 hoc,
1010 2379 1122 2431 quod
1146 2378 1247 2418 mihi
1270 2392 1363 2420 cum
1384 2393 1577 2422 sermone
1597 2384 1712 2438 quasi
1733 2383 1901 2425 coniun-

142 2444 252 2480 ctum
290 2439 468 2481 videtur.
530 2439 634 2479 Sunt
669 2439 777 2478 enim
817 2444 927 2479 certa
967 2438 1087 2487 vitia,
1139 2453 1244 2495 quae
1283 2455 1406 2484 nemo
1447 2450 1526 2493 est,
1575 2445 1673 2499 quin
1717 2445 1898 2501 effugere

142 2502 303 2556 cupiat3
352 2500 488 2542 mollis
526 2513 610 2541 vox
649 2505 718 2541 aut
748 2499 963 2542 muliebris
993 2506 1063 2542 aut
1092 2504 1209 2557 quasi
1242 2510 1358 2546 extra
1388 2508 1557 2547 modum
1589 2509 1745 2549 absona
1775 2515 1896 2563 atque
1914 2518 1947 2543 ³⁵

143 2564 336 2605 absurda.
396 2566 463 2604 [42.
496 2565 567 2604 Est
587 2567 722 2603 autem
746 2564 912 2611 vitium,
944 2565 1055 2617 quod
1077 2565 1263 2606 nonnulli
1285 2568 1336 2608 de
1364 2569 1564 2610 industria
1597 2575 1897 2614 consectantur.

143 2628 308 2668 Rustica
337 2639 419 2668 vox
450 2631 491 2667 et
520 2624 696 2679 agrestis
726 2627 927 2680 quosdam
959 2628 1155 2675 delectat,
1190 2641 1273 2682 quo
1294 2629 1424 2683 magis
1445 2631 1753 2687 antiquitatem,
1787 2633 1820 2674 si
1842 2635 1899 2675 ita

144 2694 284 2736 sonet,
316 2702 461 2730 eorum
482 2702 618 2730 sermo
641 2688 819 2729 retinere
840 2687 1050 2739 videatur3
1083 2695 1127 2730 ut
1148 2695 1259 2740 tuus,
1297 2693 1460 2742 Catule,
1494 2695 1667 2743 sodalis,
1702 2698 1745 2739 L,
1768 2697 1897 2744 Cotta,

145 2753 324 2804 gaudere
367 2750 466 2791 mihi
506 2749 672 2791 videtur
709 2750 908 2803 gravitate
947 2752 1113 2805 linguae
1154 2766 1340 2809 sonoque
1381 2757 1494 2797 vocis
1524 2759 1673 2809 agresti
1704 2763 1744 2798 et
1773 2757 1897 2806 illud,

146 2813 257 2869 quod
278 2813 481 2869 loquitur,
514 2813 695 2867 priscum
716 2812 849 2854 visum
879 2813 929 2854 iri
961 2820 1100 2868 putat,
1134 2814 1169 2856 si
1199 2816 1318 2871 plane
1347 2815 1473 2859 fuerit
1506 2819 1772 2861 rusticanum.
1834 2823 1899 2862 Me
1913 2829 1950 2855 (ιο

145 2881 280 2917 autem
305 2881 398 2918 tuus
419 2890 544 2917 sonus
566 2881 606 2917 et
626 2874 828 2916 subtilitas
859 2875 935 2918 ista
966 2877 1162 2927 delectat,
1197 2879 1342 2921 omitto
1372 2883 1620 2929 verborum,
1653 2895 1900 2938 quamquam

148 2944 209 2980 est
238 2944 381 2993 caput;
426 2951 569 2979 verum
600 2937 642 2979 id
673 2937 790 2979 assert
820 2938 950 2987 ratio,
995 2938 1148 2980 docent
1177 2942 1362 2990 litterae,
1397 2942 1610 2984 confirmat
1640 2947 1896 2986 consuetudo

146 3007 188 3042 et
226 3000 390 3055 legendi
420 3006 461 3041 et
488 3001 707 3057 loquendi;
757 3000 831 3043 sed
871 3004 975 3042 hanc
1014 3002 1107 3044 dico
1147 3003 1410 3054 suavitatem,
1460 3018 1564 3060 quae
1603 3007 1690 3047 exit
1719 3020 1770 3048 ex
1800 3021 1896 3058 ore;

237 3126 271 3157 2.
299 3126 438 3168 fuerant
463 3127 503 3159 B.
533 3145 568 3151 -
607 3128 641 3160 [ι.
671 3129 708 3160 id
733 3138 756 3161 α
779 3126 844 3168 me]
872 3129 909 3160 id
934 3137 1031 3160 omne
1055 3129 1094 3160 B.
1124 3146 1162 3153 —
1200 3132 1233 3163 9.
1264 3133 1383 3171 aqilur
1409 3130 1476 3162 Gu.
1505 3133 1538 3163 1.
1568 3149 1608 3155 —
1646 3132 1700 3164 14.
1727 3133 1810 3166 haec
1833 3135 1899 3175 iqi-

148 3178 205 3207 ων
228 3174 268 3205 Β.
295 3189 337 3194 -
380 3173 435 3204 18.
463 3174 639 3215 eloquendi
664 3175 703 3206 B.
745 3193 782 3198 —
827 3175 883 3207 24.
912 3176 962 3206 ita
989 3186 1055 3208 om.
1083 3176 1123 3207 R.
1151 3194 1195 3199 -
1235 3178 1290 3210 25.
1318 3176 1360 3218 is]
1387 3178 1441 3208 his
1467 3178 1514 3216 B,
1541 3180 1585 3210 iis
1611 3179 1651 3210 R.
1678 3196 1719 3204 —
1747 3181 1804 3213 26.
1832 3182 1898 3214 Vv-

148 3221 243 3263 quod
268 3221 447 3252 ostendam
473 3226 633 3260 corrupta
662 3221 868 3254 videbantur
894 3222 976 3253 Ern-
1019 3223 1110 3253 Fort.
1138 3225 1231 3263 quod
1255 3226 1336 3264 quid
1362 3225 1569 3257 ostendam?
1604 3226 1665 3257 On.
1704 3244 1744 3250 -
1782 3228 1840 3260 27.
1867 3230 1898 3259 et

149 3273 228 3301 ante
253 3267 359 3300 verba
384 3276 450 3299 om.
480 3267 520 3297 B.
548 3282 589 3289 —
616 3268 670 3299 32.
699 3270 799 3308 quasi
825 3277 893 3300 om.
921 3269 962 3300 R.
991 3285 1028 3291 —
1057 3268 1113 3299 34.
1140 3271 1200 3310 qui
1226 3271 1296 3301 BR.
1326 3286 1364 3293 -
1400 3267 1456 3303 35.
1485 3275 1546 3303 aut
1570 3272 1747 3305 muliebris
1773 3274 1799 3305 Β
1825 3275 1898 3306 alii-

151 3324 240 3355 que,
267 3315 316 3346 R:
344 3319 381 3346 ut
407 3313 581 3345 muliebris
607 3314 645 3345 E.
675 3330 714 3335 —
742 3314 799 3345 35.
826 3318 889 3347 aut
913 3315 1064 3347 absurda
1090 3315 1131 3346 R.
1162 3332 1200 3339 -
1227 3317 1285 3348 41.
1311 3317 1484 3350 subtilitas
1510 3319 1536 3350 B
1563 3320 1715 3360 aliique,
1743 3321 1791 3352 R:
1818 3331 1897 3353 sua-

149 3364 237 3395 vitas
264 3370 342 3394 cum
368 3361 578 3394 Ascensiana
604 3360 756 3393 secunda
785 3361 824 3392 E.
