2117 3762
257 299 337 343 124
914 304 983 344 En
1014 303 1336 359 INVENTIONE

255 408 483 459 dicturum,
526 414 566 451 et
594 410 794 451 reducere
824 407 866 449 in
896 410 1164 459 memoriam,
1207 415 1356 467 quibus
1388 414 1617 455 rationibus
1647 428 1772 457 unam
1801 429 2007 473 quamque

253 479 414 529 partem
446 474 726 523 confirmaris3
766 478 851 513 tum
883 472 934 513 ab
964 473 1039 519 iis,
1071 474 1141 527 qui
1173 475 1367 524 audiunt,
1402 490 1629 531 quaerere,
1664 477 1762 532 quid
1793 480 1864 525 sit,
1897 483 2008 535 quod

254 536 332 578 sibi
361 536 468 578 velle
499 535 676 578 debeant
705 535 999 582 demonstrari,
1030 537 1109 576 hoc
1130 538 1280 579 modo:
1314 539 1421 580 Illud
1442 539 1683 587 docuimus,
1717 540 1819 582 illud
1841 543 2007 595 planum

253 600 444 641 fecimus.
505 600 564 639 Ita
593 599 716 638 simul
747 602 788 637 et
817 598 859 637 in
887 599 1133 638 memoriam
1156 598 1307 641 redibit
1337 600 1501 643 auditor
1534 607 1574 643 et
1604 601 1764 657 putabit
1795 603 1897 645 nihil
1919 619 2009 647 esse

223 667 489 719 ⁵praeterea,
521 659 632 716 quod
662 661 811 701 debeat
840 659 1094 702 desiderare.
1157 661 1224 700 99.
1257 664 1389 718 Atque
1418 665 1460 705 in
1490 665 1554 705 his
1585 664 1805 717 generibus
1839 664 1896 718 (ut
1916 673 2010 709 ante

254 724 409 765 dictum
440 723 512 776 est)
545 727 632 763 tum
662 726 753 762 tuas
784 722 1162 776 argumentationes
1194 726 1369 766 transire
1400 727 1619 780 separatim
1638 759 1648 775 ,
1684 732 1793 774 tum,
1826 729 1867 768 id
1898 730 2009 783 quod

254 786 514 828 artificiosius
545 789 634 833 est,
686 798 779 826 cum
811 787 891 827 tuis
924 785 1150 828 contrarias
1182 787 1466 842 coniungere3
1518 796 1557 831 et
1588 803 1681 831 cum
1713 795 1823 830 tuam
1856 791 2010 832 dixeris

255 849 676 903 argumentationem,
725 853 834 896 tum,
881 855 1026 890 contra
1057 863 1149 890 eam
1180 851 1291 904 quod
1332 849 1608 901 afferebatur,
1657 854 2011 907 quemadmodum

254 912 448 958 dilueris,
492 912 726 952 ostendere.
796 913 856 952 Ita
887 925 962 968 per
992 911 1164 954 brevem
1195 914 1548 967 comparationem
1581 914 1780 956 auditoris
1811 915 2012 957 memoria

201 983 238 1009 10
254 979 295 1014 et
334 976 384 1014 de
424 971 737 1015 confirmatione
776 979 817 1015 et
856 976 906 1016 de
946 974 1274 1028 reprehensione
1305 975 1669 1030 redintegrabitur.
1743 980 1878 1034 Atque
1908 980 2012 1020 haec

253 1035 341 1077 aliis
371 1037 544 1077 actionis
576 1050 742 1092 quoque
773 1039 907 1078 modis
938 1039 1097 1079 variare
1129 1038 1355 1093 oportebit.
1418 1040 1521 1078 Nam
1552 1044 1638 1080 tum
1667 1053 1720 1081 ex
1741 1045 1810 1081 tua
1832 1054 2013 1096 persona

254 1112 497 1141 enumerare
527 1101 685 1155 possis,
735 1105 801 1150 ut,
849 1102 947 1156 quid
989 1106 1030 1142 et
1070 1115 1151 1157 quo
1195 1101 1375 1156 quidque
1407 1099 1500 1141 loco
1539 1099 1718 1150 dixeris,
1761 1105 2009 1153 admoneas3

251 1166 338 1202 tum
380 1175 482 1204 vero
522 1176 746 1216 personam
792 1169 862 1204 aut
905 1178 996 1205 rem
1041 1163 1221 1219 aliquam
1264 1161 1461 1202 inducere
1511 1168 1552 1203 et
1585 1167 1940 1206 enumerationem
1973 1166 2012 1207 ei

250 1229 379 1265 totam
418 1223 658 1266 attribuere.
719 1226 943 1266 Personam
984 1227 1065 1266 hoc
1105 1224 1252 1266 modo:
1302 1227 1403 1266 Nam
1435 1225 1469 1266 si
1499 1225 1603 1279 legis
1636 1227 1813 1280 scriptor
1844 1229 2014 1270 exsistat

202 1293 236 1320 1⁵
253 1292 294 1328 et
324 1293 496 1343 quaerat
525 1301 548 1328 a
577 1288 718 1335 vobis,
750 1288 849 1344 quid
882 1286 1100 1330 dubitetis:
1135 1287 1234 1343 quid
1266 1287 1431 1341 possitis
1464 1289 1625 1336 dicere,
1657 1302 1750 1330 cum
1781 1291 1901 1331 vobis
1931 1292 2013 1332 hoc

252 1354 293 1390 et
321 1351 401 1391 hoe
433 1349 484 1391 sit
514 1349 872 1392 demonstratum?
904 1354 1036 1407 Atque
1068 1352 1164 1399 hic,
1200 1352 1298 1391 item
1329 1356 1374 1391 ut
1405 1349 1444 1391 in
1475 1356 1617 1392 nostra
1638 1365 1840 1405 persona,
1872 1353 2015 1394 licebit

252 1412 352 1454 alias
399 1412 635 1467 singillatim
684 1413 860 1454 transire
901 1427 1045 1455 omnes
1076 1412 1480 1468 argumentationes,
1529 1413 1627 1454 alias
1674 1416 1726 1455 ad
1770 1414 2015 1470 partitiones

251 1475 412 1531 singula
453 1490 607 1531 genera
646 1477 829 1525 referre,
877 1475 976 1517 alias
1017 1478 1067 1517 ab
1111 1476 1324 1525 auditore,
1374 1476 1473 1531 quid
1505 1477 1737 1526 desideret,
1791 1491 2011 1533 quaerere,

252 1538 351 1581 alias
393 1540 495 1580 haec
533 1538 671 1580 facere
701 1552 778 1594 per
809 1538 1164 1594 comparationem
1196 1552 1363 1580 suarum
1395 1546 1434 1581 et
1464 1539 1767 1582 contrariarum
1798 1554 2016 1595 argumen—

202 1601 469 1644 2otationum.
533 1604 624 1644 100.
669 1605 749 1644 Res
793 1608 932 1644 autem
972 1601 1216 1650 inducetur,
1264 1601 1297 1643 si
1336 1604 1459 1644 alicui
1498 1606 1558 1644 rei
1598 1604 1865 1652 huiusmodi,
1913 1603 2011 1657 legi,

251 1666 371 1712 loco,
418 1666 537 1713 urbi,
584 1670 853 1706 monumento
901 1665 1035 1706 oratio
1081 1664 1328 1706 attribuetur
1372 1680 1446 1721 per
1486 1668 1871 1714 enumerationem,
1928 1668 2009 1707 hoc

252 1729 409 1768 modo:
461 1728 594 1777 Quid,
636 1728 669 1768 si
700 1729 814 1782 leges
844 1727 959 1783 loqui
988 1731 1186 1783 possent?
1238 1729 1383 1769 Nonne
1415 1728 1514 1769 haec
1547 1728 1655 1784 apud
1685 1743 1760 1770 vos
1791 1742 2016 1784 quereren-

252 1793 353 1831 tur?
395 1790 602 1839 Quidnam
634 1791 808 1846 amplius
840 1791 1112 1838 desideratis,
1145 1789 1329 1839 iudices,
1364 1805 1457 1832 cum
1488 1792 1608 1832 vobis
1640 1790 1717 1832 hoc
1750 1796 1791 1831 et
1820 1793 1899 1832 hoc
1928 1791 2017 1844 pla-

252 1866 350 1894 num
383 1853 536 1894 factum
568 1852 650 1894 sit?
682 1855 729 1893 In
760 1856 839 1894 hoe
862 1867 1028 1909 quoque
1053 1866 1205 1907 genere
1228 1853 1421 1895 omnibus
1444 1853 1601 1894 eisdem
1623 1855 1757 1895 modis
1777 1855 1838 1894 uti
1858 1851 2012 1894 licebit.

203 1919 238 1945 2⁵
255 1916 484 1957 Commune
524 1921 660 1957 autem
699 1921 966 1971 praeceptum
1006 1915 1085 1956 hoc
1116 1914 1236 1957 datur
1267 1918 1318 1957 ad
1350 1916 1730 1964 enumerationem,
1777 1921 1822 1956 ut
1853 1930 1904 1956 ex
1933 1929 2017 1956 una

253 1992 418 2034 quaque
449 1979 827 2033 argumentatione,
872 1978 1068 2033 quoniam
1098 1983 1184 2019 tota
1213 1978 1364 2020 iterum
1395 1981 1475 2020 dici
1506 1994 1591 2019 non
1620 1983 1779 2034 potest,
1818 1976 1860 2018 id
1891 1976 2017 2031 eliga-

252 2048 342 2088 tur,
394 2040 506 2097 quod
537 2041 614 2082 crit
644 2041 954 2095 gravissimum,
1003 2046 1043 2081 et
1071 2054 1200 2082 unum
1232 2043 1414 2097 quidque
1446 2055 1569 2097 quam
1608 2040 1852 2083 brevissime
1882 2045 2016 2081 trans-

254 2107 390 2150 eatur,
422 2108 467 2144 ut
495 2104 720 2151 memoria,
754 2118 838 2144 non
869 2104 1003 2144 oratio
1037 2110 1235 2145 renovata
1265 2104 1470 2146 videatur.

365 2167 470 2207 LIII.
520 2165 749 2220 Indignatio
797 2170 859 2206 est
898 2166 1056 2214 oratio,
1104 2180 1180 2221 per
1219 2181 1343 2222 quam
1390 2166 1627 2215 conficitur,
1678 2172 1725 2208 ut
1762 2165 1804 2207 in
1836 2165 2016 2222 aliquem

204 2238 240 2264 ³0
253 2228 463 2270 hominem
494 2242 689 2283 magnum
722 2228 863 2269 odium
895 2234 963 2270 aut
993 2230 1036 2268 in
1067 2242 1155 2269 rem
1187 2231 1323 2283 gravis
1354 2229 1530 2270 offensio
1564 2228 1807 2270 concitetur.
1868 2230 1915 2269 ln
1937 2228 2016 2270 hoc

255 2304 409 2343 genere
439 2291 541 2332 illud
572 2291 753 2347 primum
785 2292 962 2345 intelligi
992 2293 1203 2339 volumus,
1235 2305 1358 2347 posse
1389 2291 1581 2333 omnibus
1604 2306 1657 2332 ex
1677 2291 1779 2332 locis
1799 2292 1877 2340 iis,
1911 2305 2016 2346 quos

253 2351 296 2392 in
320 2352 591 2394 confirmandi
621 2355 853 2409 praeceptis
882 2353 1118 2409 posuimus,
1151 2356 1316 2395 tractari
1347 2355 1688 2409 indignationem.
1750 2355 1854 2394 Nam
1882 2368 1936 2394 ex
1965 2353 2016 2395 iis

253 2417 399 2464 rebus,
448 2430 553 2471 quae
584 2416 773 2470 personis
805 2421 844 2457 et
874 2430 978 2472 quae
1009 2418 1186 2470 negotiis
1217 2416 1436 2458 attributae
1468 2423 1593 2464 sunt,
1641 2417 1814 2472 quaevis
1844 2414 2016 2471 amplifi-

255 2477 437 2519 cationes
469 2484 508 2519 et
536 2479 840 2533 indignationes
871 2479 983 2520 nasei
1012 2485 1206 2534 possunt;
1255 2482 1326 2520 sed
1358 2485 1495 2520 tamen
1533 2493 1602 2530 ea,
1649 2492 1755 2534 quae
1795 2477 2016 2531 separatim

206 2551 240 2577 ³⁵
257 2542 308 2582 de
352 2540 635 2596 indignatione
681 2541 865 2597 praecipi
904 2547 1094 2597 possunt,
1146 2541 1472 2585 consideremus.
1544 2544 1637 2582 101.
1689 2542 1852 2581 Primus
1897 2540 2015 2580 locus

255 2604 431 2644 sumitur
474 2603 525 2644 ab
571 2605 834 2651 auctoritate,
884 2618 978 2645 cum
1023 2618 1428 2652 commemoramus,
1476 2611 1652 2659 quantae
1694 2615 1818 2644 curae
1857 2615 1927 2642 res
1967 2615 2016 2643 ea

256 2665 382 2707 fuerit
412 2664 489 2707 diis
533 2666 838 2708 immortalibus
886 2673 958 2708 aut
999 2666 1088 2715 eis,
1131 2680 1309 2722 quorum
1340 2669 1561 2708 auctoritas
1593 2666 1834 2721 gravissima
1866 2663 2017 2706 debeat
2070 2663 2079 2673 ¹

257 2742 363 2770 esse.
425 2728 507 2778 Qui
548 2730 665 2770 locus
696 2734 880 2770 sumetur
912 2743 965 2770 ex
1003 2730 1208 2777 sortibus,
1258 2744 1309 2770 ex
1347 2730 1550 2777 oraculis,
1597 2727 1780 2776 vatibus,
1830 2728 2014 2775 ostentis,

349 2837 382 2868 2.
413 2837 558 2868 audient
582 2837 681 2868 Voss.
709 2837 754 2867 ΙΙ.
784 2842 818 2869 et
842 2845 931 2869 0011.
960 2837 997 2869 P.
1036 2854 1075 2859 -
1118 2837 1152 2868 3.
1191 2837 1266 2868 Hoc
1298 2838 1478 2869 docuimus
1503 2837 1583 2874 AT,
1611 2837 1650 2867 L.
1679 2834 1762 2875 (om.
1789 2837 1854 2868 hoc
1878 2837 1920 2868 R.
1972 2836 2018 2869 Ut

258 2892 343 2918 nos.
370 2881 425 2924 P.)
453 2899 494 2904 -
534 2883 568 2915 7.
598 2883 729 2914 dioeeris
755 2885 1090 2925 arqumentattonem
1114 2884 1258 2915 PART:
1302 2885 1638 2925 avrqumentationem
1663 2884 1794 2914 dixeris
1821 2884 1860 2914 E.
1891 2899 1927 2905 —
1956 2884 2013 2917 11.

257 2939 391 2971 quoque
415 2930 564 2961 actionis
590 2930 629 2961 L.
657 2947 699 2953 —
724 2940 806 2962 nam
832 2935 905 2961 tum
929 2931 1073 2962 PART:
1102 2940 1186 2962 nam
1210 2941 1286 2962 cum
1313 2932 1351 2962 E.
1375 2946 1413 2952 -—
1441 2931 1497 2961 ⁶21.
1526 2931 1640 2961 oratio
1668 2930 1875 2962 attribuetur
1900 2930 2013 2962 PAT:

260 2978 471 3009 attribuetur
498 2979 613 3008 oratio
642 2977 711 3008 RE.
741 2994 781 2999 -—-
808 2977 865 3008 27.
893 2986 1002 3008 unum
1028 2978 1176 3018 quidque
1202 2979 1258 3009 ΡΑ
1284 2983 1318 3018 et
1344 2986 1431 3008 0011.
1461 2978 1537 3008 ead.
1567 2986 1613 3008 m.
1641 2977 1690 3008 T:
1725 2986 1834 3008 unum
1859 2977 2016 3016 quodque

260 3024 286 3055 E
315 3032 389 3054 cum
417 3026 445 3055 R
472 3029 505 3055 et
534 3033 585 3063 pr.
605 3024 647 3055 T.
670 3041 707 3046 —
737 3023 794 3055 32.
823 3024 1071 3064 confir-mandis
1091 3025 1176 3055 ΡΑΤ
1193 3047 1202 3062 ,
1231 3025 1503 3064 confirmationis
1523 3024 1634 3055 Oxon.
1662 3032 1751 3055 unus
1779 3028 1813 3056 et
1838 3032 2012 3062 supet-scr.

260 3073 294 3102 in
315 3070 428 3101 Schol.
458 3071 573 3108 Oud.‚
612 3070 733 3102 Lamb.
752 3095 760 3106 ,
789 3075 826 3102 ut
852 3071 926 3101 Lib.
956 3071 989 3107 2,
1018 3069 1054 3109 §.
1084 3071 1140 3101 31.
1173 3087 1212 3092 —-
1249 3071 1305 3103 33.
1334 3074 1364 3102 et
1390 3079 1477 3109 qaae
1512 3071 1626 3102 Senot.
1666 3070 1786 3102 Oud.:
1830 3074 1894 3101 aut
1925 3078 2015 3109 quae

260 3117 345 3150 AT,
375 3121 436 3147 aut
463 3126 529 3148 om.
559 3126 646 3157 quae
670 3118 725 3152 R.
764 3121 866 3157 atque
891 3117 959 3147 PE.
1001 3134 1041 3139 —
1080 3117 1137 3148 34.
1173 3117 1236 3148 Vv-
1265 3122 1296 3148 et
1319 3116 1579 3154 inclamationes
1606 3126 1674 3148 om.
1704 3117 1845 3148 Omnib.
1874 3122 1908 3148 et
1931 3116 2012 3148 Sch.

261 3163 424 3201 (Servant
449 3163 598 3204 PAnT.)
629 3180 667 3187 —-
707 3164 762 3195 37.
789 3165 891 3205 suerit
917 3164 967 3194 his
993 3174 1137 3204 quorum
1162 3164 1262 3195 PAT.
1300 3181 1344 3184 —
1383 3162 1439 3193 38.
1467 3172 1535 3195 esse
1560 3165 1628 3195 diis
1650 3163 1905 3195 immortalibus
1930 3163 1953 3194 P
1980 3167 2016 3195 et

262 3219 313 3251 pr.
355 3209 469 3241 Schol.
499 3211 613 3244 Oud..
654 3220 720 3242 esse
753 3211 792 3242 de
817 3211 884 3242 dlis
917 3211 1173 3242 immortalibus
1198 3210 1271 3241 AT.
1318 3210 1426 3242 «Vide
1454 3219 1496 3242 ne
1520 3212 1585 3242 dlis
1610 3210 1863 3242 inmortalibus
1888 3210 2014 3250 glosse-

262 3266 316 3288 ma
353 3258 419 3291 sit,
462 3265 480 3287 a
518 3257 662 3288 librariis
698 3258 749 3289 vel
785 3261 863 3295 post
888 3266 919 3288 v.
947 3258 1054 3297 suerit
1079 3258 1130 3289 vel
1159 3262 1234 3296 post
1260 3266 1291 3287 v.
1319 3266 1386 3288 esse
1412 3258 1660 3289 inculcatum.»
1688 3258 1794 3289 ΒΑιΤ.
1844 3256 1929 3288 Mihi
1958 3265 2010 3288 vv.

264 3304 375 3334 amico
402 3308 560 3342 suspecta
586 3306 667 3335 satis
694 3304 834 3336 defendi
862 3304 1022 3335 videntur
1049 3314 1101 3337 vv.
1128 3304 1279 3336 sortibus
1296 3306 1527 3343 --responsis
1544 3328 1553 3342 ,
1582 3309 1750 3343 expuncta
1776 3304 1810 3334 in
1838 3303 2014 3342 plerisque

264 3349 374 3381 Codd.
396 3358 414 3380 a
432 3348 579 3381 librariis
595 3350 809 3387 Christianis,
830 3352 871 3383 ab
891 3352 964 3382 aliis
982 3355 1119 3389 autem,
1147 3353 1264 3390 (1111115
1285 3354 1417 3382 omissis
1433 3353 1544 3383 locum
1562 3359 1722 3383 mancum
1742 3358 1816 3382 esse
1838 3351 2015 3389 perspice-

264 3400 360 3435 rent,
388 3404 457 3428 non
482 3405 545 3430 suo
572 3396 646 3429 loco
672 3401 830 3431 restituta
847 3407 937 3432 esse.
965 3397 1032 3432 Oa.
1058 3414 1092 3421 —
1123 3406 1165 3430 ea:
1183 3406 1251 3431 om.
1269 3398 1308 3429 L.
1329 3397 1409 3430 Sch.
1429 3398 1576 3431 Servant
1594 3398 1704 3430 Codd.
1726 3396 1819 3429 Oud.
1837 3402 1872 3429 et
1890 3397 2011 3429 nostri.
