2117 3762
226 310 305 352 136
881 300 951 342 DE
981 298 1311 343 INVENTIONE

223 414 442 460 manifesto
482 409 639 462 teneri3
686 419 814 464 quare
852 418 936 447 non
966 409 1163 459 oportere
1193 407 1298 447 hanc
1328 419 1414 447 rem
1445 418 1497 446 ex
1527 402 1744 458 superiore
1776 404 1858 446 vita
1889 419 1983 460 spe-

225 480 352 528 ctari,
405 476 477 520 sed
521 472 781 530 superiorem
824 469 952 510 vitam
991 480 1043 508 ex
1081 469 1158 508 hac
1188 481 1235 509 re
1264 467 1518 524 improbari,
1570 472 1611 508 et
1639 472 1709 507 aut
1738 472 1984 521 potestatem

224 547 319 584 ante
348 537 545 596 peccandi
573 549 656 577 non
684 532 810 574 fuisse
840 535 911 571 aut
939 542 1129 580 causam3
1185 535 1276 580 aut,
1325 531 1358 571 si
1387 533 1487 571 haec
1517 528 1599 571 dici
1646 542 1730 569 non
1772 534 1981 584 poterunt,

226 605 446 647 dicendum
476 598 555 642 erit
581 597 684 638 illud
714 599 969 640 extremum,
1016 605 1100 632 non
1132 604 1221 632 esse
1252 594 1423 640 mirum,
1464 593 1497 634 si
1537 604 1646 633 nunc
1673 592 1854 646 primum
1884 590 1986 632 deli-

196 666 386 721 squerit3
436 676 530 704 nam
559 669 729 700 necesse
760 669 850 697 esse
889 668 1007 703 eum,
1055 652 1126 709 qui
1164 653 1265 694 velit
1302 668 1499 710 peceare,
1546 651 1767 709 aliquando
1805 653 1985 708 primum

228 727 489 781 delinquere.
550 720 621 762 Sin
651 718 735 760 vita
766 723 860 759 ante
890 721 980 758 acta
1008 714 1290 771 ignorabitur,
1335 719 1414 759 hoc
1443 718 1535 759 loco
1565 715 1790 771 praeterito
1821 720 1881 764 et,
1913 729 1988 757 cur

227 791 537 845 praetereatur,
585 781 887 830 demonstrato,
935 777 1190 834 argumentis
1231 779 1536 822 accusationem
1574 778 1709 821 statim
1740 776 1987 820 confirmare

227 849 448 907 oportebit.

338 913 410 953 XI.
458 911 527 951 35.
574 907 779 949 Defensor
818 910 956 947 autem
995 903 1194 960 primum,
1241 903 1275 944 si
1305 905 1479 958 poterit,
1525 903 1692 946 debebit
1720 905 1846 945 vitam
1877 903 1987 953 eius,

178 988 215 1013 10
229 974 299 1031 qui
328 969 653 1019 insimulabitur,
686 982 809 1023 quam
839 968 1170 1009 honestissimam
1194 967 1494 1008 demonstrare.
1552 967 1598 1008 Id
1621 966 1762 1015 faciet,
1794 968 1827 1008 si
1849 973 1990 1008 osten-

229 1037 298 1079 det
337 1034 474 1090 aliqua
519 1032 607 1074 eius
643 1037 742 1073 nota
781 1035 822 1072 et
859 1029 1096 1071 communia
1133 1027 1290 1070 officia:
1345 1030 1456 1082 quod
1496 1043 1648 1082 genus,
1695 1031 1737 1070 in
1776 1034 1988 1085 parentes,

229 1104 442 1153 cognatos,
475 1095 652 1142 amicos,
684 1092 847 1141 affines,
877 1091 1158 1140 necessarios;
1192 1090 1314 1132 etiam
1345 1104 1450 1146 quae
1481 1090 1611 1144 magis
1642 1105 1734 1132 rara
1764 1098 1805 1133 et
1835 1092 1988 1133 eximia

227 1166 343 1209 sunt,
394 1158 429 1201 si
459 1161 510 1199 ab
542 1170 592 1199 eo
625 1169 719 1198 cum
749 1168 898 1209 magno
929 1153 1084 1210 aliquid
1122 1154 1268 1194 labore
1299 1158 1369 1193 aut
1398 1152 1582 1208 periculo
1615 1159 1684 1195 aut
1715 1159 1886 1209 utraque
1917 1168 1988 1202 re,

229 1238 322 1266 eum
354 1234 525 1264 necesse
554 1233 638 1260 non
668 1223 796 1266 esset,
829 1216 956 1259 officii
986 1230 1108 1258 causa
1137 1222 1207 1257 aut
1235 1215 1278 1256 in
1307 1229 1396 1256 rem
1419 1215 1626 1270 publicam
1649 1216 1778 1257 autin
1800 1223 1991 1272 parentes

177 1298 214 1323 1⁵
230 1291 300 1327 aut
330 1285 374 1326 in
404 1285 566 1338 aliquos
596 1294 767 1329 eorum,
801 1279 873 1335 qui
901 1281 1027 1320 modo
1049 1277 1225 1334 expositi
1247 1283 1358 1325 sunt,
1391 1277 1544 1319 factum
1567 1292 1656 1319 esse
1680 1280 1809 1328 dicet3
1844 1279 1991 1321 deinde

229 1362 274 1390 se
315 1346 417 1388 nihil
462 1344 706 1400 deliquisse,
753 1342 865 1384 nulla
908 1340 1132 1397 cupiditate
1176 1342 1422 1395 impeditum
1468 1343 1519 1381 ab
1568 1340 1706 1382 officio
1750 1342 1987 1383 recessisse.

231 1412 354 1461 Quod
386 1422 436 1450 eo
469 1405 754 1449 confirmatius
784 1404 878 1453 erit,
910 1404 963 1452 si,
996 1417 1089 1445 cum
1119 1410 1301 1457 potestas
1332 1405 1500 1457 impune
1530 1402 1686 1457 aliquid
1715 1402 1892 1446 faciendi
1917 1406 1994 1446 mi-

229 1487 306 1515 nus
342 1475 516 1514 honeste
553 1469 681 1511 fuisse
718 1468 896 1515 dicetur,
943 1468 1133 1508 voluntas
1164 1467 1202 1507 ei
1231 1465 1409 1507 faciendi
1442 1465 1796 1507 demonstrabitur
1825 1466 1991 1509 afuisse.

231 1539 298 1578 36.
329 1537 421 1577 Hoc
450 1538 588 1575 autem
618 1531 754 1587 ipsum
786 1543 914 1585 genus
946 1529 1022 1570 erit
1052 1542 1103 1570 eo
1133 1527 1317 1577 firmius,
1357 1530 1390 1569 si
1421 1542 1471 1569 eo
1501 1528 1594 1582 ipso
1625 1528 1667 1569 in
1698 1542 1875 1582 genere,
1909 1544 1993 1586 quo

181 1615 216 1640 20
231 1604 443 1653 arguetur,
474 1596 637 1648 integer
667 1599 759 1634 ante
790 1592 915 1634 fuisse
946 1590 1320 1633 demonstrabitur:
1353 1596 1399 1631 ut
1428 1591 1483 1639 si,
1517 1604 1610 1632 cum
1641 1591 1837 1633 avaritiae
1871 1606 1994 1634 causa

230 1661 379 1703 secisse
410 1663 630 1713 arguatur,
662 1655 830 1696 minime
862 1654 975 1696 omni
1004 1653 1048 1694 in
1078 1653 1163 1695 vita
1192 1655 1390 1708 pecuniae
1422 1653 1595 1709 cupidus
1625 1653 1753 1695 fuisse
1777 1657 1990 1696 doceatur.

230 1723 309 1765 Hic
337 1723 408 1763 illa
437 1734 587 1774 magna
616 1732 708 1760 cum
740 1719 940 1772 gravitate
969 1715 1190 1757 inducetur
1229 1715 1481 1770 indignatio,
1528 1716 1666 1757 iuncta
1706 1717 1995 1771 conquestioni

231 1799 434 1841 perquam
465 1783 663 1823 miserum
692 1780 850 1822 facinus
881 1792 972 1821 esse
1003 1785 1043 1821 et
1071 1778 1310 1832 indignum,
1358 1793 1451 1820 cum
1490 1779 1651 1819 animus
1681 1780 1723 1819 in
1756 1779 1839 1820 vita
1869 1779 1996 1821 fuerit

232 1848 347 1890 omni
376 1861 400 1888 a
427 1847 537 1888 vitiis
567 1843 891 1891 remotissimus,
934 1855 1025 1882 eam
1057 1854 1219 1882 causam
1252 1846 1420 1894 putare,
1464 1854 1569 1896 quae
1600 1843 1789 1882 homines
1821 1841 1996 1883 audaces

181 1925 217 1951 2⁵
233 1913 275 1952 in
305 1910 495 1952 fraudem
525 1920 674 1962 rapere
705 1905 852 1952 soleat,
903 1903 1175 1945 castissimum
1217 1917 1384 1957 quoque
1414 1903 1627 1944 hominem
1658 1905 1710 1944 ad
1741 1904 1996 1956 peccandum

231 1973 418 2028 potuisse
449 1970 686 2024 impellere;
719 1973 788 2009 aut
817 1966 1005 2021 iniquum
1036 1979 1127 2006 esse
1159 1971 1199 2006 et
1228 1965 1388 2018 optimo
1419 1967 1569 2020 cuique
1599 1965 1996 2020 perniciosissimum

232 2050 316 2077 non
344 2035 471 2077 vitam
500 2035 674 2075 honeste
704 2036 833 2071 actam
863 2028 934 2070 tali
966 2032 1005 2070 in
1036 2034 1225 2082 tempore
1256 2042 1380 2083 quam
1410 2029 1636 2082 plurimum
1667 2027 1890 2083 prodesse,
1924 2028 1996 2070 sed

233 2097 369 2139 subita
400 2111 451 2138 ex
480 2094 786 2140 criminatione,
820 2105 925 2146 quae
956 2090 1134 2144 confingi
1165 2090 1351 2145 quamvis
1380 2088 1499 2131 facile
1530 2090 1683 2143 possit,
1717 2105 1801 2131 non
1825 2105 1877 2131 ex
1900 2097 1995 2131 ante

234 2166 325 2201 acta
352 2159 457 2205 vita,
505 2171 610 2212 quae
647 2169 783 2211 neque
815 2156 866 2195 ad
896 2160 1058 2208 tempus
1087 2153 1189 2207 fingi
1218 2166 1352 2208 neque
1382 2152 1468 2194 ullo
1500 2151 1625 2193 modo
1657 2152 1807 2193 mutari
1841 2152 1994 2208 possit,

185 2222 373 2264 sefacere
403 2219 616 2262 iudicium.
678 2221 744 2259 37.
791 2217 863 2258 Sin
903 2222 1039 2257 autem
1079 2215 1122 2256 in
1160 2221 1254 2256 ante
1291 2220 1379 2255 acta
1410 2214 1493 2255 vita
1522 2214 1686 2269 aliquae
1716 2214 1997 2268 turpitudines

237 2290 380 2333 erunt,
414 2288 484 2324 aut
513 2282 618 2323 falso
648 2280 810 2322 venisse
840 2279 883 2320 in
915 2293 1005 2320 eam
1037 2277 1386 2319 existimationem
1419 2277 1580 2318 dicetur
1611 2284 1650 2317 et
1681 2290 1732 2317 ex
1762 2279 1997 2333 aliquorum

234 2347 393 2389 invidia
422 2352 492 2388 aut
522 2345 823 2386 obtrectatione
854 2347 923 2383 aut
951 2340 1051 2382 salsa
1081 2340 1304 2394 opinione;
1357 2345 1425 2380 aut
1454 2338 1758 2395 imprudentiae
1776 2371 1786 2388 ,
1818 2339 1999 2380 necessi-

236 2410 391 2458 tudini,
436 2406 715 2464 persuasioni,
764 2405 1069 2446 adolescentiae
1109 2409 1179 2444 aut
1215 2403 1337 2443 alicui
1367 2416 1451 2443 non
1482 2401 1712 2444 malitiosae
1742 2402 1869 2443 animi
1898 2401 1998 2443 affe-

237 2474 364 2515 ctioni
394 2470 670 2513 attribuentur
700 2473 771 2509 aut
800 2467 990 2509 dissimili
1019 2466 1062 2508 in
1095 2479 1250 2520 genere
1280 2465 1500 2512 vitiorum,
1531 2469 1577 2506 ut
1606 2464 1765 2505 animus
1796 2478 1879 2505 non
1909 2478 1999 2505 om-

189 2536 337 2577 ssnino
358 2535 538 2587 integer,
573 2535 645 2573 sed
670 2530 720 2572 ab
752 2530 823 2572 tali
854 2529 974 2583 culpa
1004 2534 1188 2570 remotus
1221 2541 1310 2569 esse
1341 2527 1542 2570 videatur.
1603 2530 1659 2568 Ac
1680 2526 1714 2567 si
1736 2526 1850 2567 nullo
1872 2525 1997 2567 modo

239 2598 345 2640 vitae
376 2597 589 2652 turpitudo
620 2599 689 2635 aut
717 2592 885 2634 infamia
913 2591 1036 2633 leniri
1064 2592 1218 2646 poterit
1246 2591 1457 2640 oratione,
1503 2602 1655 2644 negare
1695 2590 1908 2644 oportebit
1945 2587 1998 2629 de

233 2677 2000 2695 Μ

332 2738 365 2769 1.
392 2738 550 2776 oportere
575 2743 646 2766 non
671 2733 745 2764 AT.
776 2750 812 2755 —
842 2733 1022 2772 superiore
1046 2731 1132 2762 PR:
1159 2730 1332 2770 superiori
1356 2729 1459 2761 ΑΤΕ.
1490 2745 1528 2750 -
1556 2729 1590 2760 5.
1619 2736 1686 2759 esse
1711 2726 1832 2758 Lamb.
1861 2736 2000 2759 rursus-

242 2793 309 2826 que
330 2784 482 2816 coniecit
500 2782 580 2813 Ern.
600 2791 609 2813 :
639 2784 687 2812 est
704 2781 730 2811 E
749 2788 825 2811 cum
845 2779 933 2810 PRT
953 2783 986 2810 et
1005 2786 1094 2810 corr.
1114 2777 1156 2808 A.
1185 2777 1271 2815 (om.
1294 2786 1344 2816 pr.
1366 2778 1407 2814 Α,
1430 2775 1523 2808 unde
1549 2778 1695 2814 apparet
1720 2775 1846 2806 erroris
1872 2773 1999 2814 origo.)

241 2849 282 2854 —
309 2832 366 2863 13.
394 2830 530 2871 aliquid
556 2828 670 2860 Schol-
700 2827 792 2859 Oud.
821 2826 1021 2858 Grevenb.:
1050 2825 1168 2864 aliquo
1195 2824 1359 2855 PARTE.
1387 2839 1421 2845 —
1453 2823 1507 2853 15.
1535 2821 1666 2861 factum
1684 2829 1750 2853 esse
1769 2821 1888 2852 PART
1915 2821 2000 2852 mul-

241 2881 337 2918 tique
364 2878 441 2909 alii:
480 2875 613 2916 factum
638 2874 772 2915 aliquid
798 2882 866 2905 esse
892 2872 939 2909 E,
981 2870 1080 2911 facta
1106 2879 1175 2902 esse
1201 2871 1285 2903 Cod.
1314 2870 1381 2901 Ait.
1410 2868 1528 2901 Larnb.
1558 2868 1637 2899 Sch.
1669 2883 1707 2890 —-
1747 2867 1802 2898 16.
1829 2876 1864 2899 se
1889 2867 2000 2904 (dicet

242 2925 404 2957 defensor
431 2933 470 2956 ex
496 2923 546 2954 rei
575 2920 737 2962 persona)
764 2920 906 2957 PART,
931 2919 1031 2950 Voss.
1053 2919 1080 2950 1.
1108 2918 1207 2950 Leid.
1235 2918 1263 2948 1.
1291 2917 1355 2948 111.
1384 2917 1410 2947 B
1436 2915 1688 2947 Lindemanni:
1728 2915 1759 2944 si
1785 2915 1835 2952 E,
1870 2922 1938 2946 om.
1966 2922 2000 2945 se

243 2980 320 3003 cum
348 2971 477 3011 Gryph.
505 2970 613 3002 altero
632 2968 730 3000 Grut.
760 2967 840 3006 (Sed
869 2972 1018 3006 utraque
1046 2968 1080 2997 in
1106 2967 1238 2997 ratione
1264 2974 1295 2996 v.
1325 2964 1473 2995 ostendet
1498 2963 1599 2993 nimis
1628 2965 1795 2993 remotum
1824 2965 1888 2992 est.
1915 2959 1998 2999 On.)

245 3035 281 3041 —
310 3018 366 3049 20.
405 3021 485 3049 ante
518 3016 660 3048 PART:
702 3018 807 3046 antea
838 3014 876 3045 E.
911 3029 953 3034 --
997 3012 1054 3044 23.
1090 3020 1259 3052 perquam
1284 3028 1298 3033 -
1330 3027 1344 3033 ·
1380 3010 1566 3049 indiynum
1600 3018 1677 3039 cum
1709 3007 1901 3039 Gruterus:
1937 3016 2000 3047 per

243 3073 348 3104 quam
371 3080 384 3085 -
409 3080 423 3086 ·
448 3065 633 3103 indignum
670 3060 964 3093 demonstrabitur
994 3064 1033 3091 ut
1065 3068 1140 3090 cum
1163 3058 1286 3090 PART
1327 3057 1478 3096 aliique,
1516 3063 1578 3094 per
1611 3063 1718 3095 quam
1741 3070 1756 3076 -
1779 3070 1792 3075 -
1816 3055 2000 3094 indignum

243 3110 562 3147 demonstrabitur,
600 3118 676 3141 cum
701 3109 772 3140 LE.
801 3124 842 3130 —
879 3108 917 3137 *in
941 3107 1015 3137 vita
1040 3105 1144 3144 fuerit
1169 3105 1264 3135 omni
1288 3104 1313 3135 P
1330 3127 1338 3141 ‚
1383 3103 1499 3134 Schol.
1528 3102 1622 3134 Oud.
1651 3102 1802 3139 aliique:
1845 3100 1938 3131 omni
1961 3101 2000 3130 in

241 3158 318 3188 vita
341 3157 446 3198 suerit
470 3157 604 3188 ARTE.
644 3173 686 3179 —
727 3155 784 3186 28.
822 3154 979 3194 quamvis
1005 3162 1073 3184 om.
1099 3153 1143 3190 R,
1171 3151 1295 3183 Graev.
1325 3166 1365 3171 —
1408 3150 1464 3181 29.
1499 3149 1629 3180 mutari
1656 3148 1775 3179 PART
1808 3155 1999 3186 omnesque

244 3203 360 3234 Oud.:
387 3204 566 3234 immutari
591 3204 630 3234 E.
658 3219 702 3224 —-
728 3202 784 3234 31.
812 3202 952 3232 inerunt
977 3200 1075 3231 voss.
1104 3199 1132 3230 Ι.
1162 3198 1260 3230 Leid.
1290 3197 1352 3228 111.
1380 3196 1573 3228 Schutzius.
1602 3194 1660 3236 (Ut
1684 3203 1770 3232 nos,
1800 3191 1940 3232 nostri.)
1960 3207 1996 3213 —

243 3251 377 3281 dicetur
404 3249 457 3285 R,
485 3249 583 3280 Leid.
611 3251 639 3279 1.
668 3249 714 3280 ΙΙ.
747 3249 797 3280 L:
840 3248 999 3279 dicentur
1018 3246 1152 3278 PATE.
1187 3260 1223 3266 —
1252 3248 1284 3275 et
1310 3251 1352 3274 em
1380 3243 1469 3274 ΡΑΤ
1496 3247 1529 3275 et
1556 3250 1675 3274 omnes
1707 3240 1827 3273 Oud.:
1869 3244 1931 3271 aut
1958 3247 2001 3271 ex

242 3297 316 3328 RE.
346 3312 385 3318 --
413 3296 468 3326 32.
494 3296 759 3329 necessitudini,
783 3293 1030 3334 persuasioni,
1058 3291 1309 3324 adolescentiae
1333 3290 1431 3323 Leid.
1459 3290 1504 3322 11.
1533 3289 1643 3321 Oxon.
1673 3296 1782 3319 unus:
1818 3288 1999 3318 necessitu-

245 3344 325 3374 dine
351 3346 381 3374 et
401 3343 626 3381 persuasione
650 3342 897 3374 adolescentiae
922 3340 1028 3378 PAT,
1055 3338 1294 3371 necessitudini
1319 3341 1380 3369 aut
1406 3336 1626 3378 persuasioni
1651 3333 1900 3367 adolescentiae
1924 3333 1996 3365 RE.

246 3406 286 3414 -
314 3389 369 3423 35.
400 3388 443 3420 ab
470 3389 535 3421 tali
559 3388 642 3421 PR:
683 3389 747 3421 tali
773 3388 816 3421 ab
839 3388 921 3428 AT,
948 3397 970 3420 α
994 3387 1060 3420 tali
1085 3386 1124 3418 E.
