2117 3762
638 228 709 268 An
740 226 795 267 M.
828 225 1038 266 Btwrmt
1077 225 1124 265 C.
1157 227 1225 267 52.
1256 227 1325 266 53.
1779 224 1853 268 5-'01

112 336 163 377 iis
202 348 302 376 vere
342 335 519 391 quadam
557 347 609 375 ex
646 336 787 388 parte,
836 344 920 372 non
959 336 1090 374 totum
1129 331 1298 373 dicitur.
1354 331 1455 372 Nam
1493 329 1701 371 neminem
1732 330 1775 370 in
1805 343 1857 371 eo

110 410 265 452 genere
293 396 490 442 scientius
517 400 722 437 versatum
754 394 933 434 isocrate
963 393 1241 435 confitendum
1272 398 1357 442 est,
1409 390 1482 434 sed
1520 391 1713 448 princeps
1744 392 1859 432 inre-

111 458 253 501 niendi
282 458 359 501 fuit
386 459 739 515 Thrasymachus,
784 455 902 497 cuius
938 458 1076 498 omnia
1107 457 1228 499 nimis
1257 457 1383 498 etiam
1414 460 1576 496 exstant
1602 456 1753 509 scripta
1783 469 1859 496 nu—

110 535 289 564 merose.
348 523 475 571 Nam,
506 526 553 563 ut
579 520 718 576 paullo
758 526 854 560 ante
884 521 994 568 dixi,
1033 521 1148 576 paria
1177 518 1349 574 paribus
1377 517 1570 560 adiuncta
1598 522 1641 559 et
1668 516 1859 558 similiter

109 583 275 627 definita
305 584 487 639 itemque
514 581 734 625 contrariis
763 583 891 623 relata
921 583 1149 629 contraria,
1186 595 1294 637 qnae
1322 595 1397 622 sna
1425 586 1596 635 sponte,
1625 580 1787 622 etiamsi
1816 577 1888 621 ids

108 660 193 690 non
220 660 338 702 agas,
369 647 520 688 endunt
547 644 792 700 plerumque
823 658 1065 692 numerose,
1103 646 1279 699 Gorgias
1310 644 1465 698 primus
1495 644 1675 691 invenit,
1705 644 1778 684 sed
1808 643 1859 683 iis

108 716 174 752 est
199 722 298 752 usus
326 707 647 763 intemperatius.
708 707 752 748 ld
783 714 919 749 autem
949 714 1012 749 est
1041 720 1184 762 genus,
1215 712 1262 747 nt
1289 712 1383 746 ante
1412 704 1566 747 dictum
1597 711 1673 753 est,
1704 717 1757 747 ex
1786 705 1860 746 tri-

108 770 188 814 bus
206 772 395 828 partibus
412 769 696 812 collocationis
716 771 906 811 alterum.
969 772 1063 811 176.
1097 771 1257 810 Horum
1285 773 1459 822 uterque
1482 770 1704 810 Isocratem
1725 773 1860 809 aetate

107 834 361 891 praecurrit,
390 837 436 872 nt
465 845 538 873 eos
568 833 636 874 ille
668 831 978 881 moderatione,
1018 844 1101 873 non
1130 832 1369 873 inventione
1400 830 1562 872 vicerit.
1623 833 1695 873 Est
1724 829 1858 879 enim,

107 902 154 938 ut
180 898 224 938 in
251 893 546 937 transferendis
575 896 857 951 faciendisque
886 895 1025 936 verbis
1054 892 1336 949 tranquillior,
1383 894 1443 933 sic
1473 894 1514 934 in
1546 893 1645 948 ipsis
1675 891 1912 935 numeris„

105 958 300 1000 sedatior.
357 957 532 1012 Gorgias
551 965 687 999 autem
707 958 870 1000 aridior
889 964 950 999 est
972 956 1136 1011 generis
1157 957 1248 998 eius
1277 962 1317 997 et
1345 955 1396 997 iis
1415 954 1705 998 festivitatibus
1724 981 1771 987 —
1797 957 1859 998 sic

105 1019 217 1063 enin
243 1020 334 1075 ipse
365 1027 506 1062 censet
528 1043 584 1051 —
613 1020 853 1062 insolentius
880 1021 1084 1066 abutitur,
1114 1032 1216 1075 quas
1242 1019 1467 1066 Isocrates,
1494 1033 1587 1060 cnm
1623 1026 1759 1061 tamen
1787 1033 1861 1060 au-

103 1081 233 1124 disset
260 1084 302 1124 in
331 1082 545 1124 Thessalia
588 1081 828 1125 adolescens
871 1095 1012 1124 senem
1056 1082 1139 1122 iam
1170 1082 1391 1136 Gorgiam,
1435 1082 1690 1123 moderatius
1733 1081 1859 1124 etiam

102 1145 362 1200 temperavit.
443 1145 553 1195 Quin
595 1146 718 1185 etiam
758 1157 803 1185 se
844 1143 934 1200 ipse
970 1148 1151 1190 tantum,
1198 1150 1396 1200 qnantum
1432 1151 1566 1186 aetate
1604 1146 1859 1198 procedebat

100 1230 158 1238 —
185 1220 320 1263 prope
349 1207 460 1249 enim
490 1213 653 1248 centum
683 1205 860 1248 confecit
888 1219 1019 1247 annos
1037 1229 1118 1255 —,
1163 1208 1369 1248 relaxarat
1398 1221 1424 1248 a
1458 1206 1584 1248 nimia
1613 1209 1857 1250 necessitate
1869 1214 1908 1242 ¹⁵

101 1283 395 1319 numerorum;
423 1270 535 1326 quod
564 1268 745 1311 declarat
774 1271 816 1310 in
847 1282 899 1310 eo
929 1267 1062 1317 libro,
1094 1282 1217 1324 quem
1247 1270 1300 1310 ad
1330 1268 1566 1325 Philippum
1586 1271 1859 1313 Macedonem

101 1333 285 1388 scripsit,
329 1346 424 1373 cum
462 1333 544 1373 iam
580 1331 804 1373 admodum
836 1337 948 1373 esset
976 1345 1128 1373 senex:
1178 1331 1221 1373 in
1249 1345 1333 1388 quo
1363 1331 1462 1373 dicit
1492 1345 1583 1373 sese
1612 1334 1748 1374 minus
1776 1333 1859 1375 iam

100 1396 261 1437 servire
289 1396 475 1436 numeris
504 1407 628 1449 quam
657 1395 804 1436 solitus
832 1401 953 1439 esset.
1009 1398 1070 1436 lta
1093 1408 1177 1437 non
1198 1393 1323 1437 modo
1353 1394 1594 1451 superiores
1621 1395 1697 1438 sed
1731 1397 1859 1438 etiam

100 1458 265 1513 seipse
293 1463 551 1499 correxerat.

211 1520 321 1561 Lm.
355 1522 449 1561 177.
499 1521 706 1570 Quoniam
745 1519 873 1575 igitur
909 1518 1111 1563 hahemus
1146 1527 1264 1576 aptae
1304 1522 1507 1563 orationis
1544 1534 1619 1563 eos
1648 1522 1908 1578 principes„

100 1588 399 1637 auctoresque,
429 1595 536 1638 qnos
556 1582 756 1630 diximus,
787 1588 828 1624 et
850 1582 968 1638 origo
989 1583 1156 1626 inventa
1176 1591 1259 1633 est,
1292 1598 1416 1626 causa
1443 1591 1679 1640 quaeratur.
1737 1586 1857 1634 Quae

100 1645 160 1686 sic
188 1650 334 1699 aperta
362 1651 444 1692 est,
488 1651 534 1686 nt
563 1645 693 1687 mirer
720 1650 884 1686 veteres
914 1659 999 1687 non
1028 1660 1119 1688 esse
1160 1655 1412 1694 commotos,
1457 1647 1702 1704 praesertim
1732 1661 1854 1696 cum,

99 1714 147 1750 nt
164 1706 230 1757 fit,
260 1706 433 1750 fortuito
462 1721 585 1763 saepe
614 1707 770 1763 aliquid
800 1707 993 1750 concluse
1023 1716 1201 1765 apteque
1230 1710 1429 1752 dicerent.
1491 1711 1615 1760 Quod
1645 1723 1739 1753 cum
1768 1711 1857 1751 aui-

99 1784 193 1812 mos
229 1770 445 1812 hominnm
486 1783 691 1825 auresque
732 1770 976 1826 pepulisset,
1025 1778 1070 1812 ut
1105 1772 1277 1828 intelligi
1317 1780 1458 1829 posset
1487 1773 1550 1830 id,
1594 1775 1706 1829 quod
1736 1786 1856 1815 casus

99 1831 335 1880 effudisset,
363 1831 564 1874 cecidisse
593 1832 797 1885 iucunde,
835 1835 1061 1875 notandum
1092 1842 1204 1877 certe
1234 1849 1366 1890 genus
1394 1842 1518 1893 atque
1546 1836 1625 1892 ipsi
1654 1835 1734 1877 sibi
1765 1836 1856 1877 imi·
1867 1845 1905 1872 ²5

98 1896 211 1937 tandi
238 1895 422 1936 fuerunt.
482 1899 616 1937 Aures
656 1895 766 1936 enim
805 1896 872 1938 vel
910 1898 1072 1938 animus
1100 1899 1263 1939 aurium
1293 1900 1438 1941 nuntio
1467 1898 1695 1940 naturalem
1727 1913 1857 1954 quan-

98 1960 194 2000 dam
220 1958 266 1999 in
293 1970 340 1999 se
367 1956 552 1999 continet
579 1971 731 1999 vocum
760 1960 946 2000 omnium
977 1960 1249 2002 mensionem.
1309 1963 1403 2003 178.
1437 1963 1579 2018 ltaque
1606 1968 1646 2003 et
1666 1962 1857 2016 longiora

97 2026 141 2063 et
177 2021 375 2063 breviora
409 2020 563 2062 iudicat
592 2028 633 2062 et
662 2019 845 2077 perfecta
883 2035 931 2063 ac
968 2024 1186 2065 moderata
1221 2037 1386 2079 semper
1422 2031 1661 2079 exspectan
1708 2025 1854 2066 mutila

98 2083 223 2125 sentit
251 2081 457 2139 quaedam
486 2089 528 2125 et
556 2083 675 2138 quasi
703 2082 939 2132 decurtata,
985 2085 1161 2140 quibus,
1207 2093 1415 2143 tamquam
1444 2087 1585 2130 debito
1614 2087 1854 2134 fraudetur,

98 2144 344 2194 offenditur,
389 2147 657 2199 productiora
693 2147 774 2187 alia
813 2154 854 2188 et
894 2147 1013 2202 quasi
1055 2148 1369 2192 immoderatius
1410 2150 1698 2198 excurrentia,
1748 2158 1904 2206 quae„

97 2205 231 2261 magis
260 2208 384 2250 etiam
412 2215 688 2262 aspernantur
716 2222 860 2259 aures;
906 2212 1019 2266 quod
1049 2225 1143 2253 cum
1172 2212 1215 2253 in
1243 2211 1452 2269 plerisque
1482 2219 1568 2254 tum
1601 2213 1644 2254 in
1674 2212 1754 2255 hoc
1785 2226 1856 2268 ge-

98 2284 199 2312 nere
228 2270 404 2312 uimium
442 2272 556 2327 quod
593 2277 678 2319 est,
724 2271 898 2314 offendit
937 2275 1221 2316 vehementius
1260 2288 1384 2331 quam
1423 2275 1489 2324 id,
1539 2277 1653 2332 qnod
1690 2275 1856 2317 videtur

97 2346 260 2387 parum.
321 2333 371 2375 Ut
411 2333 538 2387 igitur
575 2333 738 2389 poetica
776 2341 818 2376 et
853 2347 998 2376 versus
1035 2336 1227 2378 inventus
1256 2345 1316 2379 est
1347 2338 1639 2380 terminatione
1668 2338 1851 2384 aurium,

97 2393 390 2438 observatione
419 2395 710 2451 prudentium,
755 2397 815 2438 sic
844 2397 886 2438 in
915 2399 1107 2440 oratione
1133 2399 1468 2442 animadversum
1497 2407 1560 2442 est
1589 2400 1717 2442 multo
1751 2399 1853 2442 illud

97 2457 266 2514 quidem
295 2457 453 2507 serius,
500 2459 575 2500 sed
605 2458 749 2501 eadem
779 2460 1029 2502 admonente
1059 2466 1207 2503 natura
1237 2475 1329 2504 esse
1359 2465 1563 2519 quosdam
1594 2470 1731 2519 certos
1761 2470 1901 2505 cur-³⁵

96 2535 167 2564 sus
194 2520 567 2577 conclusionesque
597 2523 843 2564 verborum.

211 2585 305 2626 179.
335 2585 543 2635 Quoniam
567 2584 693 2640 igitur
713 2598 878 2627 causam
900 2599 1069 2643 quoque
1090 2586 1369 2636 ostendimus,
1398 2594 1587 2631 naturam
1608 2603 1717 2632 nnnc
1740 2612 1788 2617 —
1809 2588 1852 2630 id

190 2740 224 2772 1.
248 2741 294 2771 iis
321 2740 375 2772 A:
402 2741 455 2773 bis
479 2749 557 2773 cnm
582 2742 658 2775 aliis
683 2742 760 2774 lm.
788 2759 830 2766 -
856 2743 890 2776 6.
914 2745 1067 2785 primum
1092 2746 1134 2778 Α.
1167 2761 1207 2768 ·-
1240 2747 1285 2778 iis
1308 2746 1359 2780 Α,
1387 2747 1511 2780 Dresd.
1540 2747 1607 2780 Gn.
1636 2749 1668 2779 1.
1696 2748 1752 2784 2-.
1781 2749 1851 2780 Ru-

98 2787 158 2819 fini
182 2786 270 2820 Cod-
288 2786 409 2820 mus-2
437 2789 469 2819 is
494 2788 564 2820 Ἧι.
595 2789 689 2822 Eius.
718 2789 788 2822 Βῆ.
814 2789 937 2827 Peter,
964 2792 1016 2823 his
1040 2792 1111 2825 RB.
1140 2809 1180 2816 —
1206 2792 1244 2824 7.
1269 2795 1535 2832 intemperatius
1561 2795 1629 2826 Ἧι.
1655 2794 1749 2826 εἰοι-
1780 2795 1854 2827 itu·

98 2834 210 2865 finus:
235 2835 525 2873 intemperantius
548 2843 626 2868 eum
652 2841 734 2868 cett.
763 2836 832 2868 Re.
863 2854 900 2862 -
931 2838 1023 2869 Idem
1051 2839 1119 2871 Vn.
1149 2839 1243 2871 zius,
1270 2839 1330 2871 Dr.
1359 2839 1427 2872 Gn·
1454 2842 1487 2872 1.
1514 2843 1550 2872 2.
1579 2842 1618 2872 Β.
1648 2857 1687 2863 -
1725 2843 1780 2873 11.
1808 2844 1852 2874 iis

99 2880 267 2912 Rufinus:
291 2881 345 2911 bis
369 2889 449 2912 cum
475 2880 587 2913 Codd.
615 2883 688 2914 RE.
718 2898 755 2904 —
783 2883 838 2914 12.
865 2885 1021 2916 audisset
1046 2886 1210 2922 Rufinus,
1238 2886 1333 2919 Vin:
1368 2887 1556 2918 audii-isset
1583 2888 1677 2919 Eius.
1704 2887 1776 2919 RE.
1809 2905 1849 2912 —

98 2926 157 2959 13.
179 2926 397 2958 moderatius
419 2928 524 2960 etiam
551 2929 620 2961 vn.
650 2930 744 2962 Eius.
772 2929 834 2961 nr.
859 2930 958 2962 Mon·
986 2931 1053 2964 Gu.
1081 2934 1115 2964 1.
1142 2932 1176 2963 2.
1206 2933 1257 2964 R:
1284 2933 1498 2964 moderatius
1524 2933 1607 2971 (om.
1634 2935 1753 2974 etia-i)
1779 2935 1849 2968 nrt.

98 2972 167 3005 Gn.
194 2971 229 3004 3.
257 2972 298 3004 t.
326 2972 491 3014 (Rufinus
522 2976 627 3008 hebet
659 2979 764 3008 etiam
804 2978 878 3008 loeo
905 2986 973 3009 nvn
998 2987 1087 3011 sno:
1125 2979 1276 3011 audisset
1301 2979 1500 3011 adolescens
1523 2982 1660 3011 etian-
1686 2982 1722 3012 in
1751 2981 1852 3014 Πω-

97 3020 189 3052 mh'a
224 3028 336 3051 senna
369 3022 442 3052 ian
478 3019 644 3064 Goryiam
675 3023 893 3055 moderatius
918 3026 1151 3066 temperarit.)
1188 3042 1223 3048 —
1267 3025 1324 3057 17.
1361 3028 1432 3057 iam
1458 3027 1574 3057 minus
1601 3026 1671 3058 Εῆ.
1696 3028 1764 3059 ΑΙιΙ
1804 3045 1850 3052 —-

97 3067 155 3099 19.
181 3068 334 3098 corre-rit
360 3067 448 3105 Eri..
474 3068 605 3103 Aldus.
631 3076 693 3110 qut
719 3073 823 3111 igitur
848 3072 996 3102 consulit
1022 3071 1134 3104 Codd.
1162 3073 1403 3111 interpolatos.
1439 3087 1484 3094 ·—
1524 3073 1582 3104 ἳι.
1607 3073 1753 3106 diri-us
1777 3075 1847 3108 Vin.

98 3114 196 3145 mes.
222 3112 322 3145 Mon.
348 3112 417 3147 Gn.
442 3113 478 3144 2.
503 3115 548 3146 R.
573 3115 630 3150 (Ut
655 3125 743 3155 nos,
771 3116 862 3153 Eri.)
895 3134 928 3141 -
955 3121 987 3148 ee
1011 3126 1081 3150 om.
1110 3118 1180 3150 Eri.
1209 3117 1276 3151 Ga.
1303 3118 1339 3150 3.
1366 3133 1407 3140 -·
1434 3118 1492 3149 25.
1517 3119 1723 3160 perpulisset
1751 3122 1848 3154 Eius.

97 3159 161 3192 Dr.
187 3157 255 3192 Gn.
283 3159 319 3190 1.
345 3159 381 3190 2.
409 3160 451 3192 tt.
488 3177 531 3184 —
571 3162 631 3193 2⁶.
658 3163 769 3194 Aures
791 3165 883 3195 enim
904 3164 957 3195 vel
982 3163 1134 3206 animas]
1162 3166 1237 3205 lpse
1260 3166 1350 3196 min
1374 3164 1425 3197 vei
1449 3167 1590 3197 enimus
1609 3165 1691 3198 ⁴Yet.
1721 3168 1844 3207 steph.

98 3205 167 3239 Gu-
193 3206 228 3238 3.
255 3205 323 3238 Βῆ.
351 3204 484 3246 (Codd.
510 3209 739 3248 interpolati.)
767 3225 805 3232 -
843 3210 902 3242 28.
928 3208 1069 3252 mutila]
1110 3211 1250 3243 hiantia
1276 3210 1345 3241 Vit-
1378 3211 1472 3242 Eius.
1501 3212 1561 3243 Dr.
1587 3211 1655 3245 Gn.
1684 3216 1717 3246 1.
1747 3216 1847 3247 R.-

96 3251 157 3284 33.
179 3256 306 3293 poetae
330 3261 452 3285 tersus
478 3253 555 3285 Vet-
582 3254 705 3296 Steph-
732 3255 799 3288 Gu-
826 3256 861 3289 ³.
890 3257 958 3289 Βῆ.
986 3273 1027 3280 -
1068 3255 1126 3290 ³5.
1153 3258 1360 3289 admonente
1382 3263 1519 3291 mura
1541 3260 1598 3291 A:
1620 3265 1755 3294 natura
1781 3261 1843 3293 od-

95 3304 255 3333 nonenee
278 3307 357 3332 cum
383 3302 509 3333 ceteris
534 3300 604 3334 RB.
