2117 3762
317 273 369 314 98
976 270 1046 309 DE
1077 269 1402 312 INVENTIONE

426 381 494 420 22.
541 375 832 419 Benevolentia
862 378 1055 427 quattuor
1085 388 1137 414 ex
1165 373 1266 415 locis
1297 383 1578 430 comparatur:
1628 375 1680 415 ab
1711 381 1875 425 nostra,
1908 375 1958 419 ab
1991 378 2063 419 ad·

314 444 620 489 versariorum,
666 441 716 479 ab
755 438 936 479 iudicum
974 448 1175 490 persona,
1223 439 1273 477 ab
1311 437 1399 492 ipsa
1437 452 1572 478 causa.
1633 440 1693 478 Ab
1731 445 1898 487 nostra,
1947 443 1979 482 si
2011 443 2062 482 dc

314 505 464 547 nostris
493 504 610 546 factis
641 507 680 542 et
710 499 856 541 officiis
886 497 973 539 sine
1004 499 1240 551 arrogantia
1269 501 1476 549 dicemus3
1510 500 1544 541 si
1575 499 1745 540 crimina
1775 502 1888 542 illata
1918 509 1958 543 et
1988 503 2061 544 ali-

314 583 414 624 quas
443 566 576 608 minus
607 566 801 605 honestas
831 560 1085 616 suspiciones
1116 560 1284 601 iniectas
1315 562 1538 612 diluemus;
1573 563 1628 610 si,
1660 577 1766 616 quae
1796 563 2061 606 incommoda

284 632 536 673 ⁵acciderint
565 632 634 668 aut
665 638 767 680 quae
798 625 949 664 instent
980 621 1267 671 difficultates,
1311 626 1603 676 proferemus3
1651 626 1684 665 si
1714 639 1838 678 prece
1871 631 1911 666 et
1941 628 2062 668 obse-

313 695 493 735 cratione
535 689 678 730 humili
718 701 764 728 ac
802 685 978 741 supplici
1019 691 1198 726 utemur.
1274 688 1334 726 Ab
1365 686 1694 728 adversariorum
1725 693 1881 734 autem,
1914 689 1948 729 si
1989 703 2061 730 eos

312 762 382 797 aut
424 757 466 795 in
511 751 650 793 odium
694 755 763 790 aut
805 749 847 790 in
885 747 1082 790 invidiam
1120 754 1189 788 aut
1229 748 1272 787 in
1309 750 1655 804 contemptionem
1687 749 1953 791 adducemus.
2014 752 2062 790 In

312 819 452 859 odium
482 814 714 861 ducentur,
747 813 780 852 si
811 813 922 867 quod
954 825 1098 852 eorum
1130 824 1301 865 spurce,
1335 814 1530 866 superbe,
1564 814 1810 860 crudeliter,
1858 812 2062 853 malitiose

310 881 461 920 factum
482 875 746 930 proferetur3
779 875 821 915 in
850 875 1071 922 invidiam,
1105 875 1138 914 si
1159 874 1220 914 vis
1243 887 1409 919 eorum,
1441 874 1652 928 potentia,
1688 876 1877 922 divitiae,
1911 888 2063 930 cogna-

261 955 296 979 10
311 945 392 990 tio,
438 940 638 995 pecuniae
676 936 943 992 proferentur
978 942 1099 992 atque
1139 937 1284 977 eorum
1323 950 1420 976 usus
1462 951 1660 991 arrogans
1694 943 1735 979 et
1764 938 2057 987 intolerabilis,

310 1010 355 1046 ut
383 1002 445 1044 his
474 1004 600 1044 rebus
630 1000 760 1055 magis
790 999 1007 1042 videantur
1037 1013 1160 1055 quain
1199 1012 1346 1039 causae
1388 1013 1485 1039 suae
1527 999 1759 1049 confidere;
1808 1002 1850 1041 in
1881 1008 2063 1042 contem-

308 1067 492 1122 ptionem
525 1066 800 1112 adducentur,
832 1064 865 1105 si
897 1076 1040 1104 eorum
1071 1063 1242 1109 inertia,
1275 1062 1551 1115 negligentia,
1586 1063 1766 1116 ignavia,
1807 1063 2062 1105 desidiosum

308 1130 487 1170 studium
529 1133 570 1169 et
607 1127 867 1168 luxuriosum
898 1127 1027 1166 otium
1056 1125 1308 1180 proferetur.
1365 1123 1427 1164 Ab
1459 1126 1696 1166 auditorum
1726 1139 1906 1180 persona
1935 1128 2062 1167 bene-

307 1192 489 1233 volentia
518 1191 771 1246 captabitur,
819 1188 854 1230 si
891 1203 958 1229 res
997 1190 1048 1228 ab
1079 1188 1142 1228 his
1172 1186 1354 1235 fortiter,
1401 1187 1630 1242 sapienter,
1678 1195 1891 1230 mansuete
1922 1194 2061 1243 gestae

257 1271 292 1296 15
308 1255 596 1310 proferentur,
629 1258 675 1294 ut
703 1267 755 1293 ne
785 1266 866 1307 qua
895 1251 1117 1292 assentatio
1148 1251 1275 1290 nimia
1306 1249 1584 1304 significetur3
1618 1256 1658 1291 et
1692 1252 1797 1292 side
1817 1250 1904 1300 his,
1939 1265 2062 1307 quam

306 1318 481 1358 honesta
525 1314 775 1356 existimatio
820 1322 1052 1370 quantaque
1091 1326 1234 1354 eorum
1272 1312 1411 1354 iudicii
1451 1319 1491 1354 et
1521 1312 1776 1354 auctoritatis
1807 1314 2060 1367 exspectatio

307 1378 382 1427 sit,
417 1381 685 1429 ostendetur3
718 1380 769 1418 ab
800 1379 899 1432 ipsis
929 1376 1076 1424 rebus,
1110 1376 1144 1416 si
1174 1381 1356 1417 nostram
1380 1389 1545 1416 causam
1566 1375 1772 1417 laudando
1794 1378 2057 1425 extollemus,

306 1441 639 1483 adversariorum
685 1454 849 1482 causam
894 1454 969 1493 per
1012 1439 1361 1493 contemptionem
1406 1438 1701 1493 deprimemus.
1763 1441 1832 1480 23.
1871 1441 2062 1480 Attentos

306 1511 443 1546 autem
474 1504 694 1552 faciemus,
741 1504 774 1544 si
805 1502 1180 1543 demonstrabimus
1217 1514 1289 1549 ea,
1337 1514 1440 1556 quae
1481 1502 1630 1542 dicturi
1667 1502 1851 1551 erimus,
1898 1516 2061 1556 magna,

256 1584 293 1610 20
306 1582 435 1618 nova,
466 1567 723 1608 incredibilia
754 1580 843 1607 esse
862 1597 873 1614 ‚
907 1570 977 1606 aut
1005 1563 1056 1605 ad
1087 1578 1231 1605 omnes
1261 1568 1331 1604 aut
1360 1563 1411 1604 ad
1443 1577 1541 1613 eos,
1576 1566 1646 1619 qui
1676 1566 1870 1612 audient,
1911 1571 1981 1606 aut
2010 1566 2062 1605 ad

307 1632 466 1686 aliquos
505 1630 685 1671 illustres
723 1629 913 1670 homines
953 1633 1022 1668 aut
1060 1629 1111 1668 ad
1142 1626 1242 1668 deos
1272 1627 1526 1667 immortales
1559 1632 1629 1667 aut
1660 1627 1710 1668 ad
1741 1641 1942 1668 summam
1971 1641 2062 1668 rem

305 1692 511 1748 publicam
540 1694 781 1748 pertinere3
830 1696 870 1732 et
914 1691 949 1731 si
988 1689 1278 1745 pollicebimur
1316 1703 1392 1730 nos
1436 1690 1553 1730 brevi
1584 1695 1767 1730 nostram
1797 1704 1962 1732 causam
1993 1689 2064 1731 de-

305 1761 607 1796 monstraturos
638 1761 761 1809 atque
793 1766 1048 1808 exponemus
1087 1753 1383 1794 iudicationem
1414 1757 1482 1792 aut
1511 1751 1806 1801 iudicationes,
1859 1752 1891 1793 si
1922 1752 2062 1807 plures

307 1824 442 1860 erunt.
502 1817 668 1859 Dociles
698 1816 910 1857 auditores
939 1816 1139 1856 faciemus
1158 1846 1169 1864 ,
1212 1816 1246 1855 si
1276 1820 1418 1868 aperte
1451 1820 1491 1855 et
1520 1814 1703 1856 breviter
1732 1829 1933 1856 summam
1967 1829 2063 1856 cau-

256 1898 291 1922 25
307 1895 374 1922 sae
405 1894 689 1934 exponemus,
736 1881 818 1920 hoc
849 1885 935 1927 est,
982 1878 1025 1919 in
1056 1892 1138 1932 quo
1171 1877 1368 1918 consistat
1398 1879 1695 1918 controversia.
1767 1880 1868 1919 Nam
1899 1885 1938 1919 et
1968 1891 2062 1918 cum

307 1945 483 1986 docilem
512 1943 616 1985 velis
645 1944 805 1990 facere,
839 1940 960 1982 simul
989 1946 1190 1982 attentum
1218 1939 1344 1981 facias
1365 1945 1544 1994 oportet.
1607 1942 1706 1981 Nam
1736 1940 1771 1981 is
1801 1945 1863 1980 est
1883 1941 2061 1981 maxime

307 2006 475 2055 docilis,
508 2007 579 2061 qui
608 2006 876 2047 attentissime
907 2009 968 2044 est
996 2008 1162 2057 paratus
1193 2005 1350 2044 audire.

419 2070 549 2112 XVII.
595 2071 712 2109 Nunc
742 2067 1039 2108 insinuationes
1071 2068 1422 2119 quemadmodum
1459 2064 1625 2106 tractari
1661 2064 1905 2122 conveniat,
1947 2065 2063 2105 dein-

308 2148 404 2190 ceps
435 2131 654 2175 dicendum
685 2132 863 2172 videtur.
925 2129 1205 2170 Insinuatione
1228 2128 1353 2181 igitur
1372 2127 1569 2170 utendum
1592 2133 1673 2175 est,
1706 2141 1797 2168 cum
1820 2127 2062 2168 admirabile

258 2213 294 2240 ³0
309 2211 437 2252 genus
466 2210 615 2237 causae
645 2199 732 2242 est,
772 2196 853 2234 hoc
883 2197 963 2240 est,
1005 2196 1051 2232 ut
1080 2197 1172 2232 ante
1204 2191 1381 2232 diximus
1400 2224 1409 2239 ‚
1456 2205 1548 2232 cum
1581 2192 1741 2232 animus
1772 2189 1973 2231 auditoris
2001 2189 2063 2230 in-

307 2260 435 2302 festus
479 2264 555 2300 est.
630 2257 676 2299 Id
706 2261 842 2298 autem
872 2256 1004 2296 tribus
1032 2268 1083 2295 ex
1113 2255 1246 2295 causis
1275 2253 1320 2295 fit
1349 2254 1556 2295 maxime:
1605 2254 1639 2294 si
1669 2258 1738 2294 aut
1765 2252 1874 2295 inest
1900 2254 1944 2294 in
1971 2252 2063 2305 ipsa

309 2337 430 2365 causa
462 2324 663 2377 quaedam
693 2317 906 2372 turpitudo
925 2349 935 2366 ‚
975 2324 1045 2359 aut
1074 2316 1125 2358 ab
1155 2317 1229 2365 iis,
1262 2317 1331 2372 qui
1363 2323 1456 2358 ante
1487 2316 1701 2365 dixerunt,
1749 2315 1831 2357 iam
1867 2314 2062 2371 quiddam

309 2386 488 2428 auditori
516 2397 759 2440 persuasum
789 2380 980 2430 videtur,
1029 2385 1099 2421 aut
1129 2393 1177 2420 eo
1209 2385 1396 2435 tempore
1434 2381 1549 2421 locus
1580 2379 1744 2420 dicendi
1773 2380 1918 2426 datur,
1968 2390 2062 2418 cum

307 2451 390 2490 iam
431 2448 518 2495 illi,
566 2460 668 2500 quos
709 2445 853 2486 audire
892 2448 1082 2497 oportet,
1129 2442 1278 2484 defessi
1317 2448 1411 2484 sunt
1456 2442 1677 2484 audiendo.
1738 2443 1842 2483 Nam
1887 2454 1941 2481 ex
1983 2441 2061 2481 hac

260 2529 294 2555 35
310 2524 476 2568 quoque
517 2523 562 2551 re
600 2523 686 2549 non
726 2508 860 2548 minus
900 2520 1022 2561 quam
1053 2520 1104 2547 ex
1132 2505 1276 2559 primis
1306 2504 1465 2546 duabus
1495 2505 1538 2546 in
1568 2510 1732 2546 oratore
1763 2516 2061 2557 nonnunquam

309 2573 470 2616 animus
510 2571 710 2613 auditoris
755 2569 992 2612 offenditur.
1053 2569 1121 2609 22.
1167 2570 1210 2610 Si
1248 2581 1394 2609 causae
1431 2567 1644 2621 turpitudo
1685 2567 1899 2608 contrahet
1929 2567 2062 2605 offen-

310 2636 497 2684 sionem,
543 2639 613 2675 aut
642 2647 718 2686 pro
753 2647 802 2673 eo
833 2632 1023 2681 homine,
1070 2633 1111 2672 in
1142 2646 1224 2685 quo
1256 2631 1501 2678 offenditur,
1547 2631 1673 2671 alium
1702 2629 1944 2677 hominem,
1990 2627 2061 2682 qui

311 2698 516 2753 diligitur,
548 2695 757 2750 interponi
789 2701 976 2749 oportet3
1009 2701 1079 2736 aut
1107 2708 1181 2750 pro
1214 2709 1285 2743 re,
1326 2696 1368 2736 in
1398 2709 1480 2748 qua
1509 2693 1755 2741 offenditur,
1801 2691 1924 2732 aliam
1952 2704 2058 2739 rem,

310 2775 415 2816 quae
445 2761 671 2813 probatur3
719 2763 788 2799 aut
825 2772 900 2813 pro
942 2772 987 2799 re
1023 2759 1232 2799 hominem
1270 2764 1339 2798 aut
1367 2771 1443 2812 pro
1474 2756 1639 2798 homine
1670 2770 1786 2804 rem,
1828 2759 1874 2796 ut
1903 2755 1955 2795 ab
1986 2767 2053 2802 e0‚

261 2841 296 2866 40
311 2826 422 2878 quod
453 2822 568 2871 odit,
602 2823 653 2862 ad
684 2820 726 2862 id
745 2852 756 2870 ,
798 2820 911 2875 quod
940 2820 1094 2874 diligit,
1137 2820 1335 2861 auditoris
1365 2822 1525 2861 animus
1557 2821 1816 2868 traducatur;
1867 2822 1909 2858 et
1938 2817 2058 2858 dissi-

310 2887 467 2927 mulare
498 2887 540 2926 id
570 2890 609 2926 te
650 2885 943 2931 defensurum,
991 2885 1101 2937 quod
1141 2884 1389 2924 existimeris
1429 2882 1697 2931 defensurus3
1745 2880 1919 2928 deinde,
1965 2891 2058 2920 cum

404 2995 437 3025 2.
465 3003 488 3025 α
514 3001 625 3024 causa
649 2993 726 3032 ipsa
751 2992 801 3027 R,
843 3001 865 3022 a
891 3000 996 3023 causa
1020 2991 1121 3023 PAT.
1166 2991 1221 3032 (Ut
1245 3001 1306 3023 nos
1323 3015 1331 3029 ,
1369 2989 1427 3031 V.)
1469 3007 1508 3013 -
1550 2995 1674 3022 nostra
1703 2997 1854 3030 persona
1877 2988 1932 3026 R,
1975 2988 2058 3019 item

311 3039 433 3075 Lamb,
464 3045 497 3071 et
524 3040 629 3076 Sch.,
657 3045 806 3078 uterque
833 3046 894 3069 sua
921 3048 960 3070 ex
986 3041 1075 3070 coni.
1116 3056 1154 3061 —
1199 3038 1232 3069 4.
1267 3038 1516 3078 suspicationes
1540 3037 1570 3068 R
1588 3061 1596 3073 ,
1636 3037 1730 3074 Ers.‚
1771 3045 1838 3076 quo
1866 3042 1982 3067 errore
2008 3037 2059 3064 in-

314 3087 435 3117 ductus
465 3086 631 3119 Graevius
659 3085 912 3118 commendavit
936 3086 1233 3125 suspectationes;
1260 3091 1420 3117 neutrum
1448 3089 1498 3116 est
1522 3085 1696 3116 Latinum.
1718 3083 1785 3115 OR.
1806 3099 1848 3104 --
1874 3082 1908 3114 8.
1934 3081 2060 3112 ducen-

311 3137 370 3164 tur
395 3133 515 3163 PART
542 3136 718 3173 ceterique
745 3132 822 3164 libri
849 3135 948 3163 noti:
992 3133 1210 3163 adducentur
1237 3140 1316 3163 cum
1343 3133 1444 3163 Iunta
1471 3134 1505 3164 et
1527 3131 1648 3163 Lamo.
1678 3131 1716 3162 E.
1743 3146 1788 3151 —-
1828 3128 1884 3160 13.
1919 3128 2059 3159 audito·

312 3177 404 3219 rum]
432 3180 583 3210 ¹iudicum
621 3180 689 3211 Ers.
716 3179 841 3211 Duisb.
870 3179 992 3211 Graev.
1022 3179 1102 3210 Sch.
1148 3179 1363 3218 (Nostrorum
1391 3179 1516 3211 nultus.
1580 3179 1641 3210 Est
1667 3181 1783 3209 autem
1810 3175 2058 3214 interpolatum

314 3236 352 3257 ex
378 3226 568 3257 Victorino.
597 3225 679 3265 Oa.)
709 3243 746 3249 —-
773 3227 831 3258 20.
859 3227 998 3258 audient
1023 3225 1166 3257 PART:
1194 3227 1343 3257 audiunt
1368 3226 1407 3257 E.
1435 3242 1479 3248 —
1504 3226 1560 3256 ⁴21.
1590 3224 1822 3264 reipublicae
1845 3221 1943 3252 PAT.
1971 3220 2057 3262 (non

312 3272 406 3311 VR.)
434 3289 473 3294 —
501 3272 556 3303 25.
583 3271 672 3303 Nam
699 3282 766 3304 om.
794 3272 854 3304 ΑΤ
883 3278 916 3305 et
941 3281 1028 3304 corr.
1056 3272 1095 3304 P.
1133 3271 1229 3312 (nam
1255 3277 1285 3304 et
1310 3273 1451 3304 docilem
1483 3281 1534 3312 pr.
1562 3269 1618 3313 P.)
1659 3286 1698 3292 —
1737 3269 1793 3301 26.
1827 3270 1874 3300 est
1906 3269 2058 3301 maxime

313 3319 434 3350 docilis
460 3318 567 3349 PAT:
595 3320 744 3350 maxime
769 3321 889 3351 docilis
915 3324 962 3350 est
987 3320 1061 3351 RE.
1095 3335 1129 3342 —
1157 3319 1212 3351 34.
1239 3319 1304 3358 illi]
1331 3320 1360 3352 εἰ
1377 3320 1451 3351 AT.
1474 3336 1511 3343 —
1539 3319 1595 3352 35.
1624 3320 1795 3351 oratorem
1820 3315 1881 3347 AT
1907 3320 1941 3349 et
1967 3324 2054 3348 corr.

312 3365 353 3398 P.
380 3382 421 3387 —
448 3365 506 3397 41.
535 3370 566 3399 te
590 3365 627 3398 id
652 3366 720 3399 PR.
749 3363 832 3407 (non
857 3364 979 3407 VAT.)
