2117 3762
751 234 847 272 Lm.
881 233 947 273 lv.
1008 232 1051 275 (ἶ.
1084 234 1151 273 55.
1190 234 1259 273 56.
1830 239 1883 279 87

130 339 239 396 quod
270 339 335 380 alii
366 353 456 380 cum
490 338 673 380 molestia
707 336 837 379 tribus
869 336 919 377 de
951 338 1082 379 causis
1112 339 1289 379 maxime
1321 338 1494 380 faciunt:
1529 345 1597 380 aut
1626 339 1686 387 si,
1719 340 1884 395 quicum

130 402 302 444 libenter
333 407 624 447 exerceantur,
672 414 752 440 non
783 398 933 441 hahent
970 407 1037 440 aut
1083 401 1115 442 si
1157 401 1234 441 sibi
1271 401 1461 442 dil'lidunt
1510 408 1579 443 aut
1616 401 1650 441 si
1686 402 1883 451 nesciunt,

129 479 248 521 quam
284 468 388 506 viam
420 463 535 518 sequi
567 461 760 510 debeant;
794 476 897 516 quae
928 477 950 501 a
975 461 1093 503 nohis
1114 466 1263 505 absunt
1284 478 1426 505 omnes
1449 462 1721 505 dillicultates.
1782 467 1883 506 Nam

129 535 168 569 et
198 528 317 569 simul
358 526 532 568 libenter
562 539 807 567 exercemur
839 532 1008 580 propter
1039 526 1288 573 amicitiam,
1339 526 1454 567 cuius
1493 525 1653 567 initium
1694 528 1883 580 cognatio

129 589 245 637 fecit,
292 596 426 631 cetera
470 587 755 643 philosophiae
795 591 899 628 ratio
946 588 1228 637 conlirmavit;
1276 593 1315 629 et
1358 587 1476 629 nohis
1517 603 1600 629 non
1646 586 1912 638 diffidimus,5

128 659 349 707 propterea
387 651 496 707 quod
528 655 567 690 et
597 650 892 705 aliquantulum
933 653 1211 705 processimus
1242 656 1282 691 et
1312 651 1390 691 alia
1421 655 1515 692 sunt
1545 649 1742 698 meliora,
1778 664 1883 704 quae

129 715 256 756 multo
289 715 480 756 intentius
511 712 687 768 petimus
719 711 757 753 iu
790 713 887 759 vita,
920 718 990 759 ut,
1035 711 1110 752 etsi
1142 726 1223 753 non
1261 716 1572 767 pervenerimus
1613 712 1653 753 in
1695 713 1882 762 dicendo,

129 792 210 832 quo
232 777 441 824 volumus,
475 788 600 830 parva
631 788 725 830 pars
757 775 861 815 vitae
888 774 1207 829 perfectissimae
1229 774 1505 824 desideretur;
1539 779 1578 816 ct
1599 775 1728 823 viam,
1761 790 1882 831 quam

128 851 371 894 sequamur,
417 837 617 878 habemus
636 870 645 885 ‚
686 845 906 893 propterea
935 839 1045 892 quod
1076 837 1117 878 in
1147 837 1212 878 his
1242 837 1359 879 libris
1390 838 1489 879 nihil
1520 840 1790 891 praeteritum
1822 845 1884 881 est

127 901 358 943 rhetoricae
395 899 711 955 praeceptionis,
1893 923 1931 948 10

242 962 588 1017 [Demonstratum
629 969 687 1003 est
726 963 856 1011 enim,
901 962 1109 1018 quomodo
1141 977 1208 1004 res
1239 962 1281 1004 in
1312 961 1502 1004 omnibus
1533 962 1754 1018 generibus
1786 978 1882 1006 cau-

127 1040 265 1067 sarum
296 1025 473 1067 inveniri
505 1031 717 1080 oporteat3
751 1025 904 1066 dictum
937 1032 1016 1073 est,
1051 1039 1133 1079 quo
1163 1031 1282 1080 pacto
1315 1039 1383 1066 eas
1404 1025 1621 1080 disponere
1643 1026 1881 1077 conveniat;

127 1087 317 1129 traditum
339 1094 416 1134 est,
449 1102 527 1143 qua
558 1095 715 1128 ratione
739 1095 845 1128 esset
874 1088 1255 1142 pronuntiandum;
1301 1094 1566 1143 praeceptum
1598 1097 1676 1136 est,
1709 1102 1786 1144 qua
1815 1091 1882 1131 via

127 1151 361 1192 meminisse
395 1164 630 1205 possemus3
680 1152 1006 1191 demonstratum
1037 1155 1114 1198 est,
1148 1149 1295 1204 quibus
1328 1150 1459 1191 modis
1490 1152 1671 1204 perfecta
1701 1150 1879 1194 elocutio

126 1219 446 1268 compararetur.
507 1216 621 1263 Quae,
653 1213 685 1253 si
716 1215 1010 1265 exsequimur,
1045 1218 1160 1252 acute
1192 1218 1232 1253 et
1262 1212 1343 1253 cito
1373 1215 1651 1266 reperiemus,
1692 1213 1878 1256 distincte
1892 1236 1928 1262 15

127 1281 167 1316 et
197 1275 383 1317 ordinate
416 1275 703 1331 disponemus,
754 1275 935 1327 graviter
975 1280 1015 1315 ct
1047 1280 1216 1316 venuste
1247 1273 1633 1330 pronuntiabimus,
1682 1275 1798 1317 firme
1839 1283 1880 1318 et

124 1344 327 1394 perpetuo
360 1339 691 1386 meminerimus,
725 1343 866 1379 ornate
898 1342 938 1378 et
967 1338 1148 1379 suaviter
1179 1337 1435 1392 eloquemur.
1493 1339 1602 1392 Ergo
1633 1338 1807 1394 amplius
1836 1339 1878 1381 in

125 1407 213 1442 arte
243 1401 453 1442 rhetorica
484 1401 583 1442 nihil
613 1406 684 1441 est.
744 1402 857 1440 Haec
886 1400 1025 1441 omnia
1047 1399 1337 1456 adipiscemur,
1368 1400 1401 1441 si
1422 1401 1603 1443 rationes
1623 1401 1879 1458 praeceptio-

124 1462 188 1504 nis
218 1462 428 1518 diligentia
459 1477 761 1518 consequemur
792 1462 1132 1518 exercitationis]

218 1609 250 1640 1.
280 1611 416 1649 quicum
442 1609 517 1640 PT:
547 1611 604 1649 qui
631 1619 681 1649 pr.
704 1611 748 1646 F,
777 1618 923 1650 quocum
950 1617 995 1641 rc-
1017 1610 1065 1647 F,
1093 1610 1292 1649 quibuscum
1317 1610 1370 1647 R,
1397 1619 1474 1641 cum
1498 1610 1619 1651 quibus
1647 1618 1724 1642 cum
1753 1610 1873 1643 Lamb.

125 1655 165 1686 E.
203 1654 270 1693 (De
298 1657 355 1687 AB
382 1665 448 1686 non
477 1655 614 1695 liquet.)
651 1674 689 1678 —
734 1658 766 1686 -2.
795 1662 855 1687 auc
890 1658 1046 1687 nesciunt
1082 1656 1210 1688 PBFT.
1249 1674 1289 1679 —
1335 1656 1367 1687 6.
1396 1657 1618 1696 aliquantum
1644 1657 1688 1695 P,
1730 1657 1873 1690 voss-1.

126 1701 224 1732 Leid.
248 1704 273 1732 Ι.
304 1720 342 1725 -—
383 1708 461 1734 sunt
488 1705 635 1734 meliora
660 1703 856 1734 PABFRT:
884 1704 1027 1734 meliora
1051 1708 1132 1734 sunt
1159 1705 1196 1735 E.
1234 1721 1275 1726 —
1316 1704 1351 1736 7.
1378 1708 1415 1734 ut
1440 1706 1502 1735 etsi
1528 1704 1580 1736 PF
1609 1704 1758 1744 aliique:
1786 1709 1822 1736 ut
1848 1707 1878 1737 si

125 1748 166 1783 Τ,
194 1754 232 1779 ut
251 1751 388 1780 etiamsi
407 1750 536 1781 ABRE.
561 1766 599 1772 —
628 1752 682 1781 11.
713 1751 995 1781 Demonstratum
1021 1754 1097 1780 esc-
1113 1768 1127 1773 -
1144 1767 1157 1772 -
1182 1749 1455 1791 eaeercitationis]
1485 1751 1678 1784 Subditicia
1698 1752 1782 1784 haec
1800 1761 1875 1784 esse

125 1794 212 1826 vidit
240 1798 305 1827 iam
334 1796 523 1831 Gruterus;
552 1797 694 1829 seclusit
721 1797 801 1828 Sch.
829 1814 870 1819 -—
897 1798 953 1828 12.
981 1799 1178 1829 conveniret
1206 1799 1285 1829 Ern.
1310 1800 1399 1830 coni.
1431 1815 1467 1821 —
1497 1799 1552 1830 13.
1580 1802 1664 1831 esset
1686 1807 1753 1830 om.
1774 1799 1799 1830 F
1823 1808 1875 1831 so-

125 1843 177 1873 lus
205 1851 243 1873 ex
272 1845 409 1875 nostris.
440 1861 479 1865 —
508 1843 563 1874 13.
593 1854 662 1884 qua
688 1843 759 1884 via]
787 1853 832 1884 qu
853 1865 860 1873 .
882 1854 903 1875 a
932 1842 1006 1883 (sic)
1034 1844 1076 1881 P,
1105 1854 1176 1885 qua
1202 1845 1278 1882 FT,
1306 1854 1374 1877 om.
1404 1853 1453 1883 pr.
1483 1845 1523 1876 Α.
1552 1863 1591 1868 -
1619 1845 1674 1877 114.
1698 1847 1875 1885 possimus

123 1889 212 1920 ΑΕΚ
240 1893 273 1919 et
299 1897 384 1920 corr·
409 1889 447 1920 P.
498 1889 541 1921 Ut
567 1899 648 1926 nos,
678 1890 734 1922 BT
761 1894 796 1922 et.
822 1899 872 1927 pr.
896 1890 933 1921 Ρ.
968 1906 1000 1911 -
1045 1892 1099 1922 15.
1129 1897 1351 1931 comparetur
1376 1891 1505 1923 ABFT.
1555 1892 1598 1924 Ut
1622 1902 1704 1931 nos,
1732 1892 1802 1924 PR.
1835 1909 1870 1915 —-

123 1936 301 1976 sequimur
316 1936 422 1969 ΡΒΗ,
449 1944 635 1976 sequamur
654 1938 692 1968 T.
725 1953 762 1959 -—
794 1937 846 1968 16.
883 1938 1002 1969 ordine
1028 1937 1073 1974 P,
1103 1939 1173 1970 Eri.
1200 1939 1269 1970 Cir.
1297 1939 1545 1971 Ruhnkenium
1573 1939 1614 1972 ad
1639 1940 1816 1972 Mun-etum
1842 1939 1870 1970 Ι.

126 1991 158 2022 p.
179 1981 234 2013 38.
265 2000 301 2005 —
345 1983 399 2014 18.
430 1985 660 2021 conceptionis
687 1984 738 2015 PF
765 1989 797 2015 et
824 1993 872 2022 pr.
905 1985 946 2015 Α.
975 1999 1015 2006 -
1053 1984 1109 2016 19.
1145 1989 1177 2017 et
1200 1987 1445 2019 exercitatione
1471 1987 1517 2026 B,
1543 1987 1583 2019 L.
1625 2002 1665 2010 —
1698 1986 1747 2022 M.
1785 1987 1874 2020 Tulli

126 2029 298 2062 Ciceronis
323 2030 369 2061 ad
394 2030 592 2062 herennium
619 2031 704 2062 liber
732 2031 787 2063 Vl.
816 2030 967 2070 explicit.
995 2031 1092 2062 PAF.
