2117 3762
718 248 817 288 Lm.
851 246 881 287 I.
941 247 984 287 C.
1019 248 1058 287 5.
1093 248 1132 287 6.
1166 248 1206 288 7.
1241 249 1280 288 8.
1846 257 1870 296 5

123 354 188 396 his
219 354 342 394 rebus
372 367 448 394 nos
479 353 776 393 insinuabimus
807 354 858 392 ad
889 366 1079 393 causam:
1114 354 1164 393 de
1187 368 1261 400 eo,
1295 354 1405 407 qnod
1438 355 1660 395 adversarii
1691 356 1874 399 lii-missi-

124 431 236 457 mum
267 417 344 457 sibi
376 417 656 457 adiumentum
688 416 948 468 putaverint,
996 417 1173 468 primum
1214 431 1290 456 nos
1330 417 1512 456 dicturos
1552 419 1870 472 pollicebimur;

123 485 192 520 aut
223 481 273 520 ab
305 479 529 520 adversarii
561 480 669 519 dicto
702 479 992 525 exordiemur,
1027 484 1066 518 et
1097 480 1147 518 ab
1179 492 1228 518 eo
1261 479 1463 527 maxime,
1498 482 1608 533 qnod
1632 482 1699 520 ille
1725 498 1874 535 nuper-

123 543 226 583 rime
258 542 434 588 dixerit;
482 546 551 581 aut
588 541 843 581 dubitatione
883 547 1074 589 utemur,
1133 542 1229 595 quid
1271 542 1530 594 potissimum
1578 544 1760 584 dieamus
1805 553 1875 586 aut

123 606 187 645 cui
233 605 324 645 loco
370 604 549 656 primum
587 605 942 656 respomleamus,
993 618 1083 643 cum
1128 604 1416 644 :ultan-atione.
1490 606 1530 644 Si
1570 606 1718 646 defessi
1756 615 1876 648 erunt
1909 620 1924 645 ⁵

123 667 360 713 audiendo,
404 667 455 705 ab
487 666 625 719 aliqua
656 679 723 714 re,
772 681 876 720 quae
919 667 1042 706 risum
1076 679 1243 706 movere
1278 667 1434 719 possit,
1486 665 1780 723 [exordiemur]
1823 673 1874 711 ab

123 730 326 782 apologo,
359 728 497 767 sabula
528 729 615 768 veri
641 730 789 775 simili,
825 729 1052 769 imitatione
1085 729 1332 780 depravata,
1366 730 1628 779 inversione,
1661 733 1873 785 ambiguo,

123 792 385 844 suspicione,
434 790 624 831 irrisione
666 793 883 839 stultitiae,
931 792 1275 843 exsuperatione,
1337 793 1584 840 collatione,
1648 794 1875 835 litterarum

123 854 378 900 mutatione3
426 858 642 904 praeterea
688 855 1023 907 exspectatione,
1072 854 1369 901 similitudine,
1418 856 1628 903 novitate„
1679 858 1873 905 historia,

122 930 272 963 versu,
318 920 388 955 aut
417 916 468 954 ab
508 916 681 955 alieuius
720 917 1053 969 interpellatione
1100 921 1170 955 ant
1207 916 1435 964 arrisiom=;
1484 922 1524 957 et
1564 918 1595 956 si
1638 919 1925 970 promiscii-10

121 992 211 1019 mus
256 978 402 1025 aliter,
449 991 495 1017 ac
542 980 672 1031 parati
718 980 946 1026 fuerimus,
996 993 1071 1017 nos
1109 992 1198 1018 esse
1231 979 1438 1027 dicturos-3
1488 993 1563 1019 nos
1601 994 1683 1020 non
1726 983 1875 1022 eodem

121 1041 244 1080 modo
267 1071 276 1086 ,
322 1045 367 1079 ut
396 1041 522 1080 ceteri
554 1043 742 1089 soleant,
790 1043 917 1082 verba
947 1041 1156 1089 facturos3
1206 1041 1304 1095 quid
1335 1041 1403 1080 alii
1435 1042 1623 1091 soleant,
1673 1045 1770 1098 quid
1800 1058 1877 1085 nos

121 1103 268 1143 facturi
310 1102 466 1151 simus,
518 1105 702 1145 breviter
746 1117 1017 1157 exponemus,
1092 1104 1181 1144 vti.
1229 1106 1293 1143 11.
1339 1104 1450 1144 Inter
1484 1105 1804 1147 insinuationem
1837 1111 1878 1147 et

120 1165 370 1219 principium
415 1166 496 1206 hoc
537 1168 723 1207 interest.
798 1167 1048 1219 Principium
1082 1167 1287 1207 eiusmodi
1327 1167 1452 1206 debet
1491 1181 1607 1216 esse,
1659 1173 1703 1208 ut
1739 1170 1874 1209 statim

121 1228 274 1280 apertis
305 1227 559 1277 rationibus,
595 1231 745 1284 quibus
776 1230 1118 1282 praescripsimus
1137 1260 1147 1277 ‚
1195 1234 1265 1268 aut
1294 1230 1544 1269 benevolum
1576 1234 1646 1270 aut
1675 1235 1873 1272 attentum
1893 1243 1923 1268 ¹5

121 1301 190 1337 aut
220 1296 398 1336 docilem
428 1294 626 1333 faciamus
657 1293 917 1333 auditorem:
966 1298 1007 1333 at
1036 1292 1257 1331 insinuatio
1290 1291 1495 1332 eiusmodi
1527 1293 1653 1332 debet
1683 1307 1799 1341 esse,
1832 1300 1878 1335 ut

122 1359 282 1399 occulte
314 1373 389 1411 per
419 1355 791 1397 dissimulationem
824 1357 970 1395 cadem
999 1356 1070 1395 illa
1102 1355 1242 1395 omnia
1273 1353 1568 1403 conficiamus,
1609 1360 1655 1395 ut
1691 1357 1741 1396 ad
1781 1371 1878 1397 ean-

121 1423 214 1462 dem
247 1421 582 1461 commoditatem
621 1419 662 1458 in
705 1419 868 1458 dicendi
909 1432 1035 1470 opere
1075 1418 1296 1471 pervenire
1335 1417 1556 1470 possimus.
1616 1418 1771 1458 Verum
1800 1421 1877 1460 hae

121 1490 204 1524 tres
234 1484 431 1524 utilitates
466 1482 629 1522 tametsi
668 1482 710 1521 in
749 1486 834 1520 tota
865 1482 1053 1521 oratione
1084 1486 1179 1521 sunt
1209 1481 1539 1533 comparandae,
1587 1482 1668 1522 hoc
1700 1487 1787 1530 est,
1833 1487 1879 1522 ut

121 1547 331 1587 auditores
363 1560 453 1586 sese
483 1549 688 1597 perpetuo
721 1544 842 1583 nobis
873 1548 1051 1584 attentos
1071 1574 1081 1591 ,
1130 1543 1315 1591 dociles,
1364 1544 1592 1584 benevolos
1632 1546 1875 1597 praebeant,
1891 1554 1925 1580 20

121 1615 258 1649 tamen
289 1610 329 1649 id
362 1623 436 1660 per
467 1608 686 1647 exordium
719 1620 867 1646 causae
907 1607 1087 1647 maxime
1129 1607 1455 1657 comparandum
1498 1611 1574 1647 est.
1636 1609 1777 1655 Nunc,
1825 1622 1877 1648 ne

122 1673 288 1726 quando
319 1672 470 1711 xitioso
504 1670 677 1709 exordio
720 1674 909 1716 utamur,
957 1682 1063 1723 quae
1104 1669 1203 1709 vitia
1238 1668 1406 1709 vitanda
1436 1669 1542 1717 sint,
1592 1669 1768 1710 docebo.
1830 1671 1877 1710 In

122 1735 377 1775 exordienda
409 1746 531 1772 eausa
561 1733 807 1772 servandum
841 1737 926 1780 est,
960 1736 1005 1771 ut
1035 1732 1138 1771 lenis
1170 1732 1221 1770 sit
1251 1744 1387 1771 sermo
1420 1737 1459 1771 ct
1480 1732 1628 1772 usitata
1648 1734 1873 1773 verborum

121 1797 402 1843 consuetudo,
454 1800 497 1834 ut
529 1808 612 1834 non
644 1800 841 1847 apparata
872 1795 1003 1834 oratio
1037 1808 1126 1834 esse
1156 1794 1362 1834 rideatur.
1422 1795 1625 1834 Vitiosum
1656 1796 1873 1835 exordium

121 1864 207 1907 est,
255 1860 367 1913 quod
397 1858 440 1897 in
470 1858 610 1910 plures
643 1871 786 1897 causas
817 1861 955 1909 potest
985 1857 1317 1904 accommodari,
1370 1858 1480 1911 quod
1510 1858 1679 1911 vulgare
1711 1859 1925 1898 dicum-,2⁵

121 1923 224 1962 Item
254 1922 449 1962 vitiosum
482 1925 566 1967 est,
601 1933 681 1973 quo
714 1920 844 1959 nihilo
877 1920 1012 1959 minus
1043 1921 1304 1959 adversarius
1335 1924 1473 1971 potest
1501 1920 1590 1967 uti,
1624 1922 1734 1974 quod
1766 1934 1878 1961 com-

121 1998 244 2024 muue
275 1984 523 2036 appellatur.
586 1983 689 2022 Item
721 1983 846 2029 illud,
901 1995 982 2035 quo
1027 1980 1189 2035 [leviter
1232 1979 1499 2035 commutato]
1534 1983 1794 2025 adversarius
1825 1998 1878 2024 ex

122 2047 329 2087 contrario
361 2046 516 2099 poterit
544 2046 620 2085 uti.
697 2046 800 2085 Item
832 2045 1027 2085 vitiosum
1058 2050 1142 2093 est,
1196 2046 1307 2099 quod
1338 2045 1509 2083 nimium
1540 2050 1736 2097 apparate
1767 2059 1879 2085 com-

122 2110 303 2162 positum
346 2114 409 2149 est
447 2113 517 2148 aut
555 2108 676 2147 nimis
719 2109 889 2160 longum
920 2112 1010 2155 est,
1056 2113 1097 2147 et
1127 2108 1238 2161 quod
1270 2121 1353 2146 non
1384 2121 1434 2147 ex
1466 2107 1556 2159 ipsa
1586 2120 1708 2146 causa
1738 2112 1877 2147 natum

121 2173 310 2212 videatur
343 2169 497 2225 [,quod
528 2176 763 2223 separatum
794 2174 995 2218 vocatur;
1028 2170 1069 2209 in
1101 2183 1182 2223 quo
1215 2170 1338 2210 etiam
1362 2170 1600 2209 translatum
1620 2169 1926 2224 includitur],³0

121 2241 166 2275 ut
196 2235 364 2288 proprie
395 2235 618 2274 cohaereat
648 2247 739 2273 cum
772 2232 1036 2281 narratione3
1081 2238 1120 2273 et
1151 2234 1262 2287 quod
1295 2246 1431 2286 neque
1461 2233 1711 2272 benevolum
1741 2247 1877 2287 neque

123 2298 300 2338 docilem
331 2310 466 2351 neque
504 2301 704 2336 attentum
745 2296 844 2336 sacit
878 2296 1127 2335 auditorem.
1203 2296 1311 2335 VIII.
1355 2297 1415 2336 De
1453 2295 1625 2335 exordio
1664 2295 1761 2335 satis
1801 2296 1878 2336 erit

123 2361 305 2400 dictum:
340 2360 538 2411 deinceps
569 2360 619 2399 ad
650 2359 930 2399 narrationem
962 2363 1234 2399 transeamus.

237 2424 301 2462 12.
345 2423 636 2462 Narrationum
682 2422 760 2461 tria
805 2434 958 2475 genera
1002 2426 1110 2461 sunt.
1187 2422 1318 2461 Unum
1358 2425 1448 2469 est,
1497 2433 1589 2460 cum
1630 2418 1877 2471 exponimus

123 2499 211 2525 rem
243 2489 399 2538 gestam
431 2490 472 2525 et
500 2483 815 2539 unumquidr'pie
858 2484 1059 2524 trahimus
1103 2485 1155 2524 ad
1198 2484 1419 2524 utilitatem
1463 2488 1645 2523 nostram
1685 2481 1876 2522 vincendi
1891 2489 1924 2515 ³5

123 2560 269 2595 causa,
316 2548 428 2601 quod
469 2548 650 2600 pertinet
689 2549 739 2587 ad
771 2560 839 2587 eas
871 2560 1041 2594 causas,
1089 2547 1139 2586 de
1178 2547 1328 2601 quibus
1359 2545 1554 2586 iudicium
1584 2545 1767 2584 futurum
1798 2547 1872 2582 est.

216 2692 249 2722 1.
279 2692 380 2724 rebus
404 2701 467 2723 nos
494 2692 696 2723 PABFRT:
723 2701 789 2724 nos
813 2693 912 2724 rebus
940 2693 979 2723 E.
1007 2709 1049 2714 —
1075 2692 1108 2724 6.
1138 2692 1356 2722 emordiemur
1382 2700 1450 2722 om.
1483 2689 1659 2721 PABFRT
1676 2711 1685 2725 ‚
1713 2690 1877 2726 quocirca

125 2739 392 2771 seclusimus.-
412 2739 446 2770 7.
469 2738 588 2778 fabula
608 2740 806 2771 PABFRT:
828 2749 849 2771 a
864 2739 983 2780 sabula
1003 2739 1041 2769 E.
1063 2756 1104 2762 —-
1120 2739 1316 2778 depravata
1337 2739 1360 2768 B
1379 2748 1387 2770 :
1409 2738 1660 2777 depravatione
1680 2735 1874 2765 PAFRTE.

126 2788 158 2816 in
188 2786 214 2815 R
249 2786 369 2817 eadem
403 2794 524 2817 manus
550 2787 734 2825 adscripsit
758 2787 810 2817 vel
837 2787 1033 2826 depravata
1066 2787 1271 2816 inversione.
1313 2801 1348 2806 —-
1393 2785 1427 2815 8.
1466 2784 1617 2814 stultitia
1653 2781 1875 2813 PABFRTE.

126 2832 282 2864 Correxit
309 2832 388 2863 Seli.
419 2850 456 2855 —
493 2835 716 2873 superatione
741 2833 886 2870 AFRT,
929 2833 1152 2872 separatione
1178 2832 1214 2862 P.
1252 2849 1289 2854 —
1335 2832 1530 2863 collectione
1567 2828 1758 2860 mut-'tut
1809 2827 1876 2859 Sed

127 2880 188 2909 cfr.
217 2877 258 2908 de
286 2878 344 2910 Or.
373 2880 414 2918 2,
439 2879 496 2911 66.
527 2897 568 2902 -
596 2880 651 2911 14.
680 2880 846 2911 eiusmodi
873 2878 1077 2910 PAnrn'r:
1108 2878 1303 2908 huiusmodi
1334 2878 1372 2909 Ε.
1405 2894 1441 2899 -
1482 2877 1536 2908 15.
1565 2876 1694 2914 apertis
1721 2875 1771 2906 his
1797 2882 1876 2906 cum

125 2924 248 2956 Dur-b.
266 2925 389 2957 Graev.
441 2926 485 2957 Ut
510 2935 571 2957 nos
587 2950 594 2961 ,
626 2929 744 2957 nostri.
769 2944 807 2949 -
840 2926 894 2958 18.
922 2926 1304 2965 dicendioperevenire
1319 2923 1515 2959 PABFRT,
1542 2923 1683 2953 dicendo
1699 2922 1878 2960 pervenire

127 2973 215 3003 haud
247 2971 518 3010 improbabiliter
545 2974 664 3005 Lamb-
704 2990 743 2995 —
783 2973 845 3004 24.
884 2974 1043 3004 videatur
1080 2980 1148 3002 esse
1172 2971 1316 3007 Plssn'r,
1358 2972 1519 3001 videatur
1545 2968 1625 3008 (om.
1654 2969 1733 3008 esse)
1766 2969 1806 2999 Α.
1840 2982 1875 2988 --

125 3020 182 3050 ⁶27.
212 3019 334 3052 leviter
359 3023 572 3051 commutato
599 3030 667 3052 om.
689 3020 865 3051 PABFRT
883 3044 891 3056 ,
920 3021 1080 3059 quocirca
1101 3018 1317 3050 seclusimus.
1349 3018 1491 3048 Videtur
1510 3016 1720 3047 inculcatum
1745 3025 1783 3047 ex
1804 3014 1876 3045 Cic.

127 3066 168 3098 dc
196 3066 269 3097 lnv.
299 3068 337 3099 1.
365 3064 419 3095 18-
466 3083 503 3088 -
568 3075 609 3097 em
634 3068 815 3097 contrario
837 3068 967 3106 poterit
994 3065 1046 3095 uti
1074 3065 1214 3095 PABT:
1263 3066 1389 3102 poterit
1414 3063 1465 3094 uti
1501 3071 1544 3093 ea:
1584 3063 1765 3094 contrario
1800 3061 1875 3099 RE,

122 3114 252 3152 poterit
290 3113 341 3142 utt'
378 3111 459 3150 (om.
486 3121 528 3142 ez·
553 3113 744 3144 contrario)
772 3114 808 3143 F.
849 3130 888 3134 —
932 3112 987 3144 28.
1017 3115 1187 3150 apparate
1219 3110 1303 3141 BFT
1338 3116 1369 3141 ct
1400 3118 1486 3140 corr.
1513 3109 1560 3140 P:
1605 3113 1802 3148 apparatae
1827 3107 1876 3144 Α,

127 3160 314 3198 apparatis
342 3168 391 3198 pr.
414 3157 461 3193 P,
489 3161 672 3198 apparatis
697 3159 809 3191 verbis
835 3160 874 3190 E.
901 3176 938 3181 —-
978 3158 1035 3190 29.
1064 3156 1182 3197 ironis]
1210 3158 1353 3187 nimium
1379 3156 1536 3187 rABr'r.
1565 3171 1604 3177 --
1632 3155 1687 3188 30.
1717 3155 1878 3186 videatur

126 3205 330 3237 PABrnT:
376 3205 515 3235 videtur
543 3205 580 3236 E.
624 3223 662 3228 —
705 3206 769 3237 Vv.
807 3207 897 3245 quod
921 3222 934 3227 -
958 3221 969 3226 —
995 3222 1008 3227 -
1032 3205 1226 3235 includitur
1257 3212 1324 3234 om.
1354 3202 1551 3239 PARFRT,
1580 3204 1740 3241 quocirca
1767 3201 1878 3233 seclu-

127 3260 245 3283 sunus.
276 3269 311 3275 —-
358 3251 413 3282 32.
443 3252 507 3282 erit
534 3251 663 3283 dictum
687 3253 851 3283 PBFRT:
880 3253 1011 3283 dictum
1035 3256 1083 3282 esc
1110 3250 1182 3282 An.
1214 3265 1252 3272 --
1296 3249 1351 3281 34..
1381 3250 1453 3280 tria
1477 3257 1604 3290 yenera
1627 3252 1708 3280 sunt
1733 3247 1875 3279 PAFR:

129 3299 199 3329 tria
233 3303 311 3330 sunt
346 3307 476 3340 genera
512 3298 594 3333 BE,
633 3305 713 3330 sunt
740 3300 809 3329 tria
840 3307 965 3340 yefnera
991 3298 1032 3328 T.
1063 3314 1100 3319 —-
1142 3305 1247 3328 unum
1273 3304 1338 3336 quo
1366 3304 1571 3335 exponemus
1596 3295 1635 3326 B.
1669 3293 1788 3334 (unum
1811 3301 1878 3335 quo

129 3347 230 3376 etiam
255 3344 310 3386 L.)
330 3362 370 3368 -
398 3345 453 3377 35.
474 3345 728 3386 unumquidque
753 3346 837 3377 RL:
865 3344 1131 3386 unumquodque
1147 3343 1339 3375 PABF'sE.
1370 3360 1407 3366 —
1435 3343 1608 3376 trahemus
1633 3342 1673 3373 B.
