2117 3762
247 256 326 298 188
944 255 1013 295 DE
1046 254 1292 297 ORATORE

245 364 296 404 de
326 362 554 417 prooemiis
584 366 624 404 et
655 364 705 403 de
735 360 909 414 epilogis
940 363 980 400 et
1010 358 1060 400 de
1089 359 1326 403 huiusmodi
1357 363 1476 415 nugis
1508 360 1578 415 (sic
1608 362 1715 402 enim
1746 361 1990 418 appellabat)

244 425 387 467 referti
417 431 553 467 essent
583 439 726 466 eorum
755 421 867 464 libri:
901 423 951 463 de
983 421 1214 463 civitatibus
1243 423 1521 471 instituendis,
1554 423 1603 464 de
1634 422 1862 466 scribendis
1894 426 1995 481 legi-

244 487 345 537 bus,
388 487 439 529 de
469 489 694 543 aequitate,
735 487 784 525 de
815 483 992 531 iustitia,
1040 482 1092 524 de
1123 481 1224 532 fide,
1257 488 1307 527 de
1337 485 1573 541 frangendis
1604 485 1915 539 cupiditatibus,
1946 489 1997 531 de

245 549 550 592 conformandis
580 547 792 590 hominum
822 546 1009 588 moribus
1040 545 1178 587 littera
1208 547 1251 587 in
1281 561 1426 590 eorum
1458 548 1575 590 libris
1597 548 1709 589 nulla
1729 548 1997 597 inveniretur,

214 614 312 654 ⁵87.
346 615 436 668 Ipsa
481 625 578 653 vero
618 615 835 666 praecepta
873 609 931 651 sic
969 608 1143 650 illudere
1188 607 1366 659 solebat,
1413 616 1458 653 ut
1488 610 1723 652 ostenderet
1752 625 1836 653 non
1867 612 1992 655 modo

245 689 317 716 eos
347 679 536 730 expertes
567 686 656 714 esse
687 672 796 714 illius
826 672 1092 726 prudentiae,
1138 684 1261 726 quam
1293 670 1371 712 sibi
1401 673 1669 721 asciscerent,
1709 673 1781 715 sed
1812 688 1863 716 ne
1892 677 1999 717 hanc

245 736 407 792 quidem
438 736 567 789 ipsam
598 734 759 776 dicendi
789 734 991 776 rationem
1024 748 1069 775 66
1099 733 1210 774 viam
1240 746 1378 774 nosse.
1440 736 1569 790 Caput
1591 737 1699 777 enim
1721 736 1998 778 arbitrabatur

244 813 334 841 esse
364 799 560 846 oratoris,
590 802 636 838 ut
666 802 705 838 et
735 797 855 851 ipsis,
890 798 999 850 apud
1031 809 1133 852 quos
1165 800 1329 849 ageret,
1363 796 1474 844 talis,
1507 799 1670 852 qualem
1702 812 1745 840 se
1772 799 1861 852 ipse
1883 805 2001 854 opta-

244 867 327 909 ret,
361 858 609 910 videretur33
627 859 668 901 id
698 858 788 901 fieri
817 859 925 902 vitae
956 858 1174 913 dignitate,
1207 856 1257 898 de
1284 871 1363 912 qua
1384 858 1483 899 nihil
1504 860 1700 902 rhetorici
1722 861 1789 903 isti
1811 861 2001 904 doctores

194 937 229 961 10
244 924 285 965 in
314 922 544 978 praeceptis
575 922 659 963 suis
690 922 977 977 reliquissent:
1032 927 1072 962 et
1102 921 1160 962 uti
1192 919 1250 967 61,
1284 920 1353 975 qui
1384 919 1595 971 audirent,
1643 924 1702 965 sic
1732 923 2000 966 afficerentur

244 985 414 1034 animis,
461 991 505 1026 ut
536 998 607 1027 eos
638 984 744 1026 affici
776 985 898 1027 vellet
928 989 1092 1033 orator3
1144 984 1255 1038 quod
1293 983 1392 1023 item
1432 981 1518 1024 fieri
1554 985 1666 1027 nullo
1697 989 1823 1028 modo
1853 1000 1999 1043 posse,

242 1047 320 1089 nisi
352 1053 571 1102 cognosset
599 1047 659 1096 is,
711 1047 782 1103 qui
819 1047 990 1094 diceret,
1037 1050 1138 1102 quot
1174 1046 1308 1086 modis
1348 1047 1563 1087 hominum
1594 1052 1748 1089 mentes
1779 1055 1819 1090 et
1849 1051 1997 1105 quibus

243 1115 283 1151 et
312 1123 395 1166 quo
427 1123 577 1164 genere
607 1109 807 1151 orationis
838 1109 881 1150 in
921 1122 1130 1165 quamque
1174 1113 1331 1162 partem
1374 1113 1666 1149 moverentur:
1717 1113 1818 1152 11666
1861 1118 2000 1153 61116111

243 1186 333 1214 6556
363 1172 527 1226 penitus
558 1171 601 1213 in
630 1173 764 1213 media
794 1171 1059 1227 philosophia
1089 1177 1251 1212 retrusa
1283 1177 1404 1226 atque
1435 1170 1591 1221 abdita;
1625 1186 1728 1227 quae
1759 1173 1827 1215 isti
1858 1177 2001 1215 rheto-

195 1252 228 1277 15
243 1249 310 1277 res
340 1249 391 1276 ne
421 1233 677 1289 primoribus
709 1234 876 1290 quidem
906 1234 1033 1276 labris
1064 1234 1305 1289 attigissent.
1364 1235 1435 1274 88.
1478 1235 1535 1274 Ea
1565 1236 1830 1277 Menedemus
1861 1250 2003 1278 exem-

242 1298 319 1353 plis
349 1300 480 1351 magis
511 1312 633 1352 quam
664 1296 915 1352 argumentis
934 1296 1163 1339 conabatur
1192 1296 1404 1338 refellere.
1467 1296 1708 1338 Memoriter
1738 1296 1846 1338 enim
1875 1298 2003 1340 multa

243 1374 295 1401 ex
325 1359 582 1402 orationibus
611 1359 878 1402 Demostheni
919 1360 1134 1413 praeclare
1175 1359 1328 1412 scripta
1368 1358 1638 1413 pronuntians
1680 1357 1855 1401 docebat
1884 1360 2002 1402 illum

242 1422 285 1464 in
315 1423 461 1464 animis
492 1422 557 1464 vel
587 1421 768 1464 iudicum
799 1424 867 1463 vel
898 1422 1042 1476 populi
1071 1423 1113 1463 in
1144 1435 1308 1463 omnem
1330 1427 1490 1476 partem
1514 1421 1691 1463 dicendo
1712 1425 2002 1475 permovendis

242 1498 325 1526 non
354 1484 482 1526 fuisse
514 1484 729 1539 ignarum,
781 1484 929 1539 quibus
961 1499 1009 1526 ea
1041 1487 1162 1526 rebus
1194 1490 1545 1539 consequeretur,
1594 1498 1698 1538 quae
1728 1490 1898 1539 negaret
1927 1485 1998 1527 ille

193 1565 229 1590 20
243 1547 331 1589 sine
367 1546 630 1601 philosophia
670 1560 919 1602 quemquam
962 1560 1083 1588 nosse
1114 1561 1253 1602 posse.
1315 1548 1408 1587 XX.
1444 1548 1511 1587 89.
1560 1546 1667 1587 Huic
1700 1545 1796 1601 [ille]
1829 1561 2004 1603 respon-

243 1609 367 1651 debat
402 1624 487 1651 non
527 1624 570 1651 se
609 1623 760 1664 negare
800 1611 1121 1650 Demosthenem
1166 1622 1366 1650 summam
1413 1607 1674 1662 prudentiam
1719 1623 2003 1665 summamque

242 1674 325 1713 vim
356 1670 548 1714 habuisse
580 1672 766 1722 dicendi3
821 1674 893 1713 sed
924 1673 1014 1713 sive
1044 1672 1111 1714 ille
1142 1674 1220 1713 hoc
1250 1670 1416 1725 ingenio
1447 1670 1648 1726 potuisset
1677 1671 1788 1719 sive,
1819 1672 1861 1713 id
1892 1671 2005 1727 quod

244 1740 468 1783 constaret,
520 1735 696 1777 Platonis
728 1734 936 1775 studiosus
968 1733 1158 1775 audiendi
1191 1733 1358 1780 fuisset,
1404 1746 1507 1780 non,
1551 1733 1648 1788 quid
1678 1733 1747 1775 ille
1778 1734 2001 1789 potuisset,

243 1798 314 1840 sed
345 1800 443 1854 quid
473 1797 540 1839 isti
572 1797 792 1846 docerent,
825 1810 913 1838 esse
944 1796 1239 1852 quaerendum.
1303 1798 1369 1837 90.
1404 1798 1535 1849 Saepe
1568 1795 1692 1837 etiam
1724 1799 1766 1838 in
1796 1811 1885 1838 eam
1912 1811 2006 1853 par-

194 1868 326 1902 251661
357 1860 570 1903 ferebatur
600 1859 811 1908 oratione,
844 1865 890 1900 ut
920 1859 1089 1900 omnino
1122 1858 1350 1912 disputaret
1377 1858 1528 1899 nullam
1549 1864 1679 1900 artem
1702 1873 1791 1900 esse
1814 1859 2001 1918 dicendj3

243 1924 370 1979 idque
401 1939 493 1964 cum
525 1922 778 1977 argumentis
809 1921 1031 1969 docuerat,
1081 1924 1192 1976 quod
1222 1921 1278 1962 ita
1309 1922 1394 1961 nati
1426 1934 1630 1970 essemus,
1681 1926 1726 1962 ut
1756 1928 1795 1962 et
1824 1921 2004 1964 blandiri

247 1993 288 2028 et
331 1986 570 2042 suppliciter
612 1985 822 2026 insinuare
862 1984 931 2032 iis,
980 1999 1004 2025 a
1034 1983 1182 2039 quibus
1226 1988 1333 2024 esset
1370 1985 1615 2038 petendum,
1664 1988 1705 2024 et
1743 1984 2004 2025 adversarios

244 2048 462 2089 minaciter
490 2055 650 2089 terrere
680 2061 897 2100 possemus
928 2053 967 2088 et
997 2060 1083 2087 rem
1116 2051 1271 2100 gestam
1303 2059 1513 2100 exponere
1545 2051 1584 2086 et
1615 2045 1679 2094 id,
1723 2049 1833 2101 quod
1871 2046 2006 2088 inten-

246 2110 461 2159 deremus,
495 2110 740 2152 confirmare
772 2117 810 2152 et
841 2109 904 2157 id,
938 2108 1048 2165 quod
1080 2115 1221 2150 contra
1251 2107 1477 2156 diceretur,
1510 2107 1698 2149 refellere
1732 2114 1771 2150 et
1797 2110 1848 2150 ad
1870 2115 2007 2150 extre-

197 2188 359 2216 3611111111
390 2174 604 2228 deprecari
636 2172 792 2228 aliquid
823 2178 862 2214 et
893 2172 1121 2226 conqueri,
1175 2172 1324 2225 quibus
1369 2172 1411 2210 in
1452 2172 1578 2212 rebus
1619 2172 1753 2212 omnis
1792 2176 2005 2213 oratorum

246 2243 484 2279 versaretur
523 2236 722 2284 facultas,
777 2240 817 2277 et
858 2238 968 2290 quod
1009 2235 1265 2275 consuetudo
1309 2233 1635 2288 exercitatioque
1677 2239 1716 2274 et
1750 2233 2007 2288 intelligendi

248 2299 508 2353 prudentiam
541 2305 706 2340 acueret
736 2304 776 2339 et
808 2297 1030 2352 eloquendi
1063 2297 1318 2337 celeritatem
1350 2295 1562 2345 incitaret3
1597 2300 1682 2337 tum
1709 2297 1833 2337 etiam
1866 2311 2008 2338 exem-

247 2364 413 2418 plorum
445 2363 564 2418 copia
593 2363 816 2402 nitebatur.
852 2362 944 2413 391.
977 2362 1078 2400 Nam
1110 2358 1289 2414 primum
1320 2359 1436 2413 quasi
1469 2360 1607 2399 dedita
1639 2373 1769 2412 opera
1799 2358 2007 2400 neminem

250 2426 493 2480 scriptorem
531 2424 630 2465 artis
666 2438 719 2465 ne
764 2422 1032 2464 mediocriter
1072 2421 1240 2476 quidem
1276 2421 1475 2462 disertum
1514 2420 1640 2462 fuisse
1672 2420 1861 2469 dicebat,
1913 2434 2006 2462 cum

202 2503 236 2529 35
251 2493 460 2543 repeteret
488 2501 618 2543 usque
650 2501 673 2528 a
705 2489 860 2529 Corace
890 2486 1031 2526 nescio
1062 2498 1145 2540 quo
1177 2489 1217 2525 et
1247 2483 1380 2532 Tisia,
1415 2497 1519 2538 quos
1549 2484 1649 2524 artis
1679 2484 1789 2524 illius
1820 2484 2007 2524 invento-

345 2596 378 2626 2.
407 2596 448 2626 de
472 2589 703 2625 describendis
727 2593 766 2624 R.
798 2608 834 2613 -—
865 2592 897 2622 [ι.
927 2591 1174 2632 confirmandis
1202 2590 1245 2621 R.
1282 2605 1323 2611 —-
1362 2590 1479 2620 littera
1509 2590 1609 2620 nulla
1641 2589 1680 2618 in
1715 2597 1832 2620 eorum
1858 2589 1955 2620 libris
1980 2588 2007 2620 B

253 2642 404 2682 aliique,
432 2642 486 2673 R:
516 2641 633 2672 littera
658 2641 695 2671 in
719 2648 836 2671 eorum
863 2638 957 2669 libris
981 2638 1079 2668 'nulla
1108 2638 1146 2668 E.
1176 2655 1218 2658 —
1244 2637 1276 2669 6.
1307 2645 1361 2668 605
1386 2645 1457 2667 non
1482 2635 1585 2667 modo
1611 2635 1653 2666 R.
1691 2651 1730 2657 —
1759 2639 1912 2674 expertes
1939 2643 2008 2666 esse

253 2690 347 2720 illius
373 2688 483 2719 Codd.
512 2688 554 2719 al.
573 2711 581 2725 ,
610 2688 663 2717 R:
707 2687 800 2717 illius
825 2690 979 2723 expertes
1005 2692 1072 2716 esse
1099 2683 1170 2714 BE.
1208 2701 1249 2706 —
1287 2683 1321 2715 7.
1351 2682 1595 2714 arbitrabatur
1622 2691 1688 2713 esse
1714 2682 1740 2713 B
1766 2684 1897 2721 aliique
1915 2705 1924 2718 ,
1953 2682 2005 2713 R:

254 2744 322 2767 6556
348 2735 592 2766 arbitrabatur
620 2734 659 2766 E.
692 2749 730 2755 —
759 2732 791 2763 8.
821 2740 853 2763 56
878 2734 950 2770 ipse
976 2740 1045 2762 esse
1072 2734 1208 2770 optaret
1237 2731 1260 2762 B
1279 2754 1286 2768 ‚
1314 2730 1515 2761 Lambinus.
1544 2745 1583 2750 —
1625 2728 1659 2760 9.
1687 2728 1761 2769 fieri
1787 2732 1817 2759 et
1841 2729 1935 2760 vitae
1962 2729 2005 2759 R.

255 2799 294 2804 ——
324 2784 378 2814 10.
408 2783 437 2814 ei
463 2782 488 2813 B
514 2782 672 2821 aliique:
712 2788 829 2810 eorum
854 2778 926 2810 RE.
957 2795 993 2801 —-
1037 2778 1092 2808 11.
1129 2779 1255 2808 animis
1281 2776 1391 2808 Codd.
1427 2777 1497 2808 ab:
1537 2776 1646 2806 animi
1672 2775 1745 2806 RE.
1789 2775 1857 2811 (De
1886 2776 1916 2822 Βν
1937 2784 2006 2806 non

255 2829 394 2868 liquet.)
424 2846 462 2851 —-
489 2829 568 2860 velit
596 2828 665 2858 BR.
697 2843 733 2849 -—
763 2826 851 2857 idem
871 2826 911 2856 R.
934 2841 971 2846 —
1001 2824 1056 2854 12.
1086 2827 1262 2865 coqnesset
1289 2832 1327 2855 ex
1354 2823 1462 2855 Codd.
1484 2821 1527 2853 al.
1556 2822 1692 2854 volebat
1718 2822 1767 2853 T:
1795 2824 2009 2863 cognosceret

255 2875 365 2913 BRE,
405 2876 617 2917 coynovisset
644 2883 682 2905 ex
712 2873 840 2903 Erfurt.
873 2871 1089 2903 Henrichsen
1118 2870 1168 2910 (et
1196 2871 1358 2902 Ellendtii
1386 2869 1539 2907 operae).
1571 2885 1607 2891 —-
1652 2868 1774 2909 quibus
1799 2869 1825 2900 B
1851 2869 2004 2907 aliique:

255 2922 377 2962 quibus
402 2923 500 2953 rebus
526 2922 598 2953 RE.
626 2937 665 2942 —
711 2919 765 2951 13.
795 2926 1030 2959 quamcunque
1058 2926 1096 2950 ex
1124 2917 1236 2948 Codd.
1267 2917 1310 2948 61.
1340 2916 1380 2947 T.
1410 2914 1466 2956 (Ut
1492 2924 1578 2953 nos,
1607 2912 1728 2956 BRE.)
1756 2931 1793 2938 —-
1823 2915 1878 2947 14.
1905 2911 2007 2955 quae]

256 2976 358 3007 quam
384 2969 548 3000 Watkero
575 2973 715 2999 auctore
743 2966 936 2997 Schotzius.
958 2980 997 2987 —
1023 2964 1078 2995 16.
1107 2963 1257 3002 refellere
1283 2963 1477 2994 conabatur
1503 2962 1532 2992 R
1561 2966 1594 2993 et
1621 2961 1780 2994 Ellendtii
1807 2970 1945 3001 operae.
1965 2977 2005 2983 —

258 3015 312 3046 17.
340 3016 555 3046 Demostheni
581 3015 690 3046 Codd.
720 3013 785 3044 al.:
814 3011 1052 3042 Demosthenis
1078 3010 1180 3042 BRE.
1213 3027 1248 3033 -
1292 3009 1436 3041 docebat
1466 3009 1491 3039 B
1518 3009 1668 3048 aliique:
1707 3008 1840 3040 dicebat
1863 3008 1935 3039 RE.
1968 3022 2003 3028 -

255 3062 311 3092 20.
340 3070 436 3092 nosse
462 3062 486 3092 B
513 3063 664 3100 aliique:
689 3061 774 3091 scire
799 3058 871 3089 RE.
902 3075 940 3081 -
968 3054 1073 3096 Huic]
1111 3056 1179 3088 Hic
1206 3065 1283 3088 cum
1311 3056 1422 3088 Oxon.
1450 3055 1480 3087 ὁ.
1512 3056 1688 3088 Mulierus.
1718 3070 1757 3077 -
1796 3055 1851 3086 ille
1875 3064 1892 3086 a
1920 3055 1945 3085 B
1973 3057 2007 3086 et

257 3108 414 3138 omnihus
444 3108 607 3140 Ellendtii
635 3107 745 3139 Codd.
775 3107 938 3137 omissum
965 3104 1108 3136 seclusit
1135 3103 1297 3136 Orellius.
1324 3101 1454 3144 (Habet
1479 3100 1537 3143 R.)
1566 3119 1604 3125 -—
1648 3103 1705 3133 21.
1732 3109 1871 3143 negasse
1895 3101 1933 3131 B.
1965 3117 2003 3122 --

256 3154 313 3185 25.
342 3154 545 3185 omnimodis
573 3156 597 3185 B
625 3159 658 3187 et
684 3154 747 3186 Ox.
776 3160 867 3184 unus
894 3151 991 3190 prob.
1022 3151 1181 3183 Pearcio.
1212 3166 1250 3172 —-
1278 3149 1336 3180 26.
1363 3149 1519 3180 blandiri
1543 3153 1573 3180 et
1597 3149 1797 3189 suppliciter
1821 3147 1946 3187 quibus
1963 3146 2005 3184 B,

258 3200 410 3233 blandiri
434 3201 630 3240 suppliciter
655 3202 698 3233 iis
725 3198 797 3239 (sic)
824 3200 867 3230 R.
895 3197 1064 3237 (Uterque
1091 3205 1160 3228 om.
1180 3195 1388 3236 insinuare.)
1416 3212 1455 3218 —
1482 3195 1540 3227 27.
1568 3205 1590 3227 α
1615 3196 1738 3234 quibus
1764 3194 1900 3233 aliquid
1924 3196 2008 3225 esset

259 3247 302 3278 R.
331 3264 373 3268 —-
399 3246 455 3278 28.
483 3248 584 3278 minis
612 3247 648 3278 C.
675 3247 886 3287 Stephanus.
918 3261 955 3267 -
996 3245 1052 3277 29.
1081 3246 1113 3275 et
1138 3243 1231 3284 quod
1257 3247 1379 3274 contra
1405 3243 1443 3273 B.
1475 3260 1512 3265 —
1556 3247 1587 3274 et
1612 3246 1691 3274 ante
1717 3241 1764 3272 ad
1789 3247 1857 3271 om.
1886 3240 1936 3276 B,
1965 3242 2005 3270 ut

260 3293 382 3334 Steph.
411 3301 449 3323 ae
476 3293 593 3325 Lamb.
616 3310 656 3315 -
683 3294 737 3325 31.
765 3298 795 3325 et
821 3290 928 3334 quod]
958 3301 1032 3323 cum
1057 3295 1088 3323 et
1114 3290 1157 3321 R.
1182 3306 1219 3312 -
1249 3288 1304 3319 32.
1326 3295 1431 3331 atque
1455 3289 1635 3330 eloquendi
1652 3289 1704 3327 B,
1732 3290 1762 3319 et
1783 3286 1946 3327 loquendi
1961 3286 2004 3319 R.

262 3358 298 3365 -
329 3340 384 3372 34.
413 3337 502 3381 cum]
529 3349 633 3382 quam
660 3341 685 3372 B
712 3341 867 3381 aliique,
894 3339 986 3372 unde
1013 3337 1177 3370 Ellendt:
1206 3345 1319 3377 quom.
