2117 3762
697 251 794 291 LIB.
827 249 894 291 IV.
955 250 998 290 C.
1031 250 1099 290 43.
1131 250 1201 291 44.
1235 249 1302 291 55.
1818 251 1871 289 79

122 360 258 404 verbi,
290 356 355 398 cui
388 356 641 397 conclusioni
672 368 823 395 nomen
854 352 946 407 est.]
1022 357 1129 408 Ergo
1162 353 1401 395 huiusmodi
1432 352 1702 392 vehementer
1731 359 1873 394 ornata

122 421 275 476 poterit
305 433 394 460 esse
427 417 645 473 expolitio,
679 430 783 471 quae
815 418 1019 457 constabit
1049 433 1101 458 ex
1133 417 1418 472 frequentibus
1448 412 1670 454 verborum
1702 428 1876 455 exorna-

124 482 306 523 tionibus
338 488 379 523 et
409 479 720 522 sententiarum.
785 481 872 519 Hoc
904 482 1027 520 modo
1061 482 1185 534 igitur
1215 485 1371 534 septem
1403 475 1587 532 partibus
1619 478 1872 517 tractabitur.

125 544 206 586 Sed
245 547 296 585 ab
344 545 529 584 eiusdem
569 543 795 582 sententiae
842 556 922 582 non
963 543 1202 583 recedemus
1244 541 1457 595 exemplo,
1508 544 1553 579 ut
1591 539 1695 579 scire
1727 540 1874 592 possis,

125 622 247 664 quam
278 606 395 648 facite
427 606 716 661 praeceptione
758 607 961 646 rhetorica
999 620 1065 646 res
1096 604 1270 659 simplex
1302 603 1514 658 multiplici
1546 602 1702 642 ratione
1734 607 1880 641 tractc-
1914 612 1927 636 5

126 677 218 712 tur:
268 673 336 711 57.
381 670 550 724 Sapiens
583 667 739 708 nullum
771 682 846 720 pro
878 682 922 708 re
956 667 1120 721 publica
1151 666 1379 719 periculum
1412 666 1576 711 vitabit,
1629 663 1721 705 ideo
1765 666 1876 719 quod

126 748 247 790 saepe
279 734 348 780 lit,
394 738 458 778 ut,
507 744 598 771 cum
631 744 708 782 pro
740 746 782 770 re
814 730 974 785 publica
1007 731 1141 785 perire
1174 730 1380 776 noluerit,
1431 728 1663 768 necessario
1697 741 1790 768 cum
1833 740 1879 767 re

126 798 290 852 publica
321 800 476 850 pereat.
538 796 590 833 Et
633 794 827 848 quoniam
873 795 1010 835 onmia
1056 798 1150 833 sunt
1197 790 1412 831 commoda
1460 805 1481 831 a
1521 791 1648 845 patria
1695 796 1878 843 accepta,

126 860 283 900 nullum
315 858 626 898 incommodum
659 870 734 908 pro
769 858 895 911 patria
930 870 1053 907 grave
1085 856 1310 909 putandum
1343 859 1418 893 est.
1481 855 1590 905 Ergo
1621 853 1690 907 qui
1722 852 1884 906 fugiunt

127 921 166 962 id
199 920 447 976 periculum,
480 921 590 975 quod
623 933 696 973 pro
730 934 772 959 re
804 918 966 974 publica
997 919 1260 958 subeundum
1282 921 1371 963 est,
1407 917 1526 956 stulte
1549 916 1717 956 faciunt.
1779 916 1882 954 Nam
1899 923 1932 948 10

127 998 261 1040 neque
293 982 476 1037 eflugere
508 981 767 1023 incommoda
799 988 971 1036 possunt
1008 987 1048 1021 et
1086 981 1235 1034 ingrati
1277 981 1315 1019 in
1355 979 1559 1019 civitatem
1603 978 1879 1030 reperiuntur.

127 1050 202 1094 At,
252 1045 321 1101 qui
359 1046 515 1100 patriae
555 1045 739 1097 pericula
779 1058 853 1084 suo
901 1044 1086 1096 periculo
1129 1047 1347 1097 expetunt,
1395 1040 1434 1081 bi
1478 1041 1682 1094 sapientes
1714 1041 1883 1093 putandi

128 1115 250 1156 sunt,
281 1122 373 1149 cum
406 1114 445 1149 et
476 1122 590 1153 eum,
628 1121 750 1162 quem
781 1106 952 1151 dehent,
985 1108 1188 1146 honorem
1220 1106 1279 1145 rei
1311 1103 1500 1157 publicae
1532 1104 1708 1143 reddunt
1738 1109 1778 1143 et
1807 1116 1883 1158 pro

128 1173 267 1213 multis
299 1170 435 1225 perire
468 1170 623 1210 malunt
654 1182 775 1224 quam
808 1184 899 1209 cum
924 1169 1077 1210 multis.
1138 1170 1301 1209 Etenim
1324 1169 1594 1208 vehementer
1617 1172 1678 1206 est
1700 1165 1885 1219 iniquum

128 1236 279 1282 vitam,
327 1248 447 1288 quam
491 1248 513 1273 a
552 1239 697 1273 natura
734 1239 945 1286 acceptam
977 1238 1148 1287 propter
1180 1232 1354 1285 patriam
1386 1230 1667 1274 conservaris,
1701 1234 1934 1275 naturae‚1⁵

130 1312 221 1340 cum
254 1303 392 1350 cogat,
446 1297 639 1342 reddere,
688 1296 869 1349 patriae,
919 1309 1012 1335 cum
1045 1299 1191 1347 roget,
1224 1307 1307 1334 non
1347 1294 1468 1339 dare;
1519 1297 1580 1339 et,
1621 1304 1713 1331 cum
1755 1291 1887 1345 possis

131 1374 222 1402 eum
254 1372 412 1400 summa
444 1359 595 1398 virtute
628 1363 667 1397 et
697 1359 853 1397 honore
886 1371 960 1411 pro
992 1359 1122 1411 patria
1152 1357 1341 1402 interire,
1383 1356 1503 1395 malle
1534 1367 1608 1408 per
1639 1352 1817 1393 dedecus
1849 1357 1890 1393 et

130 1423 335 1476 ignaviam
367 1423 538 1468 vivere3
573 1425 632 1465 et,
664 1433 755 1458 eum
788 1432 863 1471 pro
895 1421 1035 1460 amicis
1067 1427 1108 1461 et
1137 1421 1374 1475 parentibus
1406 1424 1447 1459 et
1477 1418 1624 1458 ceteris
1646 1415 1888 1456 necessariis

131 1486 246 1526 adire
278 1483 507 1540 periculum
539 1483 665 1528 velis,
707 1495 781 1536 pro
816 1496 858 1521 re
891 1484 1055 1536 publica
1075 1514 1085 1531 ,
1132 1484 1174 1523 in
1206 1496 1283 1537 qua
1315 1487 1355 1521 et
1384 1482 1488 1521 haec
1520 1485 1559 1521 et
1590 1476 1689 1519 illud
1722 1478 1890 1518 sanctis-

133 1549 280 1588 simum
323 1559 473 1587 nomen
511 1546 665 1600 patriae
706 1545 986 1591 continentur,
1036 1546 1150 1585 nolle
1191 1546 1232 1585 in
1275 1544 1496 1584 discrimen
1534 1542 1689 1582 venire.
1750 1542 1940 1595 Itaque2⁰

132 1612 192 1651 uti
224 1607 550 1651 contemnendus
581 1615 668 1653 est,
699 1608 767 1661 qui
799 1608 839 1646 in
871 1608 1036 1659 navigio
1068 1621 1111 1647 se
1142 1620 1264 1662 quam
1285 1607 1419 1646 navim
1443 1603 1596 1645 mavult
1626 1604 1890 1649 incolumem,

134 1674 186 1714 ita
217 1673 535 1727 vituperandus,
584 1671 653 1724 qui
696 1670 734 1709 in
773 1670 830 1710 rei
872 1670 1058 1723 publicae
1097 1669 1333 1709 discrimine
1373 1680 1469 1708 suae
1502 1666 1592 1721 plus
1624 1679 1745 1721 quam
1778 1678 1890 1706 com-

135 1736 249 1776 muni
280 1734 399 1775 saluti
431 1733 622 1772 consulit.
684 1732 784 1771 Navi
817 1733 925 1772 enim
959 1731 1109 1779 fracta,
1144 1731 1260 1772 multi
1292 1730 1521 1771 incolumes
1553 1734 1791 1775 evaserunt:
1841 1742 1892 1769 ex

134 1796 349 1851 naufragio
380 1795 535 1850 patriae
568 1795 704 1834 salvus
736 1808 858 1834 nemo
892 1800 1028 1846 potest
1058 1801 1236 1835 enatare.
1308 1794 1429 1842 Quod
1462 1791 1558 1832 mibi
1591 1793 1697 1831 hene
1729 1789 1892 1831 videtur

134 1859 284 1900 Decius
316 1857 591 1903 intellexisse,
634 1857 703 1910 qui
735 1870 778 1896 se
810 1857 1025 1897 devovisse
1057 1856 1206 1897 dicitur
1237 1861 1277 1896 et
1306 1869 1381 1910 pro
1415 1854 1646 1907 legionibus
1678 1853 1719 1892 in
1749 1853 1890 1893 hostes
1906 1866 1940 1891 2⁵

135 1920 355 1962 immisisse
390 1919 574 1967 medios;
608 1920 717 1958 unde
750 1918 886 1958 amisit
917 1919 1066 1967 vitam,
1100 1925 1141 1960 at
1170 1934 1253 1960 non
1286 1917 1481 1971 perdidit.
1544 1919 1602 1956 Re
1634 1915 1744 1956 enim
1777 1914 1890 1955 vilis-

138 1985 238 2026 sima
270 1996 405 2023 caram
438 1988 479 2023 et
509 1994 632 2036 parva
665 1980 883 2020 maximam
916 1981 1105 2022 redemit.
1167 1981 1290 2022 Dedit
1321 1981 1471 2027 vitam,
1506 1978 1665 2030 accepit
1696 1978 1891 2032 patriam3

139 2045 274 2089 amisit
295 2047 487 2093 animam,
523 2046 678 2098 potitus
710 2049 770 2084 est
803 2045 962 2097 gloria,
997 2058 1102 2099 quae
1135 2058 1227 2085 eum
1262 2056 1420 2083 summa
1453 2042 1573 2081 laude
1596 2041 1760 2093 prodita
1782 2045 1896 2079 vetu-

139 2116 243 2152 state
274 2108 458 2165 quotidie
491 2108 620 2161 magis
652 2108 854 2148 enitescit.
937 2106 1096 2155 Quodsi
1134 2120 1209 2159 pro
1244 2121 1287 2147 re
1319 2104 1485 2158 publica
1517 2105 1665 2143 decere
1697 2103 1895 2143 accedere

140 2175 190 2215 ad
219 2172 449 2229 perieulum
483 2177 523 2212 et
552 2171 711 2211 ratione
743 2171 1066 2210 demonstratum
1101 2174 1162 2210 est
1193 2175 1233 2210 et
1263 2168 1457 2220 exemplo
1491 2166 1825 2220 comprobatum,
1867 2165 1895 2204 ii
1910 2178 1945 2203 ³0

141 2236 346 2290 sapientes
392 2240 486 2275 sunt
526 2233 817 2280 existimandi,
866 2233 936 2286 qui
976 2233 1137 2273 nullum
1180 2246 1255 2285 pro
1298 2233 1427 2272 salute
1470 2229 1625 2283 patriae
1665 2228 1895 2280 periculum

140 2297 283 2339 vitant.
345 2298 412 2338 58.
448 2298 492 2337 Ιιι
525 2296 585 2337 his
617 2296 739 2350 igitur
771 2295 993 2349 generibus
1026 2295 1224 2350 expolitio
1257 2300 1465 2341 versatur,
1515 2293 1564 2332 de
1597 2304 1676 2346 qua
1710 2291 1896 2345 producti

143 2374 314 2408 sumus,
361 2365 405 2400 ut
434 2361 552 2413 plura
585 2358 846 2407 diceremus,
894 2360 1005 2414 quod
1037 2372 1121 2399 non
1162 2359 1314 2406 modo,
1366 2370 1459 2397 eum
1501 2367 1665 2395 eausam
1707 2354 1894 2401 dicimus,

143 2422 309 2465 adiuvat
340 2427 380 2463 et
409 2427 583 2463 exornat
625 2421 857 2462 orationem
876 2451 886 2469 ,
935 2422 1008 2461 sed
1049 2421 1178 2461 multo
1212 2419 1393 2461 maxime
1424 2432 1500 2473 per
1531 2430 1620 2458 eam
1653 2429 1898 2457 exercemur

144 2487 194 2527 ad
227 2484 474 2526 elocutionis
505 2485 757 2525 facultatem.
820 2485 957 2533 Quare
989 2485 1211 2524 conveniet
1243 2488 1359 2524 extra
1391 2493 1556 2522 causam
1588 2479 1629 2519 in
1663 2479 1895 2519 exercendo
1914 2489 1947 2516 ³⁵

145 2547 327 2589 rationes
357 2549 556 2588 adbibere
588 2547 882 2601 expolitionis,
917 2547 958 2586 in
991 2545 1167 2587 dicendo
1201 2545 1285 2592 uti,
1327 2559 1420 2586 cum
1453 2541 1748 2583 exornabimus
1780 2554 1900 2594 argu-

146 2611 441 2652 mentationem
461 2642 471 2659 ,
506 2624 586 2665 qua
617 2611 667 2650 de
700 2624 743 2650 re
777 2609 956 2650 diximus
989 2610 1029 2649 in
1062 2610 1169 2649 libro
1201 2610 1401 2649 seeundo.

258 2675 380 2714 XLV.
434 2674 713 2715 Commoratio
761 2678 850 2721 est,
899 2685 990 2713 eum
1028 2671 1069 2712 in
1109 2673 1202 2712 loco
1234 2670 1497 2721 firmissimo,
1551 2686 1632 2727 quo
1666 2672 1748 2709 tota
1780 2675 1901 2708 eausa

149 2737 410 2785 continetur,
444 2741 634 2777 manetur
665 2735 817 2775 diutius
850 2740 890 2776 et
919 2736 1067 2775 eodem
1098 2733 1263 2787 saepius
1296 2735 1464 2777 reditur.
1523 2735 1608 2774 Hac
1631 2733 1689 2774 uti
1719 2731 1900 2773 maxime

151 2799 344 2840 convenit
388 2805 429 2840 et
464 2800 506 2840 id
545 2804 606 2840 est
646 2796 820 2839 oratoris
861 2798 961 2838 boni
1005 2797 1183 2838 maxime
1224 2799 1455 2851 proprium.
1517 2799 1608 2837 Non
1643 2797 1751 2836 enim
1782 2795 1952 2834 daturas>

244 2920 277 2952 4.
304 2919 383 2960 Sed]
410 2924 440 2952 et
465 2920 595 2952 PAFT.
629 2936 663 2942 —
692 2920 891 2952 recedamus
917 2918 1107 2950 PABFRT.
1136 2934 1176 2940 -—
1219 2918 1253 2950 7.
1281 2928 1379 2958 saepe
1406 2928 1478 2950 cum
1503 2917 1576 2955 PF,
1617 2927 1717 2958 saepe
1742 2918 1802 2959 qui
1827 2925 1903 2948 cum

152 2967 194 3000 Τ.
225 2983 263 2989 -
305 2966 509 3008 necessario]
536 2976 665 2999 necesse
689 2969 754 2999 erit
780 2966 898 2998 PFRT
925 2970 958 2998 et
984 2976 1034 3005 pr.
1064 2967 1105 2996 A.
1151 2966 1267 3004 (Haud
1303 2969 1417 3003 inepte
1451 2968 1553 3004 igitur
1582 2967 1630 2997 sic
1664 2965 1899 2997 scriberetur:

153 3014 244 3055 quod
262 3023 371 3052 saepe,
398 3016 456 3055 qui
480 3024 545 3054 pro
570 3024 605 3046 re
629 3024 665 3054 p.
684 3015 800 3053 perire
824 3013 996 3050 noluerit,
1024 3021 1153 3043 necesse
1178 3015 1246 3043 eric
1269 3022 1346 3043 cum
1373 3018 1437 3044 cet.
1463 3010 1545 3048 On.)
1564 3027 1603 3033 —
1632 3011 1664 3044 8.
1686 3012 1803 3043 omnia
1822 3013 1903 3041 sunt

153 3061 352 3094 PAssFizT:
381 3066 460 3091 sunt
487 3062 603 3093 omnia
631 3061 667 3092 E.
698 3077 738 3082 —
778 3062 832 3092 15.
860 3061 1076 3093 conservaris
1101 3059 1245 3090 PBFRT
1273 3066 1306 3091 et.
1332 3069 1417 3089 corr.
1446 3059 1495 3088 A:
1535 3059 1790 3090 conservaveris
1817 3058 1842 3089 E
1871 3060 1904 3089 et

156 3117 208 3149 pr.
236 3110 277 3139 Α.
311 3122 344 3128 -
376 3108 431 3138 21.
459 3109 603 3148 naviyio
630 3107 773 3139 PBFRT
801 3112 835 3139 et
859 3110 962 3139 ceteri
991 3108 1169 3139 meliores:
1197 3106 1397 3146 m1viyando
1424 3104 1450 3135 E
1476 3109 1529 3141 et..
1558 3111 1594 3137 ut
1622 3105 1782 3143 videtur,
1805 3104 1842 3135 B.
1862 3119 1902 3125 —

155 3155 212 3187 22.
239 3155 494 3194 vituperandus
521 3158 570 3185 est
596 3154 665 3185 ΒΤ.
696 3171 732 3177 -
776 3153 831 3185 23.
861 3154 950 3186 Navi
974 3153 1173 3184 PABFRT:
1212 3153 1305 3184 Nave
1333 3151 1369 3182 E.
1409 3166 1446 3172 —
1490 3151 1546 3183 26.
1574 3153 1664 3184 unde
1691 3160 1760 3183 om.
1788 3149 1904 3182 PFRT

157 3207 191 3233 et
219 3211 269 3241 pr.
298 3203 339 3233 Α.
382 3216 420 3223 -
463 3200 519 3232 27.
559 3210 678 3233 caram
710 3200 794 3233 Cod.
826 3200 860 3230 B.
894 3201 1150 3232 Lindemanni:
1192 3203 1320 3230 certam
1348 3197 1401 3228 BE
1428 3201 1461 3230 et
1485 3206 1573 3230 corr.
1602 3200 1641 3231 Α.
1670 3198 1807 3230 Adiect.
1837 3206 1904 3228 om.

157 3248 273 3280 PFRT
301 3254 334 3282 et
361 3257 412 3288 pr.
431 3249 472 3279 Α.
502 3263 540 3270 -
567 3248 623 3279 28.
655 3247 805 3288 gloriam
831 3247 930 3278 BFR.
951 3263 994 3268 —
1020 3246 1076 3277 29.
1104 3247 1217 3277 decere
1243 3245 1290 3280 Β.
1319 3254 1366 3282 pr.
1390 3245 1428 3280 Ρ,
1455 3253 1542 3278 corr.
1570 3245 1619 3277 R:
1649 3245 1767 3276 debere
1788 3242 1903 3275 AFTE

160 3295 373 3375 {embol-ER
392 3299 426 3327 et.
451 3303 539 3327 corr.
564 3294 603 3329 P.
626 3311 660 3318 —
693 3294 748 3326 37.
776 3303 845 3336 qua
868 3295 908 3327 de
933 3302 969 3327 re
993 3293 1074 3325 FT:
1102 3293 1141 3325 de
1167 3300 1235 3334 qua
1260 3299 1296 3323 re
1315 3291 1455 3330 PABR,
1484 3292 1526 3324 de
1552 3302 1621 3334 qua
1647 3292 1729 3334 (om.
1749 3291 1800 3330 re)
1827 3297 1905 3322 cum

190 3351 242 3375 am
272 3364 280 3374 .
341 3365 349 3375 .
