2117 3762
259 279 339 320 108
924 280 993 319 DE
1024 279 1349 320 INVENTIONE

256 398 331 427 vos
373 399 439 427 me
478 385 589 427 istud
630 398 680 427 eo
721 388 907 439 tempore
946 381 1093 424 secisse
1131 382 1284 432 dicitis,
1334 397 1411 439 ego
1449 388 1585 426 autem
1617 396 1668 425 eo
1697 384 1788 439 ipso
1819 388 2008 441 tempore

255 453 366 490 trans
396 463 510 490 mare
540 448 622 496 fui,
655 447 920 501 relinquitur,
952 451 997 485 ut
1025 446 1089 493 id,
1120 449 1231 501 quod
1261 447 1419 495 dicitis,
1452 461 1536 488 non
1569 445 1693 487 modo
1715 459 1798 487 non
1820 446 2006 497 fecerim,

256 513 330 552 sed
359 524 412 552 ne
442 512 648 566 potuerim
680 511 843 564 quidem
875 507 1025 551 facere.
1083 510 1215 563 Atque
1245 511 1326 550 1100
1361 509 1580 564 diligenter
1609 506 1819 561 oportebit
1849 510 2006 558 videre,

256 587 309 615 ne
340 588 422 629 quo
453 579 573 628 pacto
605 586 732 625 genus
762 573 842 611 hoc
872 569 1006 611 refelli
1037 570 1187 623 possit,
1232 577 1279 611 ut
1313 586 1365 613 ne
1406 572 1663 613 confirmatio
1694 570 1861 612 modum
1893 573 1935 612 in
1966 587 2009 613 se

226 635 624 691 sargumentationis
655 635 789 674 solum
820 632 971 674 habeat
1001 639 1042 674 et
1073 635 1278 687 quandam
1300 634 1611 676 similitudinem
1634 634 1891 675 necessariae
1913 647 2010 674 con-

257 699 474 745 clusionis,
507 696 650 738 verum
682 697 769 750 ipsa
800 695 1103 750 argumentatio
1138 710 1191 736 ex
1220 699 1450 737 necessaria
1481 697 1641 739 ratione
1673 698 1885 737 consistat.

370 762 434 801 46.
466 758 686 800 Probabile
718 763 855 799 autem
888 764 950 800 est
978 760 1040 805 id,
1089 760 1201 813 quod
1231 759 1318 799 fere
1349 753 1452 800 solet
1483 759 1573 801 fieri
1605 765 1674 800 aut
1705 757 1817 814 quod
1847 758 1890 799 in
1922 759 2012 812 opi-

255 824 379 864 nione
408 823 587 878 positum
620 826 682 862 est
712 827 783 862 aut
813 823 924 877 quod
954 822 1082 862 habet
1112 822 1154 861 in
1186 835 1229 861 se
1260 824 1311 862 ad
1332 823 1435 863 11300
1457 824 1661 876 quandam
1684 821 2010 868 similitudinem,

256 886 341 926 sive
372 884 414 924 id
443 883 590 924 falsum
622 878 683 925 est
719 886 804 926 sive
845 898 1005 926 verum.
1067 885 1114 924 In
1154 897 1204 925 eo
1247 897 1420 938 genere,
1473 887 1584 938 quod
1623 884 1710 924 fere
1754 882 1843 923 fieri
1884 884 2011 931 solet,

206 945 472 1001 aoprobabile
513 946 752 988 huiusmodi
790 952 875 988 est:
927 948 968 988 Si
1010 954 1142 988 mater
1173 952 1254 995 est,
1303 946 1439 1000 diligit
1466 946 1621 1003 filium;
1677 945 1718 987 Si
1750 959 1898 986 avarus
1929 951 2011 994 est,

254 1010 427 1063 negligit
463 1011 525 1051 ius
566 1005 800 1051 iurandum.
858 1011 906 1050 In
945 1023 995 1051 eo
1034 1015 1195 1058 autem,
1249 1011 1360 1064 quod
1400 1010 1441 1049 in
1486 1009 1683 1062 opinione
1713 1009 1892 1063 positum
1925 1014 2009 1057 est,

253 1070 490 1112 huiusmodi
530 1078 623 1113 sunt
666 1071 920 1127 probabilia:
972 1073 1114 1127 Impiis
1152 1074 1261 1127 apud
1308 1071 1463 1112 inferos
1504 1084 1663 1124 poenas
1703 1084 1791 1111 esse
1821 1077 2010 1125 paratas3

252 1136 355 1180 Eos,
401 1135 471 1189 qui
510 1136 802 1190 philosophiae
839 1134 939 1175 dent
981 1150 1173 1191 operam,
1219 1149 1303 1176 non
1344 1135 1536 1175 arbitrari
1579 1137 1678 1175 deos
1709 1147 1813 1174 esse.
1875 1136 2009 1175 XXX.

236 1196 488 1251 >Similitudo
519 1202 654 1238 autem
687 1198 729 1237 in
760 1198 979 1238 contrariis
1010 1204 1050 1238 et
1079 1197 1249 1252 paribus
1282 1203 1322 1238 et
1353 1199 1395 1237 in
1425 1196 1475 1237 iis
1506 1198 1650 1243 rebus,
1683 1208 1787 1250 quae
1813 1195 1888 1237 sub
1919 1210 2015 1237 0311-

204 1270 240 1296 15
256 1261 348 1300 dem
389 1258 592 1301 rationem
633 1262 807 1308 cadunt,
855 1263 1034 1301 maxime
1067 1267 1298 1316 spectatur.
1360 1262 1407 1300 In
1448 1259 1687 1305 contrariis,
1739 1257 1817 1298 hoc
1862 1261 2012 1300 modo:

254 1325 358 1363 Nam
390 1323 422 1363 si
453 1323 529 1371 iis,
563 1324 631 1378 qui
663 1321 947 1376 imprudentes
979 1323 1210 1370 laeserunt,
1243 1323 1402 1376 ignosci
1433 1322 1647 1368 convenit,
1680 1322 1749 1368 iis,
1782 1322 1853 1375 qui
1872 1336 2016 1362 neces-

253 1386 361 1426 sario
395 1385 665 1440 profuerunt,
701 1384 842 1426 haberi
876 1387 1048 1439 gratiam
1079 1400 1163 1427 non
1196 1391 1372 1441 oportet.
1432 1387 1500 1425 47.
1534 1387 1598 1426 Ex
1628 1387 1741 1438 pari,
1779 1385 1861 1426 sic:
1911 1387 2014 1425 Nam

252 1453 299 1488 ut
328 1449 444 1488 locus
475 1449 563 1488 sine
594 1453 719 1500 portu
748 1449 921 1488 navibus
955 1462 1044 1489 csse
1074 1462 1159 1488 non
1190 1453 1328 1503 potest
1356 1453 1491 1494 tutus,
1534 1447 1591 1488 510
1623 1449 1783 1489 3111111115
1814 1449 1903 1489 51110
1935 1446 2015 1488 fide

255 1510 412 1550 stabilis
442 1509 583 1550 amicis
615 1523 698 1550 non
727 1515 864 1565 potest
895 1525 1000 1551 esse.
1062 1513 1108 1551 In
1139 1511 1188 1551 iis
1212 1510 1361 1558 rebus,
1394 1524 1499 1566 quae
1521 1512 1597 1551 sub
1620 1513 1791 1552 eandem
1813 1511 2016 1552 rationem

205 1585 240 1612 20
256 1573 429 1620 cadunt,
476 1573 555 1612 hoc
596 1574 721 1613 modo
759 1571 978 1627 probabile
1019 1572 1323 1614 consideratur:
1374 1574 1476 1613 Nam
1508 1574 1541 1612 si
1573 1573 1746 1615 Rhodiis
1777 1580 1898 1628 turpe
1930 1588 2015 1615 non

256 1640 318 1676 est
357 1636 589 1688 portorium
628 1636 790 1682 locare,
835 1650 888 1675 ne
934 1636 1253 1675 Hermacreonti
1300 1634 1465 1690 quidem
1506 1641 1626 1691 turpe
1667 1642 1728 1677 est
1764 1640 2012 1679 conducere.

255 1700 368 1740 Haec
398 1704 483 1739 tum
516 1711 614 1739 vera
645 1704 763 1745 sunt,
812 1699 891 1737 hoc
931 1704 1078 1750 pacto:
1133 1698 1338 1746 Quoniam
1383 1698 1554 1738 cicatrix
1596 1703 1682 1747 est,
1731 1698 1809 1741 fuit
1838 1701 2013 1749 vulnus;

254 1768 342 1803 tum
372 1761 460 1804 veri
491 1762 661 1807 similia,
694 1760 772 1801 hoc
803 1759 952 1801 modo:
989 1762 1030 1801 Si
1063 1762 1215 1802 multus
1246 1766 1335 1802 erat
1364 1759 1404 1801 in
1430 1760 1578 1802 calceis
1601 1763 1762 1815 pulviS,
1796 1777 1849 1804 ex
1868 1763 2016 1803 itinere

258 1840 352 1867 eum
383 1824 526 1865 venire
558 1826 792 1879 oportebat.

206 1897 241 1923 2⁵
370 1889 501 1929 Omne
533 1892 671 1927 autem
712 1885 771 1939 (ut
801 1891 934 1928 certas
965 1886 1162 1939 quasdam
1194 1886 1236 1925 in
1266 1890 1404 1940 partes
1436 1884 1740 1939 distribuamus)
1772 1888 2010 1942 probabile,

257 1952 369 2005 quod
413 1950 587 1990 sumitur
627 1952 678 1990 ad
719 1950 1143 2004 argumentationem,
1193 1954 1262 1989 aut
1301 1950 1463 2002 signum
1502 1953 1563 1989 est
1603 1954 1673 1989 aut
1711 1948 1909 1990 credibile
1947 1954 2017 1990 aut

255 2013 480 2054 iudicatum
512 2017 582 2052 aut
613 2013 911 2067 comparabile.
972 2014 1039 2052 [18.
1076 2011 1247 2065 Signum
1281 2017 1363 2059 est,
1398 2013 1508 2066 quod
1531 2013 1606 2052 sub
1639 2025 1805 2053 sensum
1835 2013 2016 2068 aliquem

258 2075 366 2116 cadit
396 2081 436 2116 ct
467 2076 663 2129 quiddam
695 2074 916 2129 significat,
958 2073 1070 2129 quod
1102 2088 1154 2115 ex
1187 2075 1277 2127 ipso
1308 2073 1541 2129 profectum
1574 2073 1758 2124 videtur,
1804 2074 1916 2130 quod
1948 2080 2017 2115 aut

257 2144 351 2179 ante
381 2137 508 2179 suerit
538 2145 609 2179 aut
638 2137 680 2178 in
712 2139 801 2193 ipso
835 2140 1004 2190 negotio
1038 2142 1107 2177 aut
1136 2144 1230 2192 post
1262 2139 1313 2177 sit
1345 2142 1611 2178 consecutum
1643 2142 1837 2178 ettamen
1859 2136 2018 2190 indiget

208 2201 484 2243 sotestimonii
516 2206 557 2241 et
586 2199 787 2254 gravioris
819 2199 1167 2249 confirmationis3
1215 2205 1260 2240 ut
1290 2214 1433 2247 cruor,
1467 2198 1585 2253 fuga,
1619 2201 1776 2254 pallor,
1810 2199 1945 2255 pulvis
1976 2204 2018 2240 et

257 2277 363 2319 quae
394 2264 458 2304 his
490 2268 584 2304 sunt
613 2261 778 2303 similia.
842 2261 1047 2302 Credibile
1079 2268 1159 2310 est,
1193 2261 1304 2318 quod
1337 2262 1424 2303 sine
1455 2263 1541 2303 ullo
1573 2268 1675 2303 teste
1702 2263 1903 2304 auditoris
1927 2263 2018 2316 opi-

257 2325 382 2367 nione
413 2324 619 2372 firmatur,
656 2326 737 2365 hoc
770 2327 917 2365 modo:
965 2327 1095 2365 Nemo
1129 2330 1213 2373 est,
1248 2326 1317 2379 qui
1349 2339 1432 2366 non
1464 2324 1620 2366 liberos
1651 2339 1748 2366 suos
1780 2325 2012 2367 incolumes

259 2394 299 2430 et
329 2391 473 2429 beatos
506 2402 595 2429 esse
628 2389 781 2440 cupiat.
844 2388 1072 2428 Iudicatum
1106 2393 1167 2429 est
1197 2402 1264 2428 res
1298 2389 1538 2429 assensione
1569 2394 1637 2429 aut
1668 2387 1912 2429 auctoritate
1947 2392 2017 2428 aut

258 2451 412 2493 iudicio
445 2450 616 2492 alicuius
649 2456 718 2491 aut
748 2449 982 2505 aliquorum
1016 2452 1306 2503 comprobata.
1360 2452 1405 2490 Id
1437 2449 1567 2490 tribus
1597 2450 1639 2491 in
1671 2451 1893 2504 generibus
1924 2463 2018 2504 spe-

210 2529 244 2555 ³5
261 2518 410 2561 0131111,
456 2513 678 2566 religioso,
726 2514 959 2561 communi,
1012 2515 1254 2568 approbato.
1313 2514 1569 2566 Religiosum
1611 2518 1694 2561 est,
1747 2513 1859 2566 quod
1895 2511 2016 2552 iurati

259 2577 423 2631 legibus
452 2576 700 2617 iudicarunt.
764 2576 990 2617 Commune
1022 2583 1107 2624 est,
1146 2577 1258 2631 quod
1291 2588 1436 2616 omnes
1467 2574 1591 2628 vulgo
1622 2577 1853 2630 probarunt
1882 2579 1922 2615 et
1952 2587 2016 2615 se-

261 2631 343 2681 cuti
374 2645 490 2688 sunt,
522 2638 786 2679 huiusmodi:
820 2644 866 2679 ut
896 2638 1123 2679 maioribus
1154 2645 1252 2679 natu
1283 2643 1540 2691 assurgatur‚
1573 2642 1619 2678 ut
1639 2638 1872 2692 supplicum
1892 2636 2016 2678 mise-

260 2708 410 2743 reatur.
467 2700 752 2755 Approbatum
785 2707 866 2750 est,
900 2700 1011 2756 quod
1041 2702 1254 2749 homines,
1290 2714 1383 2741 cum
1415 2699 1588 2741 dubium
1621 2705 1749 2748 esset,
1792 2701 1913 2754 quale
1944 2699 2016 2740 ha-

261 2766 350 2805 beri
397 2769 634 2818 oporteret,
688 2777 761 2804 5113
801 2766 1103 2805 constituerunt
1147 2762 1413 2804 auctoritate:
1466 2761 1627 2815 †velut
1673 2762 1845 2802 Gracchi
1889 2763 2014 2817 patris

211 2826 435 2876 4013011101,
469 2841 591 2884 quem
621 2828 799 2883 populus
831 2830 1038 2868 Romanus
1070 2824 1122 2866 ob
1152 2827 1194 2866 id
1228 2823 1436 2880 [sactum],
1480 2824 1593 2879 quod
1622 2825 1824 2865 insciente
1855 2825 2015 2879 collega

354 2998 386 3029 3.
416 2999 586 3038 oportebit
611 2998 725 3030 videre
750 2998 893 3029 PART:
921 2998 1034 3028 videre
1059 2997 1230 3036 oportebit
1257 2997 1294 3027 E.
1325 3012 1362 3018 -
1389 2995 1424 3026 7.
1452 2995 1537 3026 solet
1561 2995 1634 3036 fieri
1659 2995 1805 3026 PART:
1831 2995 1906 3036 fieri
1929 2995 2015 3027 solet

263 3044 336 3075 VE.
366 3062 405 3068 —
433 3045 465 3075 9.
493 3046 568 3086 fieri
594 3046 676 3077 solet
703 3045 783 3076 PR:
813 3045 895 3076 solet
920 3045 994 3085 fieri
1021 3044 1121 3075 ATE.
1151 3060 1191 3066 -—
1234 3043 1291 3073 12.
1316 3047 1466 3080 paratas
1492 3042 1542 3078 R,
1572 3042 1672 3073 Voss.
1702 3043 1729 3072 1.
1759 3042 1859 3073 Leid.
1890 3042 1916 3072 1.
1947 3042 2011 3074 ΙΙΙ.

265 3092 399 3123 Oxonn.
438 3096 527 3129 tres,
567 3092 593 3122 B
622 3093 871 3125 Lindemanni:
911 3095 1149 3130 praeparatas
1174 3090 1305 3121 PATE.
1336 3105 1372 3110 —
1415 3089 1471 3119 15.
1508 3090 1675 3119 rationem
1701 3089 1831 3119 cadunt
1870 3088 2010 3119 PART:

264 3139 393 3170 cadunt
427 3141 597 3169 rationem
630 3140 669 3170 E.
713 3156 748 3161 —-
788 3139 842 3171 16.
881 3139 1116 3177 imprudenter
1142 3137 1183 3166 V.
1222 3150 1263 3157 -
1301 3135 1355 3166 18.
1394 3135 1484 3165 loeus
1515 3137 1552 3166 in
1575 3137 1667 3167 mari
1698 3136 1770 3167 sine
1794 3135 1856 3165 VR
1883 3135 2013 3174 allique

265 3184 415 3224 (Oxonn.
445 3184 634 3224 quinque).
665 3203 702 3209 —
731 3186 787 3218 ⁶20.
814 3195 884 3217 non
907 3186 973 3226 fuit
999 3185 1040 3215 V.
1069 3201 1110 3206 —-
1136 3184 1192 3214 ⁶25.
1220 3182 1412 3213 tribuamus
1431 3182 1533 3213 VAT.
1556 3199 1595 3205 —
1623 3182 1679 3214 26.
1707 3186 1860 3213 sumetur
1877 3181 1949 3212 ΑΤ.
1969 3198 2014 3203 --

265 3232 321 3263 36.
351 3228 477 3270 omnes]
506 3233 655 3264 homines
680 3233 739 3263 AT
767 3237 801 3264 et
827 3241 876 3271 pr.
904 3232 942 3263 P.
972 3245 1013 3254 -·
1046 3230 1102 3262 39.
1129 3230 1221 3262 velut
1247 3227 1393 3260 Gracchi
1419 3227 1501 3268 cet.]
1530 3230 1641 3261 Locus
1668 3232 1864 3266 corruptus.
1894 3228 2012 3260 Varie-

266 3282 355 3310 13105
375 3283 513 3309 nostrae
540 3279 603 3310 1130
628 3285 726 3310 sunt:
754 3288 853 3319 quem
879 3288 946 3310 om.
970 3287 1019 3317 pr.
1041 3277 1122 3309 P.—
1152 3278 1209 3318 qui
1237 3285 1312 3307 eum
1338 3276 1377 3306 ob
1396 3276 1431 3306 id
1454 3276 1583 3316 sactum
1609 3284 1646 3306 eo
1672 3275 1763 3316 quod
1780 3275 1880 3311 PAT,
1908 3274 2014 3306 Sche-

268 3326 331 3357 dae
358 3324 612 3364 Oudendorpii.
653 3342 692 3348 —
731 3325 787 3357 40.
830 3327 962 3367 factum
997 3334 1065 3357 om.
1093 3324 1134 3356 R.
1174 3323 1336 3364 (populus
1367 3322 1541 3355 Romanus
1577 3331 1614 3354 eo
1647 3322 1736 3364 quod
1761 3321 2011 3363 Oudendorpio

267 3377 407 3405 auctore
435 3368 488 3412 E.)
