2117 3762
274 278 327 318 64
942 274 1011 313 AD
1049 274 1361 317 HERENNIUM

272 382 499 425 coniicitur.
558 378 848 422 Attenuatione
878 382 947 418 aut
977 377 1264 432 complexione
1295 379 1483 421 eiusdem
1514 378 1672 420 litterae
1705 382 1788 422 sic:
1832 381 1929 429 Hic,
1961 382 2031 438 qui

272 459 315 486 se
357 443 569 499 magnifice
608 443 729 483 iactat
769 447 890 493 atque
933 446 1134 486 ostentat,
1182 441 1309 482 veniit
1349 443 1378 493 †
1416 456 1438 482 a
1470 447 1508 482 te
1540 447 1652 489 ante,
1699 456 1821 497 quam
1857 446 2029 486 Romam

272 507 396 548 venit.
458 510 518 548 Ex
541 503 748 546 contrario
779 502 864 542 sic:
900 501 998 548 Hic,
1031 514 1136 556 quos
1157 503 1344 544 homines
1375 502 1460 544 alea
1492 503 1616 551 vicit,
1651 518 1721 545 eos
1751 503 1865 546 ferro
1897 507 2031 548 statim

272 570 408 611 vincit.
479 565 753 609 Productione
793 562 977 604 eiusdem
1018 563 1178 604 litterae
1220 566 1299 604 hoc
1342 565 1487 607 modo:
1530 567 1650 606 Hunc
1679 566 1816 607 avium
1856 566 2030 609 dulcedo

241 631 382 672 ⁵ducit
412 630 460 672 ad
492 629 643 671 avium.
705 626 913 667 Brevitate
947 625 1129 667 eiusdem
1163 625 1321 666 litterae
1349 629 1428 668 hoc
1449 627 1594 670 modo:
1625 628 1702 669 Hic
1733 629 1892 670 tametsi
1917 628 2032 670 vide-

271 700 338 735 tur
375 707 464 734 esse
504 689 673 732 honoris
711 688 911 743 cupidus,
958 695 1096 729 tamen
1138 701 1221 729 non
1264 695 1419 730 tantum
1457 690 1611 731 curiam
1655 690 1788 743 diligit
1833 697 2030 747 quantum

272 755 452 796 Curiam.
514 750 719 794 Addendis
750 751 897 792 litteris
928 753 1006 792 hoc
1037 756 1184 805 pacto:
1234 751 1312 791 Hic
1341 750 1420 791 sibi
1462 759 1601 806 posset
1641 758 1899 807 temperare,
1949 753 2027 794 nisi

269 817 400 858 amori
439 814 578 855 mallet
617 812 924 868 obtemperare.
986 812 1207 854 Demendis
1251 812 1397 854 litteris
1437 813 1517 853 sic:
1568 814 1609 854 Si
1652 814 1821 856 lenones
1864 818 2030 856 vitasset

269 885 473 932 tamquam
504 876 674 924 leones,
709 875 814 916 vitae
846 890 888 916 se
921 875 1165 919 tradidisset.
1225 874 1537 916 Transferendis
1567 875 1713 917 litteris
1744 877 1830 918 sic:
1864 876 2025 926 Videte,

218 941 449 988 10iudices,
496 946 633 981 utrum
666 937 823 978 homini
854 952 958 980 navo
989 953 1039 979 an
1072 952 1176 979 vano
1208 940 1379 979 credere
1410 937 1571 980 malitis.
1631 941 1753 979 Item:
1800 939 1904 981 Nolo
1938 953 2028 981 esse

266 1003 471 1049 laudator,
504 1016 554 1042 ne
588 999 730 1041 videar
750 999 949 1041 adulator.
1013 999 1321 1042 Commutandis
1345 1002 1424 1040 hoc
1445 999 1594 1040 modo:
1628 1000 1820 1054 Deligere
1842 1008 2023 1057 oportet,

266 1079 386 1121 quem
419 1064 520 1106 velis
551 1063 739 1117 diligere.
802 1064 891 1103 Hae
917 1069 1010 1103 sunt
1032 1062 1410 1110 annominationeS,
1446 1075 1550 1117 quae
1581 1061 1622 1102 in
1654 1062 1886 1104 litterarum
1908 1063 2028 1105 brevi

265 1126 584 1169 commutatione
627 1131 697 1166 aut
740 1124 1013 1179 productione
1058 1131 1128 1166 aut
1175 1125 1465 1166 transiectione
1505 1129 1574 1165 aut
1612 1124 1749 1180 aliquo
1791 1125 2029 1168 huiusmodi

265 1203 417 1245 genere
448 1193 681 1230 versantur.
743 1189 876 1228 XXII.
909 1190 977 1228 30.
1014 1189 1115 1228 Sunt
1145 1196 1280 1229 autem
1312 1187 1437 1234 aliae,
1486 1201 1591 1242 quae
1630 1201 1712 1228 non
1753 1186 1904 1228 habent
1945 1195 2029 1231 tam

213 1267 248 1292 15
263 1255 540 1308 propinquam
572 1252 613 1292 in
643 1248 780 1291 verbis
812 1248 1123 1290 similitudinem
1156 1256 1197 1290 et
1224 1256 1359 1291 tamen
1384 1249 1604 1291 dissimiles
1626 1263 1709 1290 non
1731 1256 1845 1300 sunt3
1880 1250 2028 1305 quibus

263 1314 313 1356 de
345 1314 569 1368 generibus
599 1327 726 1354 unum
750 1318 811 1352 est
832 1311 1090 1354 huiusmodi:
1145 1313 1224 1361 Qui
1260 1313 1444 1360 veniam,
1478 1312 1547 1366 qui
1571 1312 1669 1363 sim,
1701 1326 1828 1367 quare
1849 1312 2025 1361 veniam,

263 1391 386 1433 quem
417 1375 647 1418 insimulem
668 1407 678 1424 ,
712 1374 776 1416 cui
808 1374 987 1429 prosim,
1022 1389 1145 1429 quem
1178 1376 1409 1428 postulem,
1442 1374 1559 1415 brevi
1591 1376 1864 1428 cognoscetis.
1927 1378 2027 1417 Nam

263 1439 328 1480 hic
374 1445 436 1480 est
478 1439 519 1479 in
564 1439 809 1494 quibusdam
849 1436 987 1478 verbis
1033 1436 1236 1492 quaedam
1280 1437 1506 1478 similitudo
1547 1451 1629 1478 non
1672 1444 1753 1478 tam
1795 1437 2025 1479 affectanda

264 1515 386 1556 quam
429 1501 520 1542 illae
564 1500 824 1554 superiores,
877 1502 948 1540 sed
993 1505 1130 1540 tamen
1171 1499 1403 1540 adhibenda
1452 1513 1760 1554 nonnunquam.
1841 1500 2024 1542 Alterum

213 1578 249 1604 20
263 1578 390 1619 genus
420 1563 675 1605 huiusmodi:
710 1566 861 1604 Demus
892 1575 1087 1616 operam,
1122 1561 1329 1610 Quirites,
1364 1576 1416 1603 ne
1450 1562 1619 1603 omnino
1642 1569 1780 1617 patres
1802 1563 2026 1619 conscripti

261 1626 560 1681 circumscripti
598 1632 808 1681 putentur.
871 1625 983 1664 Haec
1021 1623 1302 1664 annominatio
1341 1623 1472 1677 magis
1512 1624 1667 1665 accedit
1712 1627 1763 1665 ad
1794 1625 2027 1667 similitudi-

262 1705 354 1732 nem
386 1704 507 1746 quam
539 1687 757 1741 superior,
800 1688 872 1727 sed
903 1686 1037 1727 minus
1069 1700 1192 1739 quam
1222 1686 1316 1726 illae
1347 1686 1607 1740 superiores,
1655 1693 1881 1742 propterea
1913 1687 2025 1744 quod

260 1767 343 1793 non
389 1752 522 1794 solum
564 1750 748 1796 additae,
798 1748 869 1789 sed
914 1762 998 1790 uno
1042 1755 1228 1803 tempore
1265 1748 1454 1803 demptae
1498 1763 1664 1804 quoque
1702 1749 1861 1792 litterae
1909 1756 2018 1792 sunt.

261 1815 444 1855 Tertium
475 1827 603 1869 genus
635 1817 718 1860 est,
771 1810 882 1866 quod
921 1817 1109 1851 versatur
1148 1813 1188 1851 in
1227 1825 1393 1852 casuum
1434 1815 1756 1853 commutatione
1796 1818 1865 1854 aut
1903 1813 2024 1854 unius

211 1891 245 1916 25
261 1883 331 1918 aut
360 1877 539 1931 plurium
570 1875 797 1917 nominum.
861 1877 928 1914 31.
964 1873 1088 1915 Unius
1119 1873 1295 1914 nominis
1318 1876 1395 1914 hoc
1415 1874 1561 1915 modo:
1596 1875 1831 1916 Alexander
1853 1876 2039 1918 Macedo-

261 1954 421 1981 summo
459 1938 602 1980 labore
641 1938 822 1979 animum
863 1936 913 1977 ad
953 1936 1148 1977 virtutem
1179 1950 1200 1976 a
1234 1936 1407 1991 pueritia
1447 1938 1736 1978 conformavit.
1798 1938 2021 1979 Alexandri

259 2002 431 2043 virtutes
462 2016 538 2055 per
569 1999 713 2042 orbem
745 2008 879 2041 terrae
911 2013 1003 2040 cum
1036 1999 1154 2039 laude
1176 2005 1217 2039 et
1237 1999 1368 2052 gloria
1391 2006 1497 2040 sunt.
1559 2000 1837 2041 Alexandrum
1859 2015 2019 2050 omnes,

259 2071 304 2105 ut
334 2067 512 2106 maxime
543 2069 808 2111 metuerunt,
857 2062 954 2103 item
1000 2060 1224 2114 plurimum
1266 2062 1513 2103 dilexerunt.
1589 2063 1824 2104 Alexandro
1867 2063 1900 2105 si
1938 2063 2023 2105 vita

260 2127 352 2168 data
395 2127 559 2181 longior
602 2132 728 2173 esset,
777 2127 984 2167 Oceanum
1031 2138 1175 2165 manus
1218 2125 1491 2166 Macedonum
1533 2126 1836 2167 transvolasset.
1896 2126 2019 2169 Varie

210 2204 245 2229 ,ιο
259 2189 326 2231 hic
355 2204 480 2231 unum
513 2203 664 2230 nomen
695 2188 735 2229 in
765 2187 1089 2229 commutatione
1120 2200 1287 2228 casuum
1318 2188 1549 2229 volutatum
1572 2195 1647 2229 cst.
1709 2189 1830 2230 Plura
1853 2188 2020 2229 nomina

260 2252 420 2294 casibus
456 2252 714 2293 commutatis
757 2254 834 2293 hoc
875 2250 998 2292 niodo
1042 2249 1189 2291 sacient
1225 2251 1629 2292 annominationem:
1683 2252 1743 2291 Ti.
1791 2251 2019 2292 Gracchum

258 2329 348 2356 rem
386 2313 592 2368 publicam
623 2313 972 2355 administrantem
1003 2311 1216 2368 prohibuit
1250 2313 1419 2367 indigna
1459 2328 1540 2354 nex
1578 2313 1730 2354 diutius
1759 2313 1800 2355 in
1832 2327 1880 2354 ea
1909 2327 2022 2355 com-

259 2377 429 2419 morari.
492 2380 532 2420 C.
565 2376 750 2419 Graccho
781 2376 966 2417 similiter
995 2375 1150 2417 occisio
1185 2381 1246 2417 est
1267 2375 1430 2423 oblata,
1462 2390 1568 2430 quae
1590 2376 1725 2416 virum
1746 2375 1806 2417 rei
1829 2375 2019 2431 publicae

259 2439 582 2482 amantissimum
614 2439 749 2481 subito
781 2437 830 2480 de
862 2439 953 2480 sinu
974 2438 1148 2480 civitatis
1169 2438 1335 2494 eripuit.
1400 2440 1687 2487 Saturninum,
1718 2437 1799 2480 fide
1834 2443 2014 2493 captum,

351 2611 383 2642 2.
412 2620 434 2642 α
460 2607 505 2650 te]
536 2609 610 2641 libri
639 2609 689 2641 vel
717 2611 764 2640 sic
790 2610 841 2641 vel
868 2610 913 2641 od
939 2613 980 2640 te.
1034 2608 1189 2640 Detenda
1229 2609 1390 2640 videntur
1424 2617 1476 2639 vv.
1507 2617 1528 2638 a
1554 2610 1586 2638 te
1610 2607 1662 2639 vel
1691 2608 1736 2637 ad
1761 2610 1811 2641 te,
1853 2611 1925 2638 orta
1959 2605 2016 2637 iiia

260 2667 297 2690 ex
326 2664 546 2695 corruptione
574 2667 604 2689 v.
634 2660 725 2687 ante.
764 2655 902 2688 Scuitcet
927 2657 972 2686 P:
1017 2657 1110 2687 uenit
1137 2657 1182 2687 ad
1208 2659 1240 2685 te
1266 2664 1381 2695 quam.
1410 2655 1516 2686 Bur.
1579 2655 1650 2686 Nisi
1685 2655 1770 2686 forte
1805 2656 1836 2684 in
1865 2656 1905 2684 iis
1934 2654 2016 2685 latet

260 2706 355 2736 urbis
383 2713 529 2740 nomen,
559 2705 652 2742 quod
681 2710 875 2741 opponatur
901 2703 1038 2733 Romae..
1068 2704 1134 2735 On.
1174 2719 1213 2724 —
1253 2703 1285 2733 3.
1315 2703 1369 2732 Em
1395 2702 1574 2733 contrario
1601 2703 1648 2732 sic
1675 2701 1725 2736 R.
1754 2701 1888 2732 Oxonn.
1921 2701 2012 2737 duo.

261 2752 404 2783 Lamb.:
431 2752 488 2783 Ea:
513 2751 690 2781 contrario
716 2753 805 2786 (oin.
825 2752 887 2789 sic)
915 2749 1106 2780 PxBFTE.
1138 2767 1175 2772 -
1207 2750 1261 2780 13.
1291 2751 1537 2780 transiectione
1556 2748 1702 2779 PAFRT
1730 2755 1763 2779 et
1782 2756 1902 2779 omnes
1922 2747 2013 2785 apud

261 2797 470 2829 Graevium:
510 2797 744 2829 transtatione
772 2798 796 2827 E
824 2804 856 2828 et
884 2798 1025 2827 sorta-se
1054 2797 1103 2832 Β,
1145 2805 1233 2835 quae
1261 2799 1429 2827 correctio
1457 2798 1592 2826 videtur
1620 2805 1657 2827 ex
1686 2795 1871 2833 praecedd.
1901 2799 2016 2824 trans-

259 2843 407 2883 ferendis
425 2846 548 2876 lilteris
563 2848 676 2875 ducta.
700 2843 764 2874 On.
789 2859 821 2864 -
854 2845 906 2874 15.
928 2841 995 2880 Qui
1010 2844 1054 2873 't'z
1084 2844 1172 2882 Quid
1187 2842 1376 2873 PABFRE.
1400 2860 1431 2865 —
1452 2843 1506 2872 ·.)1.
1529 2843 1638 2882 mayis
1658 2843 1790 2873 accedit
1808 2841 2011 2872 PABFRT:

260 2892 391 2922 accedit
409 2892 519 2932 mayt's
539 2891 577 2922 E.
600 2908 634 2914 —
664 2890 719 2921 26.
740 2890 883 2920 virtutes
905 2890 924 2919 F
952 2897 984 2920 et
1003 2899 1050 2926 pr.
1078 2890 1104 2919 'l'
1120 2913 1127 2922 ,
1159 2897 1194 2920 ut
1214 2891 1363 2921 edebant
1381 2894 1460 2920 ante
1477 2888 1598 2919 Graev,
1618 2904 1656 2909 -—
1675 2890 1905 2929 conformavit
1931 2888 1956 2918 P
1981 2891 2015 2919 et.

260 2937 405 2971 Duisn„
437 2944 472 2968 ut
498 2939 630 2969 volebat
651 2937 793 2968 Lanib.:
824 2937 1041 2978 confirmavit
1069 2937 1261 2967 ABFR'l'E.
1295 2953 1328 2959 —
1361 2936 1403 2966 27
1445 2936 1559 2976 yloria
1591 2936 1756 2974 vuluntate
1771 2941 1851 2966 sunt
1875 2935 1960 2965 BRl'
1980 2939 2014 2966 et.

261 2993 348 3016 corr.
370 2985 438 3016 AF.
465 2985 507 3016 Ut
527 2994 587 3016 nos
600 3009 607 3021 ,
623 2985 644 3014 P
661 2990 693 3015 et
710 2993 748 3023 pr
779 2983 833 3014 AF
866 2999 903 3005 —
923 2983 1156 3013 Alea-andrum
1172 2992 1284 3014 omnes
1297 2999 1310 3005 -
1327 2999 1338 3004 —
1355 2983 1560 3013 dilexerunt.
1582 2981 1782 3012 Alexandro
1799 2983 1830 3013 .ςί
1846 2998 1859 3004 -
1874 2987 2013 3012 -trans-

259 3031 405 3062 volasset
425 3034 487 3063 hoc
506 3033 625 3063 ordine
645 3030 791 3061 PBFRT
818 3031 944 3067 aliique
965 3030 1124 3067 plurimi:
1154 3029 1355 3061 Alea-andro
1373 3030 1404 3059 si
1420 3046 1432 3051 -
1450 3044 1461 3049 ·
1489 3029 1747 3059 transvolasset.
1776 3027 2012 3060 Alexandrum

260 3086 375 3108 omnes
400 3094 412 3099 —
437 3095 450 3100 -
474 3079 669 3109 ditm-erunt
698 3078 721 3107 E
748 3083 780 3108 et
807 3077 959 3108 fortassis
985 3077 1024 3106 Α.
1056 3093 1093 3097 -
1129 3076 1185 3106 28.
1212 3081 1249 3106 ut
1275 3086 1342 3107 om.
1371 3075 1557 3106 PABFRT.
1584 3090 1620 3096 —
1648 3079 1840 3106 metuerant
1866 3074 2007 3105 FBR-

259 3124 316 3154 29.
345 3124 430 3155 data
457 3124 596 3163 lonyior
616 3124 751 3154 PAFT:
780 3124 918 3163 lonqior
945 3122 1031 3152 data
1049 3121 1149 3152 BRE.
1181 3140 1215 3145 —
1246 3131 1369 3153 manus
1395 3132 1462 3153 om.
1488 3121 1633 3152 P.-xBFR
1660 3127 1693 3153 et
1719 3122 1889 3162 plerique.
1943 3120 2010 3151 Ha-

261 3170 318 3202 bet
344 3170 385 3200 T.
416 3187 455 3193 —
482 3171 538 3201 32.
574 3171 750 3210 prohibuit
774 3170 922 3210 indigna
949 3168 1059 3200 Codd.
1082 3171 1209 3198 nostri:
1242 3170 1389 3209 tudiyna
1413 3168 1590 3209 prohibuit
1617 3168 1654 3199 E.
1688 3186 1724 3190 —
1754 3168 1810 3200 33.
1838 3164 2008 3206 simililer]

261 3217 365 3248 simili
392 3216 436 3253 P.
466 3226 531 3247 om.
556 3217 581 3247 B
609 3223 641 3248 et
670 3225 745 3247 cuin
775 3217 843 3248 Ert'.
874 3216 997 3247 Graev.
1029 3232 1066 3237 —
1097 3219 1144 3245 est
1171 3215 1288 3246 oblata
1316 3216 1393 3246 PR:
1423 3215 1541 3246 oblata
1565 3218 1614 3246 est
1638 3215 1767 3246 AFTE.
1797 3231 1833 3238 —
1863 3212 1917 3244 34.
1946 3214 2010 3254 fide

261 3269 422 3303 captum,
448 3263 619 3294 malorum
643 3263 792 3303 perfidia
815 3273 877 3302 per
901 3263 1006 3293 scelus
1033 3270 1111 3293 nos:
1140 3261 1207 3302 fide
1233 3267 1370 3300 coptum
1398 3262 1592 3297 malorum,
1618 3262 1783 3303 perfidiae
1808 3260 1914 3292 scelus
1931 3267 2008 3291 cum

262 3310 408 3343 Graevio
435 3310 486 3349 E,
525 3310 589 3352 fide
626 3313 764 3348 raptum
797 3310 971 3340 oviator-um
1003 3309 1149 3349 persidia
1175 3312 1204 3339 ec
1229 3309 1334 3339 scetus
1359 3309 1440 3340 Sch.
1493 3308 1709 3349 (Nostrorum
1737 3309 1916 3341 varietates
1944 3307 2007 3339 bae

260 3363 360 3390 sunt:
387 3360 561 3389 maiorum
588 3356 633 3395 R,
658 3357 831 3386 maiorum
854 3360 942 3387 natu
968 3356 1053 3391 BT.)
