2117 3762
248 284 326 327 1510
910 288 980 350 DE
1011 288 1337 332 INVENTIONE

245 393 288 435 in
329 406 421 435 eam
461 398 677 449 praecepta
717 392 920 434 dedimus.
981 394 1074 434 Alio
1116 399 1251 437 autem
1291 395 1383 438 loco
1427 398 1478 438 de
1521 398 1674 453 scripto
1715 404 1755 440 et
1796 403 1998 442 sententia

246 456 444 498 dicemus.
505 459 622 498 Nunc
651 457 693 498 in
723 457 894 498 alteram
926 456 1205 499 concessionis
1233 465 1393 514 partem
1433 459 1837 518 [considerationem]
1869 465 2000 506 inten-

245 519 406 560 demus.

358 583 549 624 XXXIV.
604 582 698 622 104.
748 582 1000 635 Deprecatio
1023 586 1106 631 est,
1140 583 1182 623 in
1211 597 1291 638 qua
1319 599 1404 627 non
1435 585 1623 627 defensio
1653 584 1751 627 facti
1782 586 1854 628 sed
1883 589 2001 642 igno-

216 646 390 687 55061(ᾱί
419 645 640 701 postulatio
673 643 922 685 continetur.
984 646 1076 685 Hoc
1114 659 1242 699 genus
1281 648 1352 688 vix
1381 650 1423 689 in
1452 649 1605 690 iudicio
1637 651 1808 702 probari
1838 656 1997 703 potest,

245 707 342 749 ideo
372 706 480 763 quod
513 719 712 747 concesso
741 712 914 760 peccato
945 706 1111 749 difficile
1144 714 1207 749 est
1236 710 1287 749 ab
1321 723 1395 759 eo,
1443 711 1513 767 qui
1549 717 1816 765 peccatorum
1846 712 2002 755 vindex

245 784 335 811 esse
376 769 521 818 debet,
575 774 621 810 ut
658 771 869 824 ignoscat,
921 771 1161 824 impetrare.
1224 772 1362 820 Quare
1399 780 1516 827 parte
1547 776 1635 815 eius
1666 776 1853 829 generis,
1907 789 2001 817 cum

246 846 408 873 causam
439 845 524 873 non
554 833 597 872 in
629 846 678 873 eo
719 833 1000 881 constitueris,
1047 833 1107 874 uti
1148 832 1302 875 licebit.
1365 836 1415 875 Ut
1445 838 1478 876 si
1507 850 1584 892 pro
1617 839 1756 892 aliquo
1789 839 1901 880 claro
1932 843 2004 880 aut

245 894 341 936 forti
371 896 482 943 viro,
514 895 629 935 cuius
659 894 701 936 in
732 909 819 936 rem
849 894 1059 948 publicam
1091 896 1219 937 multa
1250 903 1344 937 sunt
1372 896 1594 948 beneficia,
1628 901 1806 949 dixeris,
1842 900 2000 955 possiS‚

195 969 230 993 ιο
246 970 338 997 cum
366 958 547 998 videaris
577 971 662 998 non
694 959 753 999 uti
786 960 1097 1013 deprecatione,
1128 960 1187 999 uti
1208 965 1372 1008 tamen,
1406 959 1455 1001 ad
1477 963 1586 1002 hunc
1604 964 1795 1003 modum:
1830 964 2002 1012 Quodsi,

243 1020 420 1068 iudices,
467 1020 536 1061 hic
574 1034 651 1074 pro
689 1022 773 1062 suis
811 1020 1046 1070 beneficiis,
1094 1035 1173 1075 pro
1204 1037 1279 1063 suo
1311 1021 1469 1070 studio,
1515 1026 1627 1078 quod
1657 1025 1696 1065 in
1729 1039 1803 1067 vos
1835 1039 2004 1080 semper

242 1082 409 1132 habuit,
461 1083 531 1124 tali
572 1096 648 1124 suo
687 1089 876 1139 tempore
916 1086 1141 1127 multorum
1184 1099 1354 1126 suorum
1395 1091 1510 1127 recte
1544 1087 1748 1128 factorum
1779 1102 1902 1129 causa
1932 1089 2004 1130 uni

243 1144 394 1186 delicto
427 1151 472 1187 ut
500 1147 770 1200 ignosceretis
799 1148 1047 1202 postularet,
1080 1153 1162 1188 tam
1193 1148 1362 1202 dignum
1387 1153 1523 1190 vestra
1544 1150 1858 1193 mansuetudine
1879 1165 2003 1205 quam

242 1208 393 1250 virtute
425 1208 547 1250 huius
578 1215 711 1258 esset,
744 1210 921 1257 iudices,
954 1224 976 1251 a
1006 1209 1124 1251 vobis
1156 1212 1262 1252 hanc
1292 1225 1382 1252 rem
1414 1211 1493 1252 hoc
1517 1213 1750 1267 postulante
1770 1213 2000 1267 impetrari.

195 1272 402 1313 1⁵Deinde
432 1286 587 1326 augere
632 1272 832 1314 beneficia
882 1275 1024 1314 licebit
1067 1280 1108 1315 et
1156 1274 1314 1315 iudices
1345 1288 1422 1328 per
1468 1274 1608 1316 locum
1649 1288 1913 1318 communem
1953 1279 2005 1318 ad

242 1333 486 1388 ignoscendi
521 1335 777 1377 voluntatem
809 1335 1030 1378 deducere.
1095 1339 1188 1378 105.
1224 1338 1361 1387 Quare
1392 1340 1472 1378 hoc
1503 1350 1652 1392 genUS,
1684 1352 1931 1395 quamquam
1963 1342 2006 1381 in

243 1396 407 1439 iudiciis
437 1413 520 1440 non
550 1404 763 1448 versatur,
797 1399 877 1440 nisi
908 1399 1085 1454 quadam
1118 1415 1169 1441 ex
1200 1406 1337 1454 parte,
1371 1406 1534 1450 tamen,
1584 1402 1678 1456 quia
1709 1406 1749 1441 et
1778 1414 1871 1456 pars
1901 1404 2006 1444 haec

244 1462 333 1516 ipsa
363 1461 596 1503 inducenda
625 1475 923 1518 nonnunquam
956 1468 1017 1503 est
1047 1468 1088 1504 et
1118 1464 1161 1503 in
1192 1469 1337 1504 senatu
1368 1469 1439 1504 aut
1468 1463 1510 1504 in
1542 1463 1717 1505 consilio
1749 1477 1871 1519 saepe
1892 1465 2006 1507 omni

243 1524 286 1564 in
317 1537 472 1578 genere
500 1526 734 1573 tractanda,
776 1526 819 1565 in
848 1524 891 1566 id
922 1539 1090 1580 quoque
1119 1532 1344 1581 praecepta
1374 1540 1594 1579 ponemus.
1655 1528 1759 1567 Nam
1789 1528 1832 1568 in
1862 1535 2006 1569 senatu

195 1594 230 1619 2⁰
246 1591 286 1628 et
314 1586 359 1627 in
389 1587 563 1628 consilio
594 1586 643 1628 de
676 1589 862 1644 Syphace
893 1587 964 1629 diu
995 1588 1269 1630 deliberatum
1293 1595 1375 1639 est3
1411 1588 1521 1630 etde
1557 1590 1607 1638 Q.
1632 1589 1866 1631 Numitorio
1887 1591 2005 1631 Pullo

245 1651 353 1705 apud
393 1652 438 1691 L.
464 1649 673 1705 Opimium
717 1655 756 1690 et
796 1651 884 1692 eius
928 1651 1146 1692 consilium
1188 1652 1258 1693 diu
1289 1653 1444 1692 dictum
1477 1657 1552 1693 est.
1613 1654 1666 1692 Et
1694 1651 1825 1706 magis
1854 1653 1896 1693 in
1926 1653 2008 1693 hoc

245 1713 412 1768 quidem
454 1712 697 1768 ignoscendi
743 1727 866 1768 quam
912 1716 1192 1769 cognoscendi
1229 1715 1452 1770 postulatio
1492 1715 1637 1756 valuit.
1698 1716 1801 1754 Nam
1842 1727 2008 1769 semper

245 1777 382 1817 animo
425 1778 536 1816 bono
580 1790 622 1817 se
662 1778 703 1817 in
742 1778 943 1832 populum
973 1780 1205 1818 Romanum
1237 1777 1364 1819 fuisse
1396 1792 1481 1819 non
1512 1784 1595 1818 tam
1625 1776 1746 1818 facile
1776 1776 2005 1832 probabat,

246 1853 339 1879 cum
371 1839 638 1881 coniecturali
669 1839 964 1881 constitutione
993 1845 1202 1888 uteretur,
1235 1855 1357 1895 quam
1388 1846 1432 1880 ut
1463 1846 1634 1896 propter
1654 1839 1861 1893 posterius
1883 1841 2010 1880 bene-

195 1907 230 1933 25
244 1900 385 1943 ficium
415 1900 493 1942 sibi
523 1903 830 1956 ignosceretur,
877 1917 971 1943 cum
1003 1903 1312 1955 deprecationis
1343 1908 1481 1958 partes
1511 1902 1771 1956 adiungeret.
1832 1903 2005 1945 XXXV.

248 1966 339 2006 106.
371 1964 594 2018 Oportebit
625 1964 750 2019 igitur
780 1979 896 2013 eum,
941 1966 1012 2019 qui
1043 1965 1122 2006 sibi
1152 1972 1198 2006 ut
1227 1966 1489 2020 ignoscatur,
1530 1964 1783 2020 postulabit,
1829 1977 2010 2005 comme-

246 2040 432 2076 morare,
465 2029 498 2068 si
529 2042 610 2082 qua
640 2042 714 2069 sua
743 2029 898 2081 poterit
926 2026 1129 2069 beneficia
1160 2034 1226 2076 et,
1260 2030 1293 2069 si
1323 2029 1496 2083 poterit,
1531 2026 1750 2068 ostendere
1774 2041 1823 2068 ea
1848 2028 2011 2068 maiora

247 2103 336 2130 esse
367 2103 491 2144 quam
521 2092 645 2139 haec,
694 2105 800 2145 quae
832 2090 1074 2145 deliquerit,
1120 2096 1166 2131 ut
1203 2092 1295 2144 plus
1335 2092 1386 2131 ab
1418 2103 1469 2131 eo
1500 2089 1600 2131 boni
1631 2104 1754 2145 quam
1784 2091 1883 2130 mali
1912 2103 2011 2143 pro-

246 2151 399 2194 fectum
431 2166 519 2193 esse
551 2153 762 2202 videatur3
812 2152 963 2195 deinde
994 2154 1201 2194 maiorum
1232 2167 1404 2194 suorum
1436 2151 1664 2200 beneficia,
1698 2154 1732 2193 si
1764 2167 1844 2208 qua
1875 2158 2011 2194 exsta-

197 2217 372 2262 ³⁰bunt‚
418 2214 632 2271 proferre3
684 2217 834 2258 deinde
880 2215 1099 2257 ostendere
1140 2230 1224 2256 non
1267 2211 1365 2257 odio
1396 2230 1531 2271 neque
1563 2217 1805 2256 crudelitate
1835 2216 2005 2265 fecisse,

249 2277 361 2333 quod
403 2277 568 2326 fecerit,
617 2281 690 2320 sed
730 2284 800 2320 aut
838 2278 1008 2320 stultitia
1049 2283 1118 2320 aut
1147 2280 1330 2332 impulsu
1361 2278 1532 2319 alicuius
1563 2283 1634 2319 aut
1665 2278 1802 2334 aliqua
1831 2281 2007 2320 honesta

249 2346 319 2382 aut
358 2341 566 2396 probabili
606 2355 748 2392 causa;
800 2347 944 2397 postea
981 2341 1170 2395 polliceri
1211 2347 1251 2382 et
1289 2340 1537 2382 confirmare
1584 2355 1627 2381 se
1659 2346 1701 2381 et
1728 2343 1808 2381 hoc
1838 2346 2008 2395 peccato

250 2407 418 2446 doctum
459 2410 499 2446 et
537 2404 740 2446 beneficio
782 2419 952 2454 eorum,
1000 2406 1071 2460 qui
1112 2404 1191 2445 sibi
1237 2406 1491 2459 ignoverint,
1538 2402 1850 2451 confirmatum,
1896 2401 2012 2444 omni

250 2474 438 2523 tempore
469 2482 491 2508 a
522 2469 591 2508 tali
622 2467 780 2509 ratione
818 2467 1054 2517 afuturu1113
1108 2467 1257 2508 deinde
1297 2481 1412 2520 spem
1460 2466 1677 2508 ostendere
1717 2465 1856 2521 aliquo
1894 2480 1938 2506 se
1968 2467 2011 2506 in

201 2532 345 2571 ssloco
375 2543 524 2585 magno
554 2532 625 2579 iis,
674 2530 744 2586 qui
774 2531 853 2571 sibi
887 2531 1191 2578 concesserint,
1239 2531 1333 2571 usui
1371 2529 1578 2571 futurum:
1634 2531 1726 2570 107.
1759 2533 1927 2584 postea,
1977 2529 2011 2569 si

250 2592 422 2636 facultas
453 2594 551 2642 erit,
592 2608 636 2634 se
667 2599 736 2634 aut
766 2594 1120 2648 consanguineum
1151 2597 1222 2633 aut
1249 2593 1332 2633 iam
1364 2606 1387 2633 a
1419 2590 1646 2633 maioribus
1676 2592 1878 2645 imprimis
1910 2592 2011 2632 ami-

343 2772 377 2803 1.
406 2774 437 2803 et
461 2771 501 2803 de
516 2772 686 2803 sententia
707 2770 795 2802 PAR
821 2775 854 2802 et
873 2772 994 2810 optimi
1020 2770 1113 2802 Oud.
1134 2771 1264 2802 Tamen
1283 2780 1337 2802 vv.
1356 2770 1442 2802 haec
1461 2770 1567 2801 artius
1588 2767 1830 2807 coniungenda
1850 2768 2012 2800 videntur

252 2821 378 2851 omisso
406 2819 515 2850 altero
541 2819 594 2849 de.
622 2835 659 2840 —
707 2819 741 2848 ⁴2.
770 2819 806 2848 in
834 2818 901 2850 del.
931 2827 1021 2849 corr.
1042 2819 1079 2849 P.
1105 2834 1141 2840 —-
1168 2823 1310 2857 partem
1336 2816 1590 2848 consideremus
1615 2816 1750 2854 iamque
1775 2815 1946 2847 tendemus
1971 2815 2010 2853 P,

248 2870 388 2905 partem
423 2867 495 2897 iam
529 2865 769 2896 contendemus
797 2874 846 2904 pr.
877 2864 990 2896 Schol.
1017 2865 1110 2896 Oud.
1129 2888 1137 2901 ,
1182 2874 1249 2904 qua
1277 2869 1391 2896 tamen
1430 2866 1464 2894 in
1498 2863 1575 2894 leet.
1601 2861 1877 2900 abundatiam,
1917 2862 2011 2895 unde

255 2913 462 2944 Schutzius:
507 2911 605 2943 Nunc
641 2912 687 2943 ad
720 2910 795 2952 (sic)
833 2911 983 2943 alteram
1009 2911 1238 2943 concessionis
1261 2915 1399 2952 partem
1425 2910 1679 2941 contendemus.
1731 2908 1831 2940 Adde
1857 2911 2013 2948 interpe-

255 2959 418 2991 lationem
461 2960 563 2990 unius
601 2958 738 2990 Oxon.:
780 2963 920 2998 partem
945 2959 1052 2990 aciem
1078 2958 1263 2990 tendemus.
1314 2958 1357 2989 Ut
1389 2965 1476 2993 nos,
1519 2955 1606 2993 AR;
1650 2955 1710 2987 sed
1746 2955 1951 2988 seclusimus
1977 2965 2010 2987 v.

256 3007 591 3041 considerationem,
620 3015 688 3045 quo
715 3009 887 3043 expuncto
913 3006 1089 3037 Ciceronis
1116 3013 1257 3036 manum
1284 3006 1480 3036 restitutum
1508 3004 1548 3034 iri
1578 3007 1753 3042 putamus.
1790 3018 1831 3025 —
1873 3002 1907 3034 9.
1934 3007 2013 3034 sunt

255 3052 346 3083 PAR
374 3061 564 3092 omnesque
591 3051 709 3084 Oud.:
745 3053 813 3083 sint
838 3052 878 3082 E.
917 3068 957 3074 —-
1001 3053 1055 3083 10.
1086 3049 1213 3090 tamen]
1242 3057 1324 3082 tunc
1349 3050 1388 3082 P.
1423 3065 1463 3072 -—
1506 3051 1561 3080 11.
1594 3058 1726 3090 semper
1750 3049 1872 3081 habuit
1896 3049 2010 3081 PAR:

255 3099 375 3130 habuit
392 3108 522 3138 semper
542 3099 580 3130 E.
600 3115 638 3120 -—
670 3097 725 3129 13.
753 3096 839 3138 tam]
866 3102 946 3131 tune
973 3107 1023 3137 pr.
1053 3099 1091 3136 P,
1119 3103 1234 3129 tamen
1247 3098 1275 3129 A
1294 3102 1328 3129 et
1346 3096 1487 3129 corr-P.
1511 3113 1547 3118 —
1575 3106 1680 3138 quam
1698 3104 1768 3128 om.
1795 3095 1875 3134 ΡΑ,
1903 3099 2010 3136 atque

256 3147 305 3177 sic
334 3146 477 3176 bamb-z
507 3151 623 3177 tamen
647 3146 790 3186 diynum
813 3148 931 3176 vestra
954 3145 1239 3177 mansuetudine,
1267 3143 1414 3183 diynum
1439 3144 1579 3174 virtute.
1605 3159 1649 3164 —-
1674 3142 1731 3174 16.
1758 3143 1880 3174 ducere
1897 3142 2009 3179 PAR,

255 3191 415 3224 inducere
439 3191 511 3223 Pal.
539 3192 567 3223 Ι.
585 3215 592 3229 ,
618 3193 800 3232 perducere
827 3191 938 3224 Oxon.
967 3201 1072 3224 unus.
1101 3190 1157 3231 (Ut
1182 3199 1266 3224 nos,
1294 3191 1366 3222 Pal.
1395 3190 1441 3221 ΙΙ.
1469 3190 1569 3221 Leid.
1597 3190 1643 3221 ΙΙ.
1672 3189 1770 3221 Voss.
1797 3189 1867 3225 11.,
1894 3187 1950 3230 L.)
1969 3206 2009 3212 —

258 3238 314 3270 17.
338 3245 426 3278 pars
451 3238 531 3269 haec
556 3240 633 3277 ipsa
658 3239 704 3275 P,
744 3239 858 3271 Schol.
901 3239 1001 3271 Voss.
1028 3239 1057 3270 I.
1097 3238 1195 3270 Leid.
1223 3237 1316 3268 111.:
1356 3245 1444 3276 pars
1468 3237 1547 3276 ipsa
1573 3236 1676 3268 ΑΒΕ.
1707 3253 1744 3260 -
1786 3236 1844 3267 21.
1870 3236 2013 3268 ductum

256 3285 316 3316 PR
340 3283 482 3323 aliique.
511 3300 550 3305 —
591 3285 648 3316 33.
684 3287 903 3326 iynoscerent
928 3286 996 3318 ΡΑ.
1033 3303 1070 3309 -
1114 3284 1170 3316 34.
1204 3285 1342 3316 ratione
1367 3286 1508 3315 cautum
1532 3284 1687 3321 faturum
1713 3282 1829 3315 Schol.
1857 3282 1956 3315 Voss.
1984 3284 2013 3314 1.

257 3332 356 3363 Leid.
383 3331 428 3361 11.
453 3330 516 3362 111.
565 3330 712 3362 Videtur
745 3337 861 3365 tamen
887 3333 986 3376 gloss.
1025 3331 1082 3374 (Ut
1105 3340 1192 3371 nos,
1218 3330 1244 3361 P
1261 3355 1269 3370 ,
1311 3330 1473 3371 futurum
1498 3330 1525 3362 Α
1542 3353 1551 3368 ,
1595 3329 1798 3370 abfuturum
1822 3329 1877 3369 R,
1921 3337 2011 3372 quac

258 3380 429 3418 scriptura
455 3380 507 3410 est
531 3377 623 3419 apud
650 3377 705 3419 E.)
