2117 3762
702 246 798 285 LlB.
833 244 900 283 lv.
960 243 1002 283 C.
1042 244 1104 282 16.
1142 243 1206 282 17.
1246 242 1307 281 18.
1827 243 1876 280 61

129 356 324 396 mulieres
355 355 405 395 ad
438 352 577 394 omnia
608 348 808 391 maleficia
842 346 1042 400 cupiditas
1074 361 1154 388 una
1186 347 1311 386 ducit.
1390 346 1516 385 Item:
1561 345 1670 383 Bene
1703 345 1879 384 maiores

128 419 207 458 hoc
241 421 607 471 comparaveruut,
656 420 699 453 ut
731 410 937 452 neminem
981 424 1118 461 regem
1143 442 1151 456 ‚
1201 422 1322 463 quem
1364 407 1487 447 armis
1527 407 1751 459 cepissent,
1803 407 1882 445 vita

129 482 355 533 privarent.
418 478 525 528 Quid
558 477 643 517 ita?
695 475 826 523 Quia,
875 487 996 527 quam
1039 472 1158 512 nobis
1202 473 1436 511 facultatem
1479 470 1643 508 fortuna
1684 466 1878 512 (ledisset,

128 543 312 597 iniquum
345 548 432 582 erat
462 540 502 580 in
535 553 679 579 eorum
711 537 913 588 supplicio
948 549 1215 581 consumere,
1250 547 1354 587 quos
1386 533 1528 572 eadem
1555 531 1718 570 fortuna
1742 529 1879 583 paullo

128 612 222 646 autc
255 605 295 646 in
317 602 569 656 amplissimo
592 606 698 640 statu
721 600 955 639 collocarat.
1016 596 1122 646 Quid
1139 628 1148 643 ,
1184 598 1293 651 quod
1317 595 1544 636 exercituin
1568 600 1709 633 contra
1733 593 1847 631 duxit
1864 594 1879 630 ?
1896 603 1910 627 ⁵

128 668 279 707 Desino
312 664 562 707 meminisse.
625 661 732 711 Quid
766 661 847 701 ita?
880 662 985 709 Quia
1018 660 1093 699 viri
1126 658 1242 698 sortis
1275 664 1364 705 est,
1400 656 1467 712 qui
1501 659 1550 696 de
1584 654 1755 695 victoria
1785 668 1883 694 con-

129 731 322 775 tendant,
371 741 443 768 eos
475 727 615 766 hostes
648 730 821 776 putare3
870 724 938 778 qui
971 721 1066 762 victi
1099 728 1218 767 sunt,
1269 735 1339 760 eos
1371 718 1560 760 homines
1592 716 1796 762 iudicare,
1840 721 1884 754 ut

128 792 257 847 possit
288 791 442 830 bellum
475 786 672 828 fortitudo
707 786 918 832 minuere,
963 798 1107 839 pacem
1141 781 1376 822 humanitas
1408 796 1574 833 augere.
1635 783 1682 819 At
1716 778 1805 825 ille,
1851 778 1882 817 si

129 853 316 899 vicisset,
368 866 464 892 num
506 853 614 891 idem
656 851 850 890 ferisset?
902 851 993 888 Non
1036 846 1222 901 profecto
1267 853 1346 885 tam
1391 845 1554 897 sapiens
1587 843 1742 883 suisset.
1803 842 1885 881 Cur

128 915 252 969 igitur
283 914 321 955 ei
352 915 519 967 parcis?
552 914 657 962 Quia
689 912 808 952 talem
832 910 1044 951 stultitiam
1068 915 1357 954 contemnere,
1392 922 1472 947 non
1495 906 1642 946 imitari
1668 904 1880 944 consuevi.
1899 914 1932 938 ιο

127 978 195 1019 24.
230 978 342 1017 Haec
373 975 587 1017 exornatio
631 977 679 1015 ad
724 987 956 1015 sermonem
990 973 1257 1012 vehementer
1297 972 1606 1009 accommodata
1637 973 1698 1007 est
1729 973 1769 1006 et
1798 966 1884 1006 ani-

127 1053 238 1080 mum
269 1038 470 1080 auditoris
502 1039 652 1079 retinet
682 1044 882 1078 attentum
913 1050 1006 1076 cum
1037 1039 1251 1075 venustate
1283 1033 1484 1073 sermonis
1504 1063 1513 1079 ,
1564 1037 1648 1071 tum
1679 1030 1883 1069 rationum

128 1101 452 1155 exspectatione.

239 1165 368 1205 XVII.
405 1164 617 1203 Sententia
649 1167 709 1203 est
741 1160 871 1201 oratio
905 1165 1066 1213 sumpta
1099 1160 1150 1199 de
1181 1157 1292 1207 vita,
1340 1172 1443 1213 quae
1487 1163 1555 1197 aut
1594 1155 1689 1211 quid
1736 1155 1786 1195 sit
1816 1159 1885 1194 aut

127 1226 225 1282 quid
258 1241 347 1268 esse
379 1232 569 1279 oporteat
600 1227 641 1265 in
673 1226 775 1271 vita,
824 1225 1008 1264 breviter
1049 1221 1257 1269 ostendit,
1306 1222 1385 1261 hoc
1417 1227 1560 1273 pacto:
1607 1216 1782 1258 Disticile
1823 1222 1933 1257 estis

127 1291 306 1343 primum
339 1288 509 1330 virtutes
541 1288 753 1334 revereri,
798 1287 865 1342 qui
898 1299 1063 1340 semper
1093 1283 1271 1325 secunda
1302 1283 1468 1324 fortuna
1498 1283 1549 1321 sit
1578 1295 1690 1322 usus.
1753 1281 1880 1319 Item:

127 1351 253 1393 Liber
283 1353 316 1392 is
347 1358 409 1392 est
450 1348 771 1396 existimandus,
819 1350 887 1403 qui
933 1348 1033 1388 nulli
1076 1346 1320 1403 turpitudini
1364 1344 1504 1386 servit.
1567 1345 1697 1383 Item:
1750 1344 1884 1395 Egens

127 1428 259 1468 aeque
309 1419 370 1454 est
414 1414 475 1461 is,
529 1413 599 1467 qui
644 1426 726 1452 non
758 1413 854 1452 satis
885 1412 1036 1458 habet,
1071 1418 1111 1451 et
1142 1411 1201 1458 is,
1255 1408 1319 1449 cui
1352 1407 1448 1448 satis
1481 1406 1583 1446 nihil
1614 1412 1749 1461 potest
1777 1420 1881 1446 esse.

128 1479 259 1518 Item:
315 1477 480 1530 Optima
519 1474 685 1515 vivendi
729 1475 833 1514 ratio
877 1480 937 1513 est
978 1474 1194 1527 eligenda3
1246 1485 1336 1512 eam
1378 1470 1597 1510 iucundam
1630 1469 1883 1509 consuetudo

128 1541 286 1581 reddet.
349 1538 597 1579 Huiusmodi
628 1540 855 1577 sententiae
886 1536 1095 1589 simplices
1125 1550 1208 1575 non
1231 1540 1325 1575 sunt
1348 1531 1662 1585 improbandae,
1696 1536 1885 1584 propter·
1899 1545 1934 1569 20

129 1616 177 1643 ea
222 1599 332 1656 quod
375 1602 499 1640 habet
530 1599 668 1640 brevis
702 1599 936 1652 expositio,
989 1600 1021 1638 si
1062 1597 1234 1638 rationis
1271 1595 1422 1637 nullius
1462 1596 1643 1647 indiget,
1695 1608 1885 1647 magnam

128 1664 458 1706 delectationem.
509 1662 589 1702 Sed
621 1661 720 1701 illud
751 1676 916 1716 quoque
947 1663 1208 1716 probandum
1239 1666 1301 1700 est
1331 1673 1458 1711 genus
1490 1657 1739 1704 sententiae,
1773 1657 1885 1709 quod

129 1726 393 1768 confirmatur
425 1725 685 1765 subiectione
716 1724 909 1773 rationis,
943 1726 1022 1764 hoc
1055 1729 1205 1776 pacto:
1242 1724 1395 1763 Omnes
1427 1723 1534 1761 bene
1567 1718 1731 1760 vivendi
1763 1719 1886 1759 ratio-

128 1803 200 1830 nes
231 1789 272 1829 in
303 1790 453 1829 virtute
487 1794 580 1827 sunt
613 1788 901 1834 collocandae,
954 1792 1176 1839 propterea
1220 1787 1330 1839 quod
1362 1783 1449 1825 sola
1480 1782 1609 1823 virtus
1639 1782 1679 1821 in
1711 1794 1782 1822 sua
1814 1794 1886 1835 po-

127 1856 272 1891 testate
294 1855 384 1897 est,
419 1850 555 1889 omnia
578 1855 853 1901 praeteream
877 1851 1060 1890 subiecta
1090 1855 1184 1890 sunt
1214 1850 1289 1888 sul)
1321 1849 1511 1887 fortunae
1543 1845 1934 1886 dominati‹›nem.25

128 1914 260 1953 Item:
295 1912 375 1961 Qui
406 1912 583 1952 fortunis
614 1911 786 1951 alicuius
818 1911 974 1952 inducti
1005 1913 1226 1952 amicitiam
1249 1912 1336 1951 eius
1359 1910 1487 1950 secuti
1510 1915 1627 1955 sunt,
1660 1908 1728 1955 hi,
1764 1908 1886 1947 simul

128 1990 175 2016 ac
204 1974 371 2016 fortuna
401 1975 559 2026 dilapsa
590 1980 679 2022 est,
729 1974 922 2016 devolant
968 1989 1127 2015 omnes.
1202 1974 1303 2014 Cum
1345 1974 1454 2013 enim
1496 1971 1668 2012 recessit
1709 1984 1755 2009 ea
1800 1982 1882 2016 res,

129 2051 233 2093 quae
266 2036 343 2077 suit
375 2038 685 2079 consuetudinis
716 2051 859 2086 causa,
895 2039 996 2093 nihil
1028 2043 1241 2090 superest,
1291 2050 1418 2090 quare
1449 2035 1608 2089 possint
1637 2034 1678 2073 in
1710 2032 1887 2073 amicitia

128 2101 276 2142 teneri.
340 2100 442 2140 Sunt
472 2099 569 2141 item
601 2101 854 2149 sententiae,
909 2114 1013 2155 quae
1051 2099 1272 2153 dupliciter
1313 2097 1541 2139 efferuntur
1583 2095 1684 2150 [sine
1728 2095 1886 2135 ratione

129 2169 170 2204 et
211 2175 302 2203 cum
348 2161 542 2217 ratione].
604 2164 694 2203 Hoc
726 2165 849 2204 modo
891 2163 981 2204 sine
1020 2163 1203 2204 ratione:
1258 2164 1431 2209 Errant,
1477 2160 1546 2215 qui
1592 2158 1633 2199 in
1675 2158 1936 2211 prosperisso

129 2224 253 2267 rebus
295 2239 440 2267 omnes
485 2226 663 2279 impetus
709 2225 898 2267 fortunae
946 2241 988 2267 se
1031 2232 1174 2281 putant
1214 2226 1384 2279 fugisse.
1448 2224 1664 2276 Sapienter
1694 2220 1884 2274 cogitant,

129 2288 198 2344 qui
229 2288 485 2343 temporibus
517 2289 707 2329 secundis
740 2303 856 2329 casus
886 2290 1084 2330 adversos
1116 2287 1401 2329 reformidant.
1462 2288 1529 2326 25.
1576 2285 1677 2324 Cum
1709 2283 1882 2329 ratione,

128 2352 209 2393 hoc
238 2357 387 2407 pacto:
430 2352 510 2400 Qui
541 2353 866 2393 adolescentium
896 2353 1077 2406 peccatis
1108 2352 1266 2406 ignosci
1298 2354 1444 2404 putant
1474 2353 1669 2401 oportere
1688 2376 1698 2394 ,
1741 2343 1886 2385 fallun-

129 2421 214 2462 tur,
261 2419 487 2467 propterea
525 2416 636 2469 quod
676 2420 787 2455 aetas
827 2415 897 2455 illa
927 2429 1009 2456 non
1043 2420 1104 2455 est
1133 2413 1432 2467 impedimento
1467 2410 1584 2452 bonis
1615 2409 1774 2449 studiis.
1835 2408 1886 2446 At

128 2477 172 2517 hi
202 2476 408 2531 sapienter
447 2475 629 2524 faciunt,
683 2478 751 2533 qui
792 2476 1078 2518 adolescentes
1118 2478 1297 2517 maxime
1338 2476 1560 2528 castigant,
1612 2478 1684 2520 ut,
1738 2468 1933 2526 quibusss

129 2539 350 2580 virtutibus
383 2553 549 2580 omnem
581 2541 705 2580 vitam
736 2541 842 2581 tueri
872 2541 1054 2594 possint,
1104 2554 1171 2580 eas
1210 2539 1252 2579 in
1292 2543 1425 2578 aetate
1456 2536 1729 2577 maturissima
1759 2533 1886 2573 velint

132 2615 391 2655 comparare.
451 2604 684 2644 Sententias
717 2604 926 2657 interponi
966 2618 1059 2644 raro
1099 2603 1321 2650 convenit,
1373 2606 1418 2641 ut
1456 2598 1516 2640 rei
1562 2604 1749 2644 actores,
1802 2608 1885 2634 non

129 2664 295 2705 vivendi
341 2671 632 2718 praeceptores
676 2665 890 2707 videamur
934 2680 1039 2707 esse.
1103 2667 1203 2707 Cum
1235 2666 1291 2705 ita
1329 2667 1664 2716 interponentur,
1713 2657 1885 2698 multum

131 2725 304 2768 afferent
335 2727 583 2768 ornamenti.
646 2730 822 2770 Necesse
854 2735 916 2770 est
946 2730 1079 2777 enim,
1129 2725 1375 2781 comprobet
1407 2740 1496 2766 eam
1528 2725 1674 2764 tacitus
1704 2719 1882 2767 auditor,

132 2803 225 2830 cum
270 2788 321 2831 ad
363 2804 527 2831 causam
567 2792 705 2833 videat
749 2791 1054 2832 accommodari
1099 2805 1185 2832 rem
1229 2795 1383 2831 certam
1427 2802 1478 2829 ex
1516 2788 1598 2828 vita
1629 2790 1670 2825 et
1700 2780 1934 2824 moribusao

133 2858 351 2907 sumptam.

243 2916 392 2957 XVIII.
427 2917 687 2958 Contrarium
718 2918 828 2958 idem
859 2917 945 2958 fere
979 2923 1060 2965 est,
1093 2918 1203 2972 quod
1227 2915 1454 2956 contentio.
1517 2909 1774 2951 Contrarium
1806 2914 1883 2956 est,

133 2979 245 3032 quod
277 2992 330 3019 ex
361 2981 484 3020 rebus
516 2979 686 3021 diversis
717 2979 877 3021 duabus
907 2981 1077 3021 alteram
1109 2979 1292 3025 breviter
1324 2983 1365 3018 et
1394 2974 1511 3016 facile
1537 2971 1773 3020 confirmat,
1806 2973 1885 3012 hoc

226 3101 258 3132 1.
288 3100 425 3131 deducit
451 3101 521 3132 ΒΤ.
554 3119 588 3126 -
628 3104 777 3134 maiores
803 3104 917 3134 nostri
941 3102 1070 3134 ABFT.
1103 3118 1140 3124 —-
1181 3101 1214 3132 9.
1244 3100 1312 3132 Cur
1337 3095 1535 3128 PABFRT:
1567 3094 1655 3134 Quid
1682 3094 1720 3126 E.
1751 3109 1790 3116 -
1828 3092 1883 3123 12.

135 3156 209 3178 cum
236 3147 369 3178 PBFT.
413 3153 486 3178 tum
512 3148 569 3179 RE
610 3147 657 3187 (et
683 3149 759 3180 furt.
789 3148 843 3189 A).
885 3165 924 3171 -·
970 3150 1022 3181 16.
1050 3149 1239 3189 plurimum
1266 3147 1467 3176 Rancuneto
1503 3149 1645 3174 auct-ore
1676 3141 1716 3172 L.
1754 3156 1791 3162 -
1827 3138 1883 3170 18.

134 3196 219 3225 sacis
244 3195 331 3225 nihil
356 3193 526 3226 PAFRT:
554 3195 641 3226 nihil
657 3198 742 3226 satis
763 3196 833 3227 BE.
860 3211 892 3216 —
923 3195 979 3226 29.
1009 3196 1070 3226 Vv.
1098 3198 1169 3225 sine
1187 3195 1322 3224 ratione
1340 3195 1369 3221 et
1388 3200 1462 3221 cum
1479 3191 1613 3221 ratione
1639 3197 1707 3219 om.
1725 3185 1881 3218 PBFRT.

135 3240 204 3271 Nos
230 3242 446 3272 seclusimus.
474 3257 517 3262 —
558 3241 615 3272 38.
642 3242 824 3273 vtdeamur
848 3250 919 3273 esse
947 3243 1118 3273 PABRT:
1147 3250 1213 3271 esse
1238 3239 1418 3270 videamur
1444 3236 1511 3268 FE.
1540 3250 1577 3256 -
1608 3234 1664 3266 39.
1693 3232 1885 3273 comprobet

136 3296 212 3318 eam
236 3286 404 3319 PAFRT:
429 3288 551 3328 probet
576 3296 652 3318 eam
678 3288 724 3322 Β.
753 3299 826 3320 eam
853 3289 1047 3328 comprobet
1076 3288 1115 3319 E.
1150 3302 1183 3308 —-
1212 3286 1269 3317 42.
1301 3286 1360 3318 vv.
1392 3283 1612 3315 Contrarium
1636 3299 1649 3305 -
1674 3298 1687 3304 -
1713 3279 1885 3312 contentio

138 3343 207 3366 om.
228 3334 312 3366 Cod.
332 3335 427 3374 Lips.
447 3358 456 3373 ,
484 3335 551 3367 del.
579 3335 659 3366 Sca.
709 3334 825 3367 Nostri
850 3341 998 3368 servant.
