2117 3762
266 272 319 314 60
934 266 1002 307 ΑΙ)
1035 265 1347 305 IIERENNIUM

266 377 476 432 gidissima
507 378 639 425 cales3
683 375 723 416 in
754 373 1055 414 ferventissima
1086 370 1226 424 friges.
1288 372 1427 411 Tacito
1461 384 1553 410 cum
1584 375 1688 422 'opus
1719 372 1802 417 est,
1836 364 2034 420 clamas3⁷

264 442 337 482 ubi
367 440 480 495 loqui
512 440 733 485 convenit,
767 433 1032 476 obmutescis.
1092 435 1233 473 Ades?
1264 435 1409 474 abesse
1430 433 1512 481 vis;
1546 434 1677 472 abes?
1708 433 1860 472 reverti
1881 434 2011 486 cupis.

264 505 311 544 In
342 516 444 556 pace
476 504 630 543 bellum
661 500 896 555 quaeritas3
948 497 990 536 in
1033 494 1144 536 bello
1184 509 1325 550 pacem
1366 497 1592 536 desideras.
1654 496 1700 534 In
1743 495 1934 535 contione
1965 494 2014 535 de

263 567 414 607 virtute
444 565 654 619 loqueris;
708 562 749 602 in
794 559 956 613 proelio
1001 571 1098 613 prae
1140 559 1305 611 ignavia
1341 561 1464 599 tubae
1507 559 1685 599 sonitum
1716 555 1901 612 perferre
1931 572 2015 599 non

235 633 396 682 5potes.
460 629 546 667 Hoc
578 637 729 679 genere
759 624 792 664 si
825 623 1122 677 distinguemus
1153 622 1410 670 orationem,
1461 626 1501 662 et
1531 635 1675 676 graves
1708 627 1747 662 et
1777 621 1911 661 ornati
1940 635 2016 674 po·-

267 691 435 731 terimus
468 703 571 729 esse.

376 754 443 792 22.
487 749 742 791 Exclamatio
775 753 866 796 est,
914 762 1019 802 quae
1061 744 1226 787 conficit
1265 744 1606 799 significationem
1646 746 1803 788 doloris
1848 751 1918 788 aut
1954 747 2016 788 in-

265 813 509 869 dignationis
553 812 724 852 alicuius
767 824 842 866 per
887 810 1065 851 hominis
1108 814 1177 849 aut
1214 809 1329 848 urbis
1369 814 1438 849 aut
1476 811 1556 850 loci
1599 815 1669 850 aut
1697 809 1758 850 rei
1789 809 2015 862 cuiuspiam

264 874 622 931 compellationem
643 905 653 922 ,
687 873 764 914 hoc
796 875 946 914 modo:
990 876 1048 913 Te
1078 887 1185 912 nunc
1217 872 1430 924 alloquor,
1463 871 1653 912 Africane
1673 904 1683 920 ,
1717 874 1831 913 cuius
1861 873 2015 912 mortui

214 953 249 977 10
265 952 429 994 quoque
458 951 611 978 nomen
642 937 855 991 splendori
886 950 933 976 ac
964 935 1105 976 decori
1146 939 1206 975 est
1243 933 1413 973 civitati.
1475 933 1549 974 Tui
1590 934 1803 976 clarissimi
1843 940 2015 990 nepotes

262 1016 336 1042 suo
376 1001 574 1054 sanguine
617 999 806 1040 aluerunt
844 998 1104 1039 inimicorum
1151 996 1450 1037 crudelitatem.
1512 997 1640 1038 Item:
1689 998 1721 1038 O
1766 997 2014 1053 perfidiosae

261 1062 494 1117 Fregellae,
528 1076 650 1117 quam
680 1064 801 1103 facile
833 1063 989 1102 scelere
1020 1065 1159 1101 vestro
1191 1058 1482 1099 contabuistisi
1515 1064 1581 1107 ut,
1616 1061 1730 1100 cuius
1762 1060 1871 1101 nitor
1899 1062 2015 1101 urbis

260 1126 418 1167 Italiam
450 1138 580 1180 nuper
600 1125 818 1165 illustravit
837 1156 846 1172 ,
881 1126 968 1165 eius
990 1136 1098 1163 nunc
1118 1123 1189 1163 vix
1211 1122 1569 1163 fundamentorum
1592 1121 1790 1176 reliquiae
1813 1127 2014 1163 maneant.

260 1191 389 1229 Item:
439 1190 650 1228 Bonorum
693 1189 956 1228 insidiatores
1006 1185 1221 1227 latrocinio
1271 1186 1395 1224 vitam
1442 1183 1765 1224 innocentissimi
1818 1186 2015 1238 cuiusque

212 1263 246 1288 1⁵
262 1252 449 1304 petistis;
501 1255 709 1291 tantamne
756 1263 807 1290 cx
847 1250 1059 1304 iniquitate
1104 1248 1350 1288 iudiciorum
1382 1247 1532 1287 vestris
1564 1246 1778 1287 calumniis
1811 1247 2015 1288 assumitis

259 1312 523 1355 facultatem!
572 1315 660 1354 Hac
690 1312 985 1353 exclamatione
1016 1313 1047 1352 si
1080 1311 1173 1352 loco
1203 1316 1367 1350 utemur
1386 1341 1396 1357 ,
1448 1322 1544 1349 raro
1577 1314 1616 1350 et
1647 1322 1738 1349 cum
1770 1310 1830 1350 rei
1861 1311 2018 1364 magni·-

260 1378 360 1417 tudo
391 1375 598 1431 postulare
631 1377 861 1423 videbitur,
914 1376 965 1415 ad
1003 1389 1125 1430 quam
1157 1374 1345 1414 volemus
1378 1372 1703 1426 indignationem
1734 1373 1916 1413 animum
1947 1387 2017 1413 au-

260 1440 405 1479 ditoris
435 1438 701 1479 adducemus.

372 1503 648 1555 Interrogatie
680 1515 764 1541 non
795 1501 929 1541 omnis
961 1499 1097 1553 gravis
1129 1503 1190 1539 est
1218 1511 1354 1552 neque
1385 1497 1608 1545 concinna,
1643 1499 1714 1538 sed
1735 1496 1858 1545 haee,
1893 1511 2012 1552 quae,

210 1577 246 1601 20
261 1578 352 1605 cum
386 1570 624 1604 enumerata
655 1570 748 1603 sunt
778 1577 851 1610 ea,
898 1577 1001 1617 quae
1033 1565 1185 1603 obsunt
1215 1576 1362 1602 causae
1395 1562 1726 1601 adversariorum
1747 1592 1757 1608 ,
1804 1559 2018 1601 confirmat

259 1629 517 1681 superiorem
565 1628 826 1674 orationem,
878 1628 958 1666 hoc
1003 1630 1151 1678 pacto:
1205 1625 1305 1665 Cum
1352 1625 1477 1677 igitur
1521 1626 1622 1664 haec
1659 1624 1797 1663 omnia
1842 1622 2014 1672 faceres,

259 1689 440 1737 diceres,
486 1691 821 1735 administrareS,
869 1694 1005 1730 utrum
1039 1689 1198 1731 animos
1237 1687 1444 1727 sociorum
1476 1688 1527 1726 ab
1559 1700 1604 1726 re
1634 1685 1799 1741 publiea
1830 1699 2018 1727 remove-

259 1754 332 1792 bas
364 1759 402 1792 ct
433 1753 707 1798 abalimabas,
740 1766 791 1792 an
822 1755 939 1792 non?
970 1754 1048 1791 Et:
1084 1752 1223 1791 Utrum
1255 1749 1434 1805 aliquem
1466 1751 1674 1790 exhortam
1706 1749 1912 1801 oportuit,
1947 1750 2016 1805 qui

258 1815 335 1855 ista
365 1820 403 1854 te
434 1814 672 1868 prohiberet
702 1828 748 1855 ac
778 1815 866 1855 fieri
900 1828 981 1855 non
1013 1815 1191 1859 sineret,
1224 1827 1275 1852 an
1308 1827 1389 1852 non
1407 1816 1424 1852 ⁶?

206 1887 243 1913 2⁵
370 1879 480 1918 XVI.
515 1879 582 1918 23.
618 1877 891 1918 Ratiocinatio
923 1884 1007 1924 cst,
1058 1890 1133 1931 per
1170 1889 1290 1929 quam
1331 1875 1408 1927 ipsi
1440 1889 1463 1915 a
1493 1875 1615 1915 nobis
1647 1873 1849 1915 rationem
1881 1875 2017 1930 posci-

258 1953 348 1980 mus
368 1971 378 1988 ,
413 1954 542 1994 quare
574 1941 756 1994 quidque
789 1940 996 1987 dicamus,
1045 1944 1084 1978 et
1115 1940 1264 1978 crebro
1295 1944 1457 1978 nosmet
1487 1952 1509 1977 a
1540 1938 1659 1978 nobis
1690 1938 1865 1991 petimus
1896 1940 2016 1979 unius

258 2003 456 2057 cuiusque
488 2003 783 2057 propositionis
804 2001 1156 2054 explanationem.
1217 2003 1275 2040 Ea
1304 2006 1364 2041 est
1386 2001 1621 2040 huiusmodi
1643 2015 1651 2039 :
1686 2001 1863 2040 Maiores
1885 2002 2016 2041 nostri

259 2065 291 2104 si
323 2079 444 2119 quam
477 2066 596 2105 unius
629 2066 785 2118 peccati
816 2064 1032 2104 mulierem
1065 2065 1341 2110 damnabant,
1393 2062 1568 2117 simplici
1610 2063 1762 2103 iudicio
1793 2061 2016 2103 multorum

259 2126 556 2168 maleficiorum
589 2127 818 2168 convictam
849 2129 1062 2182 putabant.
1138 2127 1229 2175 Quo
1261 2128 1413 2180 pacto?
1457 2126 1682 2174 Quoniam,
1729 2139 1852 2180 quam
1883 2124 2017 2178 impu-

208 2199 243 2225 30
260 2189 392 2230 dicam
438 2189 691 2238 iudicarant,
756 2204 801 2230 ea
840 2188 1026 2230 veneficii
1069 2202 1233 2244 quoque
1280 2188 1468 2228 damnata
1521 2188 1845 2230 existimabatur.
1906 2187 2016 2236 Quid

259 2254 348 2293 ita?
399 2253 504 2302 Quia
545 2266 711 2293 necesse
754 2258 814 2293 est
851 2266 965 2297 eam,
1016 2265 1119 2306 quae
1165 2265 1281 2291 suum
1324 2264 1473 2303 corpus
1515 2250 1718 2291 addixerit
1754 2250 2016 2305 turpissimae

259 2315 492 2368 cupiditati,
542 2316 686 2356 timere
718 2314 960 2369 permultos.
1024 2314 1137 2362 Quos
1169 2313 1300 2353 istos?
1353 2314 1522 2361 Virum,
1571 2319 1789 2367 parentes,
1836 2318 2012 2362 ceteros,

259 2377 309 2418 ad
343 2392 446 2432 quos
477 2377 587 2418 videt
629 2379 691 2418 sui
735 2377 951 2418 dedecoris
990 2376 1198 2416 infamiam
1238 2375 1460 2430 pertinere.
1524 2376 1631 2425 Quid
1678 2379 1851 2429 postea?
1902 2377 2015 2425 Quos

259 2445 370 2480 tanto
404 2453 530 2494 opere
562 2442 730 2488 timeat,
766 2454 837 2481 eos
869 2454 1037 2480 necesse
1071 2444 1158 2485 est,
1193 2444 1255 2483 ut,
1290 2452 1458 2492 quoquo
1482 2441 1603 2479 modo
1628 2441 1779 2492 possit,
1813 2438 2013 2480 veneficio

209 2519 244 2544 3⁵
260 2507 383 2555 petat.
445 2503 559 2542 Cur?
594 2503 700 2552 Quia
735 2504 844 2543 nulla
877 2507 1013 2555 potest
1043 2503 1211 2541 honesta
1235 2502 1340 2540 ratio
1365 2503 1544 2541 retinere
1568 2516 1682 2550 eam,
1717 2515 1837 2556 quam
1861 2502 2016 2554 magni-

259 2567 358 2605 tudo
390 2566 547 2619 peccati
579 2566 675 2605 facit
714 2567 927 2612 timidam,
979 2564 1294 2615 intemperantia
1339 2563 1564 2612 audacem,
1615 2570 1757 2604 natura
1802 2563 2014 2604 muliebris

259 2627 619 2668 inconsideratam.
681 2628 789 2677 Quid
836 2625 1025 2668 veneficii
1073 2628 1336 2666 damnatam?
1391 2625 1557 2682 [Quid‘i]
1604 2629 1807 2668 Putabant
1837 2627 2016 2680 impudi-

259 2703 348 2729 cam
381 2704 547 2745 quoque
580 2691 829 2731 necessarie.
893 2691 1060 2739 Quare?
1113 2688 1216 2737 Quia
1260 2690 1371 2728 nulla
1411 2688 1570 2730 facilius
1613 2691 1663 2730 ad
1695 2689 1733 2730 id
1767 2687 2014 2730 maleficium

260 2766 382 2792 causa
412 2767 533 2807 quam
567 2755 695 2806 turpis
727 2766 845 2793 amor
876 2758 916 2791 et
948 2753 1224 2805 intemperans
1256 2751 1384 2791 libido
1417 2766 1680 2793 commovere
1702 2753 1862 2805 potuit3
1898 2751 2014 2792 cuius

210 2814 445 2855 401nulieris
476 2817 636 2855 animus
667 2821 774 2856 esset
804 2820 1048 2867 corruptus,
1095 2814 1182 2854 eius
1225 2828 1374 2866 corpus
1415 2820 1568 2854 castum
1602 2829 1691 2855 esse
1724 2829 1805 2855 non
1845 2821 2015 2867 putave-

261 2881 368 2916 runt.
432 2877 539 2925 Quid
584 2879 625 2918 in
666 2879 796 2918 viris?
844 2876 1009 2917 Idemne
1051 2878 1129 2916 hoc
1174 2878 1481 2917 observabant?
1530 2877 1712 2918 Minime.
1772 2879 1881 2927 Quid
1925 2879 2013 2918 ita?

261 2939 366 2986 Quia
397 2941 507 2980 viros
538 2943 588 2981 ad
621 2955 747 2981 unum
780 2941 972 2996 quodque
1006 2938 1249 2979 maleficium
1282 2940 1469 2993 singulae
1492 2940 1738 2993 cupiditates
1770 2940 2011 2994 impellunt:

352 3046 385 3076 5.
413 3051 441 3076 et
468 3056 589 3085 qraves
617 3051 646 3077 et
671 3049 790 3078 ornati
817 3047 1018 3078 PABFRT:
1047 3052 1077 3077 et
1105 3047 1223 3077 ornati
1247 3051 1276 3076 et
1303 3056 1425 3087 qraves
1455 3049 1492 3078 E.
1526 3065 1558 3069 —
1588 3050 1641 3078 11.
1672 3048 1698 3078 Ο
1724 3057 1791 3079 om.
1813 3047 1942 3078 PBRT.
1971 3064 2011 3069 —

262 3093 316 3123 15.
347 3094 524 3122 assumetis
553 3094 573 3123 F
601 3099 635 3125 et
662 3103 699 3131 pi·
740 3095 788 3130 A,
817 3094 1054 3134 assumpsistis
1082 3093 1106 3122 B
1134 3098 1167 3123 et
1195 3102 1280 3123 corr.
1305 3096 1352 3131 Α,
1383 3097 1461 3125 item
1490 3095 1527 3125 L.
1569 3111 1611 3115 —
1646 3094 1700 3124 ⁶23.
1731 3101 1761 3126 et
1788 3094 2013 3125 abalienabas

260 3139 364 3169 PBF:
403 3144 433 3169 ee
462 3140 638 3170 alienabus
665 3141 733 3172 ἹἘ.
764 3141 844 3177 (om.
869 3143 894 3172 R
922 3146 955 3172 et
981 3149 1068 3170 corr.
1092 3137 1149 3178 A.)
1185 3154 1224 3160 —
1269 3140 1449 3172 ‹za-hortari
1474 3141 1523 3172 T:
1551 3142 1710 3171 ewortari
1735 3142 1761 3173 B
1788 3148 1821 3174 et
1847 3150 1933 3172 corr.
1963 3140 2006 3172 P.

260 3186 427 3217 eremari
447 3186 470 3215 E
491 3194 565 3215 cum
587 3187 673 3217 ΑΕΚ
693 3194 724 3218 et
751 3197 800 3225 pr.
823 3188 858 3218 P.
884 3204 919 3209 -
941 3187 996 3218 24.
1025 3188 1095 3217 ista
1122 3190 1151 3216 te
1178 3185 1222 3215 l':
1251 3187 1319 3216 ista
1339 3197 1406 3218 om.
1432 3194 1463 3219 ce
1481 3189 1524 3223 E,
1552 3189 1632 3218 istac
1658 3189 1732 3226 (sic)
1754 3189 1791 3224 Β,
1819 3189 1888 3217 ista
1913 3187 2012 3217 velte

261 3241 303 3262 ex
322 3232 356 3267 F,
377 3231 438 3261 illa
459 3234 497 3264 R,
519 3233 587 3262 ista
607 3238 636 3263 et
650 3234 690 3264 T.
714 3250 744 3254 —
770 3234 825 3263 30.
855 3244 893 3265 ea
907 3252 945 3257 --
964 3234 1133 3264 darrmnca
1147 3233 1411 3264 eatiste'mabutnr
1432 3235 1532 3266 PFT:
1563 3244 1636 3264 eam
1650 3251 1664 3256 -
1687 3251 1700 3256 -
1719 3236 1924 3266 damnatam
1942 3235 2013 3263 eri-

261 3278 448 3308 stimabant
469 3278 599 3310 ABRE.
622 3297 655 3302 -
682 3279 736 3309 37.
768 3280 859 3318 Quid
877 3287 956 3313 ante
972 3280 1146 3319 putabant
1166 3288 1232 3308 om.
1253 3279 1325 3310 ΒΤ.
1353 3281 1422 3311 Nos
1439 3282 1655 3314 seclusimus.
1680 3299 1715 3304 —
1746 3283 1801 3313 39.
1823 3290 1896 3311 cum
1914 3280 2012 3311 cuius

262 3324 441 3356 PABFRT
472 3333 546 3355 cum
580 3329 701 3357 ceteris
731 3326 837 3357 ibris.
878 3328 1083 3360 Emendavit
1111 3325 1191 3356 Ern.
1225 3341 1254 3346 -
1289 3326 1345 3357 41.
1374 3329 1509 3360 ldemne
1534 3329 1596 3361 hoc
1622 3328 1647 3360 P
1672 3328 1824 3371 aliique,
1864 3327 2008 3362 Lama:

265 3372 400 3404 alumne
426 3375 508 3410 (om.
530 3371 603 3412 hoc)
629 3372 820 3404 ABFRTE.
