2117 3762
245 219 325 262 ἱιῖιῖι
1007 214 1220 255 ORATOR

243 327 355 367 dum.
412 322 596 364 Incidere
636 333 733 362 vero
772 332 915 360 omnes
953 320 993 359 in
1023 319 1255 360 orationem
1285 319 1406 361 etiam
1437 333 1489 361 ex
1518 317 1596 360 hoc
1627 319 1797 374 intelligi
1829 326 1980 376 potest,

243 386 353 444 quod
384 399 527 427 versus
558 395 678 437 saepe
708 381 748 422 in
780 380 966 421 oratione
997 392 1073 434 per
1113 379 1430 435 imprudentiam
1471 382 1672 432 dicimus;
1718 382 1831 436 quod
1860 387 1985 426 vehe-

243 455 404 491 menter
434 453 494 489 est
523 446 737 489 vitiosum,
771 442 842 483 sed
872 456 956 483 non
987 443 1234 484 attendimus
1255 458 1388 499 neque
1411 444 1655 486 exaudimus
1676 450 1839 485 nosmet
1859 445 1984 501 ipsos.

244 513 433 554 Senarios
473 522 572 550 vero
618 512 657 547 et
695 505 1003 560 Hipponacteos
1041 503 1224 558 effugere
1264 506 1335 547 vix
1365 521 1607 562 possumus3
1654 520 1843 560 magnam
1875 509 1985 548 enim

213 579 399 628 spartem
442 585 492 612 ex
536 568 681 609 iambis
712 572 853 608 nostra
883 570 1042 607 constat
1071 568 1221 608 oratio.
1300 569 1379 610 Sed
1420 576 1558 612 tamen
1589 583 1661 611 eos
1693 583 1836 611 versus
1867 569 1986 612 facile

240 634 424 689 agnoscit
451 631 637 681 auditor3
671 634 765 671 sunt
795 630 904 670 enim
933 628 1202 674 usitatissimi.
1268 633 1523 674 inculcamus
1553 638 1689 674 autem
1720 645 1794 687 per
1823 633 1981 688 impru-

241 696 417 739 dentiam
447 707 569 749 saepe
600 694 722 734 etiam
754 692 888 733 minus
919 691 1113 742 usitatos,
1148 692 1220 734 sed
1249 698 1388 735 tamen
1418 708 1585 746 versus;
1628 695 1823 737 vitiosum
1857 708 1986 748 genus

240 765 278 800 et
307 759 425 812 longa
454 756 579 797 animi
610 755 848 809 provisione
894 754 1152 809 fugiendum.
1232 757 1325 796 190.
1367 757 1505 810 Elegit
1545 771 1596 798 ex
1639 756 1776 797 multis
1813 757 1986 798 Isocrati

240 819 352 861 libris
382 818 550 872 triginta
578 816 753 859 fortasse
782 830 930 858 versus
951 818 1252 872 Hieronymus,
1284 818 1578 871 Peripateticus
1600 818 1801 874 imprimis
1822 818 1985 867 nobilis,

190 899 225 925 10
240 882 456 938 plerosque
487 882 695 928 senarios,
727 879 799 921 sed
821 881 940 920 ctiam
963 885 1233 935 anapaestos;
1268 893 1349 935 quo
1382 879 1480 934 quid
1511 886 1648 935 potest
1677 894 1766 922 esse
1797 881 1987 936 turpius?

236 944 320 985 Etsi
358 943 400 984 in
435 942 626 996 eligendo
666 941 763 983 fecit
800 941 1025 982 malitiose:
1072 943 1204 997 prima
1245 942 1354 983 enim
1393 941 1548 994 syllaba
1580 943 1744 996 dempta
1775 944 1817 984 in
1848 945 1984 998 primo

236 1008 365 1048 verbo
386 1005 614 1048 sententiae
629 1036 640 1054 ‚
675 1009 929 1058 postremum
949 1003 1000 1045 ad
1020 1004 1191 1046 verbum
1215 1004 1389 1058 primam
1410 1017 1553 1045 rursus
1578 1003 1775 1058 syllabam
1801 1005 1989 1047 adiunxit

237 1068 518 1124 insequentis;
560 1068 699 1122 itaque
729 1065 859 1107 factus
890 1071 951 1107 est
981 1072 1225 1122 anapaestus
1255 1067 1313 1114 is,
1356 1067 1426 1121 qui
1457 1066 1771 1122 Aristophanius
1801 1071 1989 1110 nomina-

236 1136 331 1181 tur;
379 1130 489 1187 quod
519 1145 571 1172 ne
601 1129 778 1177 accidat,
811 1128 1024 1170 observari
1053 1144 1129 1170 nec
1163 1135 1298 1185 potest
1319 1142 1395 1170 nec
1414 1143 1583 1171 necesse
1605 1135 1680 1171 est.
1745 1132 1826 1172 Sed
1846 1137 1986 1174 tamen

186 1208 221 1235 15
235 1192 303 1234 hic
334 1198 548 1235 corrector
577 1194 619 1233 in
650 1205 700 1233 eo
733 1192 823 1245 ipso
854 1191 974 1241 loco,
1009 1206 1090 1248 quo
1110 1192 1402 1246 reprehendit,
1435 1198 1479 1234 ut
1509 1207 1532 1233 a
1562 1206 1628 1234 me
1650 1195 1983 1236 animadversum

235 1262 296 1297 est
325 1255 507 1298 studiose
537 1257 770 1310 inquirente
800 1256 842 1296 in
873 1268 993 1304 eum,
1037 1255 1221 1296 immittit
1250 1255 1492 1310 imprudens
1522 1255 1609 1310 ipse
1642 1255 1866 1297 senarium.
1929 1255 1990 1297 Sit

233 1319 359 1372 igitur
386 1321 466 1361 hoc
495 1320 725 1374 cognitum,
765 1320 808 1360 in
838 1320 983 1361 solutis
1014 1318 1136 1360 etiam
1168 1320 1306 1360 verbis
1336 1319 1472 1359 inesse
1502 1331 1699 1360 numeros
1730 1320 1986 1373 eosdemque

236 1397 325 1424 esse
355 1384 580 1431 oratorios,
614 1383 684 1438 qui
715 1381 794 1423 sint
822 1381 988 1436 poetici.

349 1447 469 1489 LVII.
521 1447 613 1489 191.
665 1447 858 1500 Sequitur
889 1458 1010 1499 ergo,
1056 1449 1124 1492 ut,
1169 1445 1240 1499 qui
1281 1443 1460 1485 maxime
1500 1445 1648 1485 cadant
1676 1444 1717 1485 in
1748 1445 1981 1486 orationem

186 1514 370 1562 20aptam
401 1509 583 1556 numeri,
614 1507 837 1549 videndum
867 1509 932 1548 sit.
995 1508 1098 1548 Sunt
1135 1507 1244 1548 enim
1285 1507 1355 1562 qui
1395 1506 1616 1561 iambicum
1657 1512 1825 1560 putent,
1874 1505 1986 1562 quod

235 1572 287 1613 sit
325 1572 504 1612 orationi
545 1570 799 1620 simillimus3
845 1584 926 1626 qua
964 1571 1015 1610 de
1056 1583 1179 1610 causa
1216 1569 1333 1619 fieri,
1384 1575 1430 1611 ut
1459 1570 1492 1610 is
1522 1569 1785 1625 potissimum
1816 1574 1991 1623 propter

235 1634 541 1676 similitudinem
573 1633 758 1674 veritatis
790 1634 1035 1675 adhibeatur
1055 1632 1095 1673 in
1119 1631 1288 1680 fabulis,
1322 1634 1433 1688 quod
1456 1632 1524 1673 ille
1546 1632 1769 1689 dactylicus
1790 1645 1986 1674 numerus

233 1699 569 1738 hexametrorum
620 1695 996 1751 magniloquentiae
1043 1694 1095 1736 sit
1140 1695 1508 1736 accommodatior.
1587 1697 1779 1750 Ephorus
1833 1701 1987 1743 autem,

234 1759 336 1800 levis
366 1762 453 1815 ipse
485 1764 645 1807 orator,
694 1761 767 1800 sed
798 1758 1009 1814 profectus
1041 1771 1092 1798 ex
1123 1757 1278 1812 optima
1320 1757 1560 1813 disciplina,
1605 1771 1764 1813 paeana
1804 1757 1991 1813 sequitur

187 1838 221 1865 25
235 1826 303 1862 aut
333 1820 559 1876 dactylum,
591 1820 696 1875 fugit
725 1826 862 1862 autem
893 1822 1122 1876 spondeum
1152 1825 1192 1860 et
1222 1824 1476 1863 trochaeum.
1559 1820 1680 1870 Quod
1715 1820 1826 1861 enim
1856 1834 1990 1874 paean

234 1885 384 1925 habeat
413 1890 495 1925 tres
525 1886 696 1932 breves,
734 1885 916 1942 dactylus
947 1890 1083 1926 autem
1116 1887 1238 1931 duas,
1271 1883 1473 1924 brevitate
1505 1888 1544 1924 et
1575 1883 1782 1924 celeritate
1813 1881 1992 1937 syllaba-

234 1960 328 1988 rum
365 1945 445 1987 labi
486 1952 599 2002 putat
637 1950 760 1989 verba
800 1944 1031 2002 'proclivius
1068 1953 1293 2001 contraque
1325 1945 1514 1986 accidere
1544 1946 1586 1986 in
1617 1947 1804 2000 spondeo
1835 1950 1876 1985 et
1905 1950 1991 1985 tro-

235 2008 383 2060 chaeo;
433 2008 543 2065 quod
573 2011 677 2051 alter
707 2025 728 2051 e
759 2011 895 2065 longis
927 2014 1158 2058 constaret,
1214 2010 1317 2049 alter
1347 2021 1369 2049 e
1403 2009 1598 2049 brevibus
1629 2008 1770 2056 fieret,
1819 2007 1990 2048 alteram

235 2071 356 2112 nimis
386 2071 612 2120 incitatam,
644 2072 817 2114 alteram
847 2072 968 2114 nimis
1001 2074 1160 2114 tardam
1191 2072 1449 2119 orationem,
1485 2076 1673 2112 neutram
1703 2076 1990 2126 temperatam.

189 2135 330 2176 ³0192.
376 2135 457 2174 Sed
495 2140 535 2176 et
574 2135 633 2176 illi
673 2136 835 2191 priores
877 2141 1015 2176 errant
1052 2140 1092 2176 et
1132 2133 1334 2189 Ephorus
1358 2133 1399 2174 in
1429 2133 1548 2189 culpa
1579 2138 1652 2174 est,
1711 2136 1812 2174 Nam
1845 2138 1886 2174 et
1917 2133 1990 2188 qui

235 2210 391 2253 paeana
421 2203 707 2252 praetereunt,
754 2213 836 2239 non
873 2199 1014 2239 vident
1043 2197 1332 2238 mollissimum
1363 2210 1386 2236 a
1417 2209 1506 2237 sese
1537 2210 1757 2237 numerum
1789 2197 1989 2237 eundem-

236 2274 315 2314 que
347 2259 641 2314 amplissimum
672 2262 904 2316 praeteriri.
980 2259 1102 2309 Quod
1132 2261 1253 2313 longe
1283 2260 1497 2300 Aristoteli
1527 2260 1692 2300 videtur
1730 2271 1870 2306 secus,
1919 2257 1991 2313 qui

234 2321 388 2363 iudicat
444 2321 615 2363 heroum
661 2337 880 2364 numerum
926 2324 1186 2375 grandiorem
1233 2334 1354 2376 quam
1404 2321 1612 2362 desideret
1659 2321 1791 2363 soluta
1837 2322 1986 2369 oratio,

236 2382 417 2425 iambum
457 2391 593 2425 autem
634 2385 756 2425 nimis
794 2398 816 2425 e
856 2383 1014 2439 vulgari
1051 2398 1140 2425 esse
1182 2397 1388 2424 sermone.
1450 2386 1509 2424 Ita
1547 2397 1682 2440 neque
1722 2382 1918 2425 humilem
1950 2387 1991 2424 et

187 2445 436 2490 asabiectam
482 2447 711 2488 orationem
754 2461 829 2488 nec
869 2447 990 2488 nimis
1030 2447 1151 2488 altam
1194 2451 1234 2487 et
1277 2452 1564 2501 exaggeratam
1606 2449 1774 2502 probat,
1822 2447 1987 2500 plenam

237 2516 373 2550 tamen
405 2523 493 2551 eam
526 2511 613 2551 vult
644 2524 733 2551 esse
765 2510 999 2564 gravitatis,
1031 2515 1077 2550 ut
1107 2523 1177 2550 eos
1209 2508 1278 2565 qui
1309 2509 1476 2550 audient
1506 2513 1555 2551 ad
1587 2509 1786 2550 maiorem
1810 2508 1990 2550 admira-

235 2571 389 2613 tionem
420 2572 549 2628 possit
579 2572 809 2614 traducere.
872 2574 965 2613 193.
999 2575 1257 2613 Trochaeum
1288 2577 1450 2621 autem,
1485 2572 1556 2627 qui
1587 2577 1648 2613 est
1677 2573 1824 2613 eodem
1855 2572 1988 2625 spatio

237 2647 317 2687 quo
349 2636 548 2684 choreus,
596 2638 814 2676 cordacem
845 2635 1046 2690 appellat,
1081 2634 1176 2689 quia
1208 2637 1434 2676 contractio
1466 2641 1506 2676 et
1535 2634 1717 2677 brevitas
1748 2633 1988 2689 dignitatem

330 2792 362 2823 4.
391 2793 640 2832 hipponacteon
666 2793 714 2829 Α,
744 2793 811 2824 Erl.
841 2792 908 2824 Gu.
937 2793 970 2824 3.
1012 2809 1051 2814 —
1092 2792 1125 2823 6.
1163 2794 1337 2832 coqnoscit
1364 2793 1432 2824 Vit.
1461 2793 1519 2824 Dr.
1547 2793 1615 2824 ΕΗ.
1646 2792 1710 2827 Gu.
1741 2794 1774 2823 1.
1802 2793 1835 2823 2.
1865 2793 1905 2824 R.
1933 2790 1990 2832 (Ut

240 2846 320 2875 nos,
348 2839 442 2870 Eius.
469 2837 583 2880 Mon.)
612 2856 651 2861 —
679 2838 807 2877 autem}
836 2841 923 2870 enim
951 2840 1026 2870 Vet.
1055 2839 1173 2878 Steph.
1205 2840 1269 2870 (ιιι.
1299 2839 1332 2870 3.
1351 2863 1359 2875 ,
1387 2846 1502 2872 tamen
1521 2840 1562 2871 R.
1587 2855 1627 2862 -
1654 2840 1687 2871 8.
1717 2840 1867 2871 Isocrati
1890 2839 1986 2870 Eius.

239 2884 360 2914 Mem:
388 2886 553 2918 Isocratis
578 2894 654 2918 eum
682 2886 750 2916 ΕΓΙ.
778 2887 849 2917 RE.
870 2903 912 2906 —
938 2887 994 2917 10.
1023 2892 1233 2925 anapaestos
1263 2887 1356 2916 Vit.:
1394 2892 1584 2925 anapestus
1611 2886 1675 2918 Gu.
1704 2886 1762 2925 3.‚
1790 2887 1990 2925 anapaesti·

241 2939 295 2960 cos
323 2931 389 2962 Eri.
420 2931 485 2963 Gu.
515 2934 546 2964 1.
564 2957 572 2970 ‚
601 2935 826 2971 anapaestica
854 2933 970 2968 Eius..
999 2939 1192 2972 anapaesta
1217 2933 1275 2964 RE
1303 2932 1395 2973 (cum
1423 2933 1483 2964 Dr.
1513 2932 1578 2965 Gu.
1608 2934 1661 2974 2.)
1692 2948 1729 2954 -
1773 2934 1828 2964 11.
1855 2935 1892 2963 in
1915 2934 1988 2972 pri-

240 2975 310 3016 mo]
338 2980 513 3017 exprimo
539 2979 589 3016 Α,
619 2980 686 3010 Erl.
716 2978 781 3010 Gu.
810 2979 843 3010 3.
873 2996 909 3001 ——
941 2980 994 3010 13.
1023 2980 1138 3020 itaque
1165 2979 1233 3010 Vit.
1262 2981 1358 3011 Eins.
1388 2980 1448 3011 Dr.
1478 2980 1546 3010 Erl.
1577 2979 1643 3011 Gu.
1671 2981 1704 3011 1.
1733 2979 1765 3009 2.
1794 2980 1843 3010 R:
1870 2979 1923 3010 ita
1947 2979 1986 3010 E.

241 3037 284 3043 —-—
321 3027 559 3062 anapaesticus
586 3026 671 3058 Ven.
707 3034 777 3058 sec.
806 3025 927 3056 Lamb.
970 3025 1027 3060 (Ut
1054 3035 1136 3063 nos,
1180 3026 1254 3056 libri
1279 3025 1383 3063 noti.)
1430 3043 1466 3048 —
1510 3027 1782 3066 Aristophanius
1807 3026 1900 3057 Eins.
1931 3026 1984 3057 R:

240 3067 508 3107 Aristophaneus
534 3082 609 3103 cum
637 3073 712 3103 aliis
740 3073 780 3104 E.
826 3089 863 3094 —
910 3073 962 3104 15.
991 3074 1146 3103 animum
1171 3073 1353 3104 adversum
1381 3071 1447 3103 Gu.
1473 3072 1505 3102 3.
1548 3089 1587 3095 -—
1629 3074 1687 3106 22.
1712 3080 1850 3113 paeona
1875 3072 1926 3108 E,
1955 3076 1989 3102 et

241 3116 291 3145 sic
317 3124 462 3153 semper.
491 3135 531 3139 —
559 3119 614 3150 25.
642 3119 722 3151 Post
748 3128 800 3151 vv.
830 3118 929 3158 Quod
955 3121 1044 3150 enim
1070 3120 1103 3150 in
1129 3119 1178 3157 Α,
1208 3119 1281 3151 Vct.
1312 3118 1433 3156 Steph.
1462 3119 1530 3150 Erl.
1561 3119 1626 3151 Gu.
1655 3120 1687 3151 3.
1717 3121 1831 3150 omnia
1860 3119 1986 3150 desunt

241 3169 356 3199 nique
382 3162 423 3191 ad
451 3161 486 3202 ὃ.
514 3163 593 3195 231.
629 3175 681 3197 vv.
723 3167 759 3196 in
791 3165 905 3196 eodem
944 3174 1088 3205 semper.
1131 3182 1164 3188 —-
1211 3165 1267 3196 28.
1302 3174 1317 3197 e
1352 3166 1467 3205 tonqis
1492 3166 1561 3198 Vit.
1590 3167 1684 3198 Eins.
1714 3165 1780 3197 Gu-
1809 3166 1842 3196 1.
1870 3165 1902 3195 2.
1932 3164 1984 3195 R:

243 3208 354 3249 Ῑθησὶδ
380 3208 463 3244 (om.
493 3210 520 3248 e)
547 3211 583 3240 E.
613 3227 651 3233 —
693 3211 748 3242 32.
778 3217 808 3242 et
832 3212 1001 3243 abiectam
1026 3211 1148 3243 Lamb.
1177 3211 1385 3243 Schutzius:
1412 3222 1472 3243 nec
1498 3213 1666 3244 abiectam
1695 3212 1761 3244 Gu.
1791 3212 1823 3242 1.
1852 3211 1885 3241 2.
1913 3211 1986 3241 alii-

242 3263 334 3294 que.
375 3254 456 3291 RE,
497 3264 600 3294 neque
626 3258 790 3289 abiectam
816 3259 909 3289 Eins.
941 3275 979 3280 —
1008 3258 1065 3290 36.
1092 3258 1241 3290 audiant
1269 3259 1365 3290 Mon.
1393 3259 1447 3294 R.
1491 3262 1539 3290 uti
1567 3260 1702 3291 volebat
1726 3259 1807 3290 Eru.
1843 3274 1886 3278 —-
1928 3256 1983 3289 38.

240 3301 459 3333 cordacicum
483 3301 676 3343 Meursius‚
703 3305 904 3336 contactum
922 3304 1087 3346 Spalding
1113 3305 1154 3337 ad
1174 3305 1295 3345 Quint.
1316 3305 1350 3344 9,
1371 3305 1403 3346 4,
1422 3305 1479 3337 88.
1496 3330 1504 3344 ,
1532 3303 1766 3353 κορδακικὸν
1784 3303 1982 3337 Schiitzius.
