2117 3762
742 256 837 297 Lm.
871 254 920 295 11.
980 256 1021 296 C.
1052 256 1119 296 25.
1153 257 1220 296 26.
1787 260 1864 303 147

116 368 250 403 torem
283 360 403 408 illud,
450 362 561 416 quod
592 361 680 412 ipse
711 365 881 411 arguat,
924 357 973 399 ab
1005 374 1076 408 eo,
1111 360 1222 415 quod
1253 359 1448 403 defensor
1478 369 1710 418 comparat,
1751 379 1867 420 sepa-

118 438 224 464 rare.
297 423 340 464 ld
386 430 522 464 autem
569 423 715 468 faciet,
769 421 802 461 si
848 421 1145 464 demonstrabit
1189 438 1270 464 non
1315 423 1371 464 ita
1415 423 1504 465 lieri
1551 425 1684 466 solere
1733 441 1868 482 neque

117 492 311 541 oportere.
344 500 477 541 neque
510 498 600 525 esse
631 485 852 531 rationem,
900 498 1025 537 quare
1064 486 1144 526 hoc
1183 491 1353 540 propter
1381 487 1462 527 hoc
1494 484 1581 533 fiat,
1628 493 1670 527 ut
1702 495 1870 543 propter

117 548 290 589 salutem
332 548 504 589 militum
545 561 613 594 ea,
667 561 773 600 quae
813 547 955 587 salutis
987 561 1107 587 rausa
1139 553 1378 600 comparata
1408 554 1522 596 sunt,
1570 550 1759 590 hostibus
1791 557 1870 591 tra-

117 609 279 651 dantur.
342 612 487 651 Postea
520 622 760 663 comparare
793 610 1001 663 oportebit
1031 623 1121 649 cum
1145 610 1346 651 beneficio
1371 611 1616 652 maleficium
1641 618 1681 653 et
1701 616 1868 654 omnino
1886 626 1900 650 5

118 674 181 719 id,
231 671 342 727 quod
385 672 592 724 arguitur,
644 684 735 712 cum
777 686 848 717 eo,
901 670 1012 725 quod
1052 670 1202 712 sactum
1245 673 1296 711 ab
1336 672 1553 714 defensore
1584 674 1773 715 laudatur
1803 681 1873 715 aut

118 733 349 775 faciendum
383 732 508 774 fuisse
539 731 866 780 demonstratur,
919 733 1172 775 contendere
1207 739 1246 774 et
1277 735 1356 773 hoc
1389 738 1650 776 extenuando
1681 735 1870 778 maleficii

117 795 439 849 magnitudinem
473 794 593 836 simul
626 794 848 847 adaugere.
912 795 955 836 Id
987 795 1077 836 lieri
1108 797 1281 850 poterit,
1325 796 1358 837 si
1405 796 1757 839 demonstrabitur
1798 800 1874 840 ho-

117 861 294 906 nestius,
329 859 491 905 utilius,
535 859 665 911 magis
697 857 972 898 necessarium
1006 857 1131 898 fuisse
1162 857 1225 905 id,
1269 861 1380 913 quod
1412 860 1549 901 vitarit
1580 874 1703 909 reus,
1751 875 1873 916 quam

116 920 242 968 illud,
295 918 407 974 quod
449 919 610 960 fecerit.
672 922 739 960 76.
786 920 960 960 Honesti
1002 926 1141 961 autem
1180 926 1221 961 et
1261 922 1372 962 utilis
1412 928 1453 962 et
1490 925 1712 965 necessarii
1743 927 1805 966 vis
1835 929 1923 965 et10

115 987 262 1023 natura
294 984 334 1022 in
366 980 680 1022 deliberationis
713 981 942 1035 praeceptis
975 989 1263 1036 cognoscetur.
1324 985 1483 1025 Deinde
1516 987 1725 1040 oportebit
1745 986 1874 1042 ipsam

116 1043 228 1084 illam
274 1045 596 1098 comparativam
638 1043 930 1084 iudicationem
970 1057 1179 1097 exponere
1219 1050 1426 1100 tamquam
1469 1061 1633 1089 causam
1673 1049 1875 1090 delibera-

116 1107 241 1147 tivam
284 1111 324 1147 et
365 1105 415 1147 de
456 1119 503 1146 ea
545 1120 597 1146 ex
632 1105 942 1146 deliberationis
974 1106 1208 1161 praeceptis
1239 1106 1434 1163 deinceps
1464 1111 1614 1154 dicere.
1675 1113 1735 1152 Sit
1765 1113 1875 1152 enim

116 1169 220 1209 haec
263 1167 483 1215 iudicatio,
532 1182 654 1222 quam
699 1175 793 1209 ante
838 1167 1126 1221 exposuimus:
1180 1169 1281 1210 Cum
1327 1184 1470 1212 omnes
1511 1172 1684 1227 perituri
1726 1174 1876 1215 milites

118 1238 276 1278 essent,
322 1231 400 1272 nisi
445 1233 495 1272 ad
536 1232 641 1271 hane
680 1230 912 1284 pactionem
956 1231 1189 1279 venissent,
1240 1237 1379 1273 utrum
1419 1235 1545 1275 satius
1585 1234 1711 1276 fuerit
1739 1237 1876 1289 perire
1893 1247 1926 1273 ¹⁵

116 1293 293 1341 milites,
342 1308 393 1334 an
437 1295 487 1333 ad
530 1292 635 1334 banc
679 1292 912 1347 pactionem
953 1293 1129 1333 venire?
1175 1294 1265 1334 Hoc
1305 1307 1356 1335 ex
1405 1296 1508 1337 locis
1548 1295 1875 1347 deliberationis,

118 1355 234 1411 quasi
267 1355 446 1411 aliquam
477 1357 518 1396 in
549 1356 894 1396 consultationem
928 1367 993 1395 res
1023 1354 1184 1404 veniat,
1231 1358 1399 1397 tractari
1440 1357 1664 1411 oportebit.
1726 1362 1875 1401 XXVI.

117 1419 324 1460 Defensor
354 1423 517 1466 autem,
552 1416 701 1473 quibus
732 1417 772 1458 in
803 1416 904 1458 locis
935 1415 986 1457 ab
1017 1425 1256 1460 accusatore
1286 1419 1393 1460 aliae
1423 1421 1737 1462 constitutiones
1759 1426 1879 1462 erunt

117 1480 332 1529 inductae,
385 1481 427 1522 in
474 1480 522 1521 iis
562 1482 650 1535 ipse
692 1492 858 1535 quoque
904 1494 957 1520 ex
996 1478 1144 1521 iisdem
1191 1482 1556 1524 constitutionibus
1592 1484 1879 1524 defensionem

118 1544 398 1598 comparabit3
448 1549 608 1584 ceteros
640 1548 776 1582 autem
809 1555 953 1583 omnes
983 1543 1123 1592 locos,
1171 1543 1242 1597 qui
1278 1546 1329 1584 ad
1360 1544 1492 1598 ipsam
1526 1546 1878 1599 comparationem
1893 1559 1928 1583 ’.ὀ

117 1607 409 1662 pertinebunt,
445 1620 497 1647 ex
528 1605 735 1646 contrario
768 1604 974 1645 tractabit.
1035 1607 1104 1646 77.
1137 1605 1239 1646 Loci
1269 1620 1509 1649 communes
1539 1608 1726 1657 inerunt,
1761 1622 1880 1650 accu-

119 1668 293 1717 satoris,
326 1670 367 1709 in
399 1682 517 1717 eum,
553 1669 644 1722 qui,
678 1681 769 1708 cum
804 1669 854 1708 de
884 1666 993 1708 sacto
1023 1667 1135 1721 turpi
1164 1669 1304 1724 aliquo
1337 1675 1408 1710 aut
1438 1670 1573 1711 inutili
1603 1676 1672 1711 aut
1701 1678 1880 1726 utroque

119 1730 320 1780 fateatur,
368 1738 539 1787 quaerat
576 1736 713 1771 tamen
750 1730 929 1785 aliquam
962 1729 1275 1780 defensionem,
1323 1738 1365 1773 et
1392 1731 1490 1773 facti
1520 1734 1780 1775 inutilitatem
1811 1739 1882 1774 aut

119 1794 417 1847 turpitudinem
450 1808 541 1834 cum
573 1794 856 1847 indignatione
886 1791 1100 1847 proferre3
1135 1792 1390 1843 desensoris,
1422 1795 1582 1836 nullum
1612 1795 1764 1837 factum
1789 1797 1882 1836 inu-

119 1856 189 1898 tile
222 1871 357 1910 neque
389 1862 509 1910 turpe
540 1869 674 1910 neque
706 1857 804 1896 item
834 1856 934 1897 utile
964 1869 1100 1910 neque
1130 1859 1351 1898 honestum
1374 1859 1512 1910 putari
1536 1864 1752 1912 oportere,
1783 1857 1929 1906 nisi‚25

119 1933 202 1975 quo
234 1918 396 1966 animo,
442 1931 524 1973 quo
556 1923 768 1970 tempore,
813 1932 894 1971 qua
924 1916 976 1958 de
1009 1931 1129 1959 causa
1169 1919 1321 1959 factum
1362 1919 1439 1968 sit,
1485 1919 1759 1974 intelligatur3
1811 1922 1881 1975 qui

118 1981 234 2024 locus
265 1982 323 2021 ita
353 1981 583 2021 communis
614 1985 696 2028 est,
729 1985 775 2021 ut
803 1982 912 2021 hene
942 1986 1140 2021 tractatus
1173 1983 1214 2022 in
1245 1980 1320 2022 bac
1351 1995 1498 2031 causa,
1532 1996 1682 2037 magno
1714 1985 1765 2024 ad
1786 1997 1882 2036 per-

120 2045 377 2086 suadendum
409 2047 621 2082 momento
653 2042 815 2082 futurus
846 2042 919 2092 sit3
966 2048 1007 2083 et
1037 2044 1142 2084 alter
1171 2042 1312 2092 locus,
1350 2057 1427 2099 per
1457 2058 1579 2098 quem
1612 2058 1758 2098 magna
1789 2057 1882 2085 cum

120 2105 442 2162 amplificatione
483 2102 678 2146 beneficii
721 2104 962 2159 magnitudo
1003 2118 1055 2146 ex
1095 2105 1270 2146 utilitate
1313 2112 1385 2147 aut
1425 2105 1641 2148 honestate
1678 2112 1748 2146 aut
1785 2104 1882 2146 facti

120 2167 427 2211 necessitudine
459 2169 787 2217 demonstratum
825 2168 893 2208 78.
928 2172 970 2208 et
999 2168 1170 2216 tertius,
1203 2181 1280 2221 per
1311 2182 1434 2223 quem
1465 2182 1534 2211 res
1564 2182 1761 2222 expressa
1790 2182 1930 2212 ver-so

121 2229 185 2274 bis
217 2237 311 2272 ante
340 2229 483 2271 oculos
515 2243 685 2278 eorum,
734 2230 805 2285 qui
836 2231 1030 2278 audiunt,
1076 2232 1269 2284 ponitur,
1312 2237 1357 2272 ut
1387 2230 1468 2284 ipsi
1498 2246 1542 2272 se
1574 2244 1741 2287 quoque
1770 2229 1881 2272 idem

121 2293 302 2336 facturos
334 2292 460 2335 fuisse
493 2293 772 2342 arbitrentur,
821 2294 855 2334 si
894 2293 974 2335 sibi
1012 2293 1084 2336 illa
1117 2309 1183 2336 res
1214 2300 1337 2350 atque
1366 2308 1416 2336 ea
1445 2294 1624 2337 faciendi
1654 2308 1777 2337 causa
1807 2308 1882 2350 per

121 2356 234 2398 idem
264 2361 426 2412 tempus
462 2355 694 2397 accidisset.

234 2417 392 2461 Relatio
425 2417 607 2459 criminis
638 2424 721 2466 est,
756 2432 849 2460 cum
880 2431 975 2460 reus
1002 2419 1069 2468 id,
1103 2418 1214 2474 quod
1237 2421 1446 2474 arguitur,
1479 2419 1692 2462 confessus
1712 2419 1880 2462 alterius

123 2496 167 2524 se
197 2480 411 2523 inductum
442 2486 613 2535 peccato
644 2482 733 2522 iure
763 2480 911 2522 fecisse
944 2483 1211 2524 demonstrat.
1269 2485 1327 2524 Ea
1360 2489 1422 2524 est
1450 2482 1711 2524 huiusmodi:
1744 2484 1926 2524 Hora-3⁵

122 2544 205 2586 tius
237 2545 383 2585 occisis
414 2544 544 2585 tribus
576 2543 768 2585 Curiatiis
799 2548 840 2585 et
869 2545 1032 2585 duobus
1063 2544 1224 2586 amissis
1254 2544 1450 2587 fratribus
1482 2547 1650 2587 domum
1681 2559 1724 2586 se
1748 2547 1880 2585 victor

123 2607 296 2660 recepit.
354 2607 393 2647 Is
424 2605 716 2648 animadvertit
744 2620 935 2648 sororem
975 2622 1092 2649 suam
1124 2610 1174 2649 de
1204 2609 1378 2649 fratrum
1407 2614 1541 2650 morte
1573 2624 1657 2650 non
1686 2610 1879 2649 laboran-

124 2674 234 2719 tem3
287 2668 430 2723 sponsi
467 2674 607 2710 autem
644 2682 797 2711 nomen
834 2671 1115 2724 appellantem
1143 2672 1371 2712 identidem
1402 2671 1569 2713 Curiatii
1600 2685 1691 2711 cum
1724 2670 1878 2723 gemitu

126 2737 168 2773 et
196 2733 506 2774 lamentatione.
567 2733 739 2786 Indigne
775 2745 920 2787 passus
956 2733 1157 2786 virginem
1191 2734 1355 2774 occidit.
1413 2735 1651 2774 Accusatur.
1713 2733 1779 2771 79.
1813 2733 1879 2771 111-

127 2794 257 2834 tentio
288 2800 371 2835 est:
400 2794 556 2836 Iniuria
585 2808 772 2836 sororem
803 2794 1006 2837 occidisti.
1065 2794 1265 2848 Depulsio
1298 2800 1378 2836 est:
1413 2797 1506 2836 Iure
1536 2793 1681 2836 occidi.
1742 2794 1879 2842 Quae-
1892 2812 1927 2839 40

128 2854 208 2898 stio
228 2859 309 2898 est:
342 2857 491 2899 Iurene
512 2857 737 2899 occiderit?
769 2856 887 2898 Ratio
911 2863 993 2899 est:
1026 2857 1100 2898 Illa
1137 2859 1247 2898 enim
1282 2859 1464 2898 hostium
1498 2862 1672 2898 mortem
1693 2856 1875 2909 lugebat,

221 3007 254 3039 1.
281 3011 458 3047 comparet
482 3006 512 3040 A
529 3031 538 3048 ,
565 3008 688 3042 Lamb.
717 3025 760 3031 —
798 3008 831 3041 6.
860 3008 1063 3040 laudabitur
1086 3008 1148 3040 AR
1174 3013 1207 3041 et
1233 3017 1320 3041 corr.
1348 3009 1387 3040 P.
1417 3024 1454 3031 —
1491 3007 1524 3038 7.
1551 3006 1810 3038 dentonstratur
1833 3006 1877 3044 R,

130 3062 182 3095 pr.
210 3054 256 3092 P,
285 3054 400 3086 Schot.
429 3054 527 3087 Voss.
554 3055 583 3086 1.
611 3056 658 3087 11.
687 3055 786 3088 Leid.
813 3055 901 3087 111.:
942 3056 1239 3088 demonstrabitur
1278 3056 1304 3087 E
1343 3063 1418 3087 cum
1455 3053 1483 3085 A
1510 3058 1544 3086 et.
1569 3062 1656 3086 corr.
1684 3054 1723 3086 Ρ.
1759 3070 1800 3077 -
1842 3053 1877 3085 9.

128 3099 180 3142 id]
207 3101 294 3132 illud
318 3100 376 3132 ΡΑ
403 3105 437 3133 et
461 3101 644 3142 plerique,
673 3111 740 3134 om.
769 3103 811 3134 R.
838 3102 897 3143 (Ut
922 3110 1004 3139 nos.
1031 3102 1132 3134 Leid.
1159 3101 1221 3139 ΙΙ.)
1253 3119 1287 3124 -
1316 3102 1372 3132 11.
1402 3104 1537 3139 oportet
1562 3100 1605 3132 Α.
1634 3115 1674 3123 --
1710 3101 1767 3132 21.
1794 3100 1880 3132 Loci

131 3152 247 3180 autem
272 3155 467 3180 communes
492 3149 566 3181 VR.
608 3165 648 3172 —
690 3150 829 3181 inerunt
853 3148 909 3180 ΡΛ
927 3172 936 3188 ,
978 3149 1078 3181 Leid.
1106 3149 1134 3179 1.
1175 3147 1274 3181 Voss.
1301 3148 1347 3178 ll.
1381 3147 1532 3186 aliique:
1576 3151 1679 3180 erunt
1704 3147 1809 3179 VRE.
1835 3162 1878 3168 —

131 3195 188 3227 22.
217 3197 401 3234 utramque
428 3196 478 3233 A,
520 3195 604 3228 Cod.
633 3194 752 3233 Cass.,
792 3196 825 3227 id
854 3196 946 3236 quod
974 3199 1088 3226 ortum
1114 3195 1253 3228 videtur
1278 3204 1317 3226 ex
1342 3198 1567 3235 utrorumque
1591 3193 1629 3225 P.
1673 3210 1713 3216 —
1756 3195 1812 3226 23.
1849 3195 1880 3224 et

132 3250 200 3274 om.
227 3241 281 3280 A,
310 3241 432 3272 Lamb.
458 3257 504 3264 —
537 3241 595 3272 24.
623 3241 811 3283 defensoris
835 3247 885 3274 est
911 3242 1013 3274 PAR.
1053 3242 1113 3281 (Ut
1136 3250 1225 3278 nos,
1265 3241 1332 3272 Gu.
1361 3241 1389 3271 Ι.
1418 3239 1482 3281 ΙΙ.)
1507 3256 1547 3263 -
1587 3240 1643 3272 32.
1681 3238 1734 3280 ea]
1763 3240 1880 3272 eadem

131 3287 253 3320 Lamb.
281 3297 319 3320 ex
347 3289 438 3320 coni.
455 3312 464 3324 ,
491 3291 530 3319 ut.
553 3287 704 3320 videtur.
735 3305 771 3311 —
801 3287 858 3320 36.
887 3289 1054 3321 Curiatiis
1079 3289 1105 3319 B
1131 3288 1291 3319 Lindem.
1310 3310 1318 3325 ‚
1345 3286 1489 3318 Lamb.:
1530 3287 1682 3321 Curiatis
1707 3283 1786 3326 ΡΑ,
1815 3286 1879 3318 Cu-

133 3335 282 3368 rioribus
306 3335 379 3367 RE.
412 3351 448 3358 -
479 3334 536 3368 38.
565 3333 702 3367 Curiati
725 3334 754 3366 Α
779 3340 812 3368 et
838 3343 890 3375 pr.
915 3335 963 3367 P:
993 3335 1145 3368 Cui-iacis
1170 3335 1196 3367 E
1223 3342 1301 3367 cum
1326 3334 1356 3367 R
1381 3338 1415 3368 et.
1439 3341 1527 3367 corr.
1554 3334 1593 3368 Ρ.
