2117 3762
796 291 837 332 C.
868 291 933 332 34.
963 292 1028 333 35.
1060 294 1124 333 36.
1750 292 1830 332 363

88 398 152 441 vel
182 398 319 452 potius
349 411 480 451 paene
513 399 707 439 Graecus.
768 397 955 452 Loquor,
987 403 1030 438 ut
1060 399 1234 451 opinor:
1283 397 1353 437 sed
1386 395 1481 437 licet
1501 409 1553 436 ex
1576 394 1829 437 orationibus

90 460 287 503 iudicare.
350 463 439 502 Fuit
468 467 605 501 autem
636 460 805 501 Athenis
835 459 1093 509 a‹lolescens;
1133 459 1340 515 perfectus
1369 459 1599 513 Epicureus
1630 464 1830 506 evaserat,

88 523 256 567 minime
286 530 425 576 aptum
456 524 505 563 ad
536 523 752 563 dicendum
783 536 923 576 genus.

203 589 293 627 132.
340 588 424 626 lam
455 587 505 635 Q.
531 583 693 626 Catulus
724 598 805 625 non
836 586 1004 639 antiquo
1035 585 1104 625 illo
1137 598 1274 632 more,
1323 584 1394 624 sed
1425 581 1503 624 hoc
1534 587 1701 629 nostro,
1754 583 1831 622 nisi

88 647 186 704 quid
216 647 303 689 fieri
334 653 468 703 potest
498 645 742 702 perfectius,
776 649 972 688 eruditus.
1031 646 1180 687 Multae
1206 648 1383 692 litterae,
1415 658 1574 686 summa
1606 658 1690 685 non
1720 645 1829 684 vitae
1852 655 1867 680 ⁵

88 711 219 753 solum
251 716 371 765 atque
404 715 592 755 naturae,
641 711 712 749 sed
743 710 939 751 orationis
972 710 1094 750 etiam
1126 710 1317 755 comitas,
1369 707 1606 760 incorrupta
1637 705 1837 761 quaedam

86 775 219 815 Latini
257 774 458 814 sermonis
496 770 730 825 integritas;
778 786 882 827 qnae
923 771 1097 826 perspici
1127 784 1219 812 cum
1251 785 1302 811 ex
1333 771 1592 810 orationibus
1623 769 1712 810 eius
1743 775 1834 824 pot-

88 843 150 878 est
188 842 272 877 tum
310 833 502 876 facillime
542 848 591 874 ex
634 848 682 875 eo
720 834 853 883 libro,
902 848 1023 890 quem
1062 836 1113 874 de
1155 834 1370 874 consulatu
1402 838 1442 872 et
1474 834 1524 872 de
1557 834 1678 872 rebus
1711 832 1835 885 gestis

87 900 171 940 suis
213 896 490 951 conscriptum
535 896 646 937 molli
690 903 730 937 et
765 899 1068 951 Xenophonteo
1114 908 1266 948 genere
1307 893 1507 935 sermonis
1550 893 1660 934 misit
1698 894 1748 933 ad
1792 896 1838 934 Α.

86 960 255 1002 Furium
284 964 472 1013 poetam,
514 958 751 1000 familiarem
785 973 928 1000 suum:
977 958 1047 1013 qui
1077 957 1182 998 liber
1212 955 1338 996 nihilo
1370 957 1507 996 notior
1538 960 1598 995 est
1628 968 1749 1008 quam
1780 953 1839 996 illi
1853 965 1888 991 ¹⁰

86 1029 191 1070 tres,
223 1023 274 1063 de
304 1020 452 1076 quibus
483 1030 576 1062 ante
599 1022 708 1070 dixi,
745 1021 886 1063 Scauri
909 1019 1015 1062 libri.
1078 1022 1170 1060 133.
1203 1021 1306 1059 Tum
1327 1020 1499 1064 Brutus,
1531 1019 1629 1059 Mihi
1651 1018 1835 1072 quidem,

84 1084 239 1140 inquit,
287 1097 362 1125 nec
393 1083 467 1125 iste
499 1092 618 1126 notus
649 1092 710 1126 est
741 1097 816 1126 nec
845 1084 928 1133 illi;
978 1085 1050 1124 sed
1080 1085 1181 1123 haec
1210 1094 1300 1122 mea
1331 1080 1450 1134 eulpa
1489 1086 1573 1127 est,
1629 1092 1839 1134 nunquam

86 1146 196 1189 enim
238 1146 281 1187 in
322 1160 465 1187 manus
506 1147 759 1197 inciderunt;
811 1160 917 1187 nunc
958 1151 1095 1186 autem
1137 1150 1178 1185 et
1216 1148 1307 1184 ate
1339 1155 1496 1184 sumam
1528 1147 1568 1182 et
1599 1144 1839 1196 conquiram

85 1210 162 1250 ista
192 1211 363 1264 posthac
392 1208 610 1250 curiosius,
668 1209 760 1250 Fuit
789 1209 913 1261 igitur
943 1208 983 1248 in
1021 1207 1166 1247 Catulo
1206 1219 1343 1246 sermo
1381 1204 1570 1254 Latinus;
1618 1217 1723 1258 quae
1753 1203 1841 1245 laus

86 1270 251 1314 dicendi
294 1285 376 1312 non
422 1270 643 1313 mediocris
683 1273 733 1312 ab
775 1270 1009 1311 oratoribus
1050 1269 1257 1324 plerisque
1298 1269 1483 1321 neglecta
1523 1271 1597 1306 est.
1658 1268 1758 1307 Nam
1789 1268 1889 1308 de1⁵

86 1349 188 1377 sono
220 1333 335 1375 vocis
366 1339 406 1374 et
435 1333 636 1374 suavitate
668 1334 1007 1388 appellandarum
1031 1332 1283 1379 litterarum,
1317 1330 1511 1385 quoniam
1535 1327 1663 1370 filium
1687 1342 1842 1382 cogno-

85 1399 200 1446 visti,
232 1396 319 1438 noli
349 1402 589 1451 exspectare
622 1395 720 1450 quid
752 1397 898 1436 dicam.
961 1396 1220 1450 Quamquam
1250 1392 1359 1434 filius
1392 1390 1557 1448 quidem
1588 1405 1672 1432 non
1701 1389 1778 1432 fuit
1797 1390 1841 1431 in

87 1467 300 1502 oratorum
341 1473 540 1507 numer0,
593 1461 664 1500 sed
706 1472 790 1500 non
826 1460 966 1499 deerat
997 1459 1035 1498 ei
1067 1464 1201 1499 tamen
1232 1457 1274 1496 in
1305 1455 1510 1497 sententia
1542 1453 1715 1495 dicenda
1746 1466 1840 1494 cum

84 1522 303 1579 prudentia
334 1528 419 1563 tum
450 1523 616 1576 elegans
649 1523 856 1575 quoddam
889 1525 929 1561 et
958 1519 1164 1561 eruditum
1195 1519 1395 1560 orationis
1427 1530 1567 1571 genus,
1629 1517 1722 1556 13'4.
1756 1516 1842 1556 Nec

85 1585 251 1627 habitus
290 1592 349 1626 est
389 1591 527 1626 tamen
566 1589 682 1638 pater
721 1586 810 1639 ipse
843 1583 1009 1624 Catulus
1040 1582 1234 1636 princeps
1266 1582 1307 1621 in
1338 1593 1511 1620 numero
1544 1583 1890 1634 patronorum‚2o

86 1648 159 1688 sed
189 1653 279 1688 erat
312 1647 424 1696 talis,
466 1652 536 1695 ut,
587 1660 680 1688 cum
721 1644 922 1700 quosdam
954 1644 1144 1693 audires,
1189 1644 1259 1698 qui
1291 1649 1374 1684 tum
1407 1646 1523 1682 erant
1552 1645 1838 1695 praestantes,

86 1711 299 1751 videretur
339 1724 429 1750 esse
470 1708 667 1758 inferior,
722 1723 814 1750 cum
852 1715 987 1750 autem
1018 1709 1154 1761 ipsum
1185 1707 1348 1748 audires
1380 1706 1467 1746 sine
1500 1702 1838 1758 comparatione,

85 1786 170 1813 non
199 1770 323 1812 modo
354 1777 573 1813 contentus
604 1785 735 1820 esses,
770 1774 841 1813 sed
874 1773 1020 1812 melius
1041 1784 1122 1811 non
1145 1781 1380 1824 quaereres.
1445 1769 1538 1808 135.
1573 1767 1624 1816 Q.
1648 1764 1839 1807 Metellus

85 1833 326 1875 Numidicus
357 1840 399 1876 et
429 1836 518 1875 eius
549 1834 707 1888 collega
737 1836 791 1874 M.
817 1833 977 1875 Silanus
1007 1831 1200 1874 dicebant
1229 1830 1279 1872 de
1310 1844 1354 1871 re
1376 1830 1567 1883 publica,
1600 1829 1711 1884 quod
1733 1832 1841 1869 esset

86 1896 166 1938 illis
204 1897 304 1937 viris
341 1902 383 1938 et
422 1898 630 1938 consulari
668 1895 855 1949 dignitati
896 1897 1009 1936 satis.
1070 1897 1125 1936 M.
1155 1893 1346 1935 Aurelius
1386 1894 1563 1933 Scaurus
1600 1904 1683 1932 non
1714 1903 1839 1946 saepe
1855 1904 1890 1931 25

86 1960 270 2007 dicebat,
319 1960 393 2000 sed
423 1958 573 2013 polite3
618 1960 762 1999 Latine
795 1972 894 1999 vero
926 1957 1128 2013 imprimis
1160 1964 1220 1999 est
1250 1958 1463 2010 eleganter
1494 1954 1666 1996 locutus,
1725 1953 1843 2002 Quae

85 2023 175 2064 laus
207 2023 354 2063 eadem
384 2022 427 2062 in
457 2025 503 2062 A.
528 2020 676 2062 Albino
706 2020 813 2062 bene
842 2020 1038 2076 loquendi
1069 2018 1161 2060 fuit.
1223 2021 1323 2060 Nam
1348 2020 1498 2059 flamen
1519 2016 1690 2058 Albinus
1712 2017 1840 2058 etiam

85 2084 128 2126 in
157 2097 334 2125 numero
365 2090 428 2125 est
457 2082 620 2125 habitus
652 2082 912 2125 disertorum.
975 2084 1025 2132 Q.
1053 2084 1174 2123 etiam
1207 2082 1378 2137 Caepi0,
1410 2082 1474 2122 vir
1504 2094 1600 2121 acer
1632 2084 1673 2120 et
1702 2077 1838 2127 sortis,

87 2146 155 2188 cui
183 2144 349 2188 fortuna
378 2144 476 2187 belli
507 2147 694 2193 crimini,
742 2147 896 2187 invidia
936 2146 1079 2200 populi
1120 2144 1340 2186 calamitati
1378 2142 1466 2184 suit.
1523 2142 1714 2184 XXXVI.
1751 2142 1844 2183 136.

86 2212 188 2251 Tum
234 2207 357 2249 etiam
400 2209 443 2249 C.
479 2214 519 2249 et
553 2211 600 2249 L.
637 2208 819 2250 Memmii
856 2207 1023 2250 suerunt
1063 2213 1249 2248 oratores
1281 2208 1533 2254 mediocres,
1585 2208 1845 2246 accusatores
1859 2215 1893 2242 ³0

87 2283 203 2312 acres
233 2275 357 2325 atque
388 2269 542 2311 acerbi.
603 2272 747 2326 Itaque
777 2271 818 2311 in
847 2270 1047 2312 iudicium
1078 2270 1220 2325 capitis
1252 2271 1403 2310 multos
1443 2273 1718 2314 vocaverunt,
1766 2279 1844 2321 pro

87 2335 169 2374 reis
215 2346 299 2373 non
345 2346 466 2387 saepe
508 2332 714 2374 dixerunt.
778 2335 845 2389 Sp.
877 2333 1054 2375 Thorius
1091 2334 1188 2375 satis
1226 2333 1355 2373 valuit
1392 2331 1433 2372 in
1470 2329 1661 2386 populari
1692 2343 1843 2383 genere

88 2395 274 2442 dicendi,
307 2396 362 2443 is,
403 2394 474 2450 qui
504 2408 646 2449 agrum
677 2394 888 2450 publicum
921 2397 1067 2437 vitiosa
1098 2402 1139 2437 et
1169 2395 1307 2436 inutili
1338 2396 1429 2448 lege
1463 2391 1651 2447 vectigali
1679 2391 1845 2434 levavit.

85 2461 142 2500 M.
165 2457 404 2506 Marcellus,
444 2460 661 2499 Aesernini
692 2464 836 2513 pater,
883 2472 961 2499 non
994 2458 1063 2499 ille
1095 2458 1263 2513 quidem
1292 2459 1334 2498 in
1366 2457 1577 2512 patronis,
1631 2453 1702 2496 sed
1733 2459 1773 2495 et
1800 2453 1843 2494 in

86 2522 291 2576 promptis
323 2527 458 2562 tamen
489 2527 529 2562 et
557 2535 640 2562 non
670 2521 949 2562 inexercitatis
980 2520 1029 2561 ad
1061 2519 1278 2561 dicendum
1309 2519 1409 2568 suit,
1457 2524 1501 2560 ut
1542 2517 1647 2559 lilius
1679 2518 1766 2558 eius
1797 2517 1841 2558 P.
1857 2526 1894 2553 ³⁵

86 2585 301 2625 Lentulus.
365 2586 458 2625 137.
491 2586 539 2624 L.
571 2586 693 2625 etiam
735 2585 880 2632 Cotta,
927 2584 1185 2638 praetorius,
1235 2582 1275 2623 in
1316 2581 1589 2623 mediocrium
1626 2584 1842 2620 oratorum

88 2659 285 2694 numero,
333 2647 496 2687 dicendi
532 2658 614 2687 non
651 2646 705 2686 ita
746 2647 920 2686 multum
957 2647 1078 2686 laude
1118 2652 1397 2700 processerat,
1451 2646 1521 2685 sed
1561 2645 1612 2684 de
1643 2639 1843 2682 industria

89 2721 183 2749 cum
226 2706 366 2750 verbis
406 2714 490 2749 tum
533 2708 653 2749 etiam
692 2709 782 2761 ipso
819 2722 921 2750 sono
954 2709 1070 2763 quasi
1100 2706 1331 2749 subrustico
1363 2707 1688 2761 persequebatur
1718 2708 1842 2758 atque

92 2769 334 2812 imitabatur
364 2770 664 2827 antiquitatem.

200 2835 332 2887 Atque
363 2847 441 2888 ego
473 2839 513 2875 et
542 2833 584 2874 in
613 2835 693 2873 hoc
725 2834 815 2885 ipso
849 2834 966 2875 Cotta
996 2838 1037 2875 et
1066 2835 1107 2874 in
1138 2833 1229 2874 aliis
1259 2804 1445 2888 pluribus
1466 2829 1651 2883 intelligo
1671 2840 1737 2868 me
1757 2840 1843 2868 non
1858 2840 1894 2870 [ιο

88 2895 146 2936 ita
187 2893 362 2937 disertos
400 2898 589 2938 homines
631 2901 671 2936 et
706 2895 912 2937 rettulisse
955 2896 996 2936 in
1029 2901 1243 2937 oratorum
1274 2908 1491 2937 numerum
1523 2898 1564 2934 et
1593 2893 1836 2932 relaturum.

88 2959 162 2999 Est
201 2958 310 2998 enim
349 2961 609 3012 propositum
650 2957 843 3012 colligere
888 2971 984 3005 eos,
1033 2959 1101 3011 qui
1132 2960 1210 2999 hoc
1241 2971 1413 2998 munere
1445 2958 1485 2996 in
1517 2955 1678 2995 civitate
1710 2950 1843 2993 functi

89 3021 193 3067 sint,
226 3023 272 3059 ut
301 3024 490 3060 tenerent
519 3026 730 3062 oratorum
761 3020 920 3067 locum3
960 3031 1136 3073 quorum
1169 3021 1334 3075 quidem
1366 3032 1470 3073 quae
1502 3016 1626 3057 suerit
1656 3015 1843 3057 ascensio

90 3087 132 3123 et
162 3094 286 3138 quam
317 3082 357 3121 in
389 3083 582 3124 omnihus
613 3082 735 3124 rebus
767 3081 942 3123 distic-ilis
974 3083 1117 3135 optimi
1147 3081 1348 3137 perfectio
1382 3087 1503 3135 atque
1532 3079 1760 3126 absolutio,
1792 3090 1845 3119 ex

185 3234 241 3265 11.
269 3233 424 3273 quidem.
467 3233 582 3272 inquit
608 3233 649 3266 I).
677 3233 737 3274 Lg.
766 3242 906 3271 omnes,
946 3234 1032 3264 Ven.
1061 3234 1092 3264 1.
1130 3232 1248 3265 Ottob.
1280 3233 1327 3264 R:
1373 3232 1507 3273 quidem
1533 3228 1617 3270 (om.
1644 3226 1774 3271 inquit)
1802 3229 1843 3261 Ε.

91 3296 134 3304 -
159 3280 216 3312 23.
244 3289 314 3311 non
338 3280 440 3310 modo
467 3287 504 3308 eo
531 3284 710 3310 contentus
736 3280 855 3311 Lamb.
885 3279 927 3320 (Α
956 3280 1048 3311 ῃυΙΙο
1074 3279 1158 3311 Cod.
1186 3276 1369 3316 firmatur.)
1411 3295 1447 3300 —
1492 3276 1548 3309 30.
1578 3282 1608 3310 et
1642 3285 1719 3310 cum
1750 3276 1844 3308 libris

93 3328 267 3368 plerisque
294 3336 362 3358 orn.
390 3326 497 3356 Aldus
522 3329 556 3356 et
582 3326 769 3358 Victorius.
799 3344 835 3350 —
864 3327 918 3358 38.
945 3326 1217 3366 persequebatur
1242 3326 1316 3359 libri
1343 3327 1493 3368 (praeter
1518 3324 1586 3357 Gu.
1605 3325 1638 3356 1.
1663 3325 1742 3366 qui:
1769 3322 1846 3356 sub-

92 3372 311 3416 sequebatur)
341 3374 390 3405 R:
414 3372 689 3413 prosequebatur
714 3382 792 3406 curn
815 3373 897 3406 Asc.
925 3373 963 3407 E.
