2117 3762
286 267 366 310 114
949 269 1018 308 DE
1047 268 1371 311 INVENTIONE

281 375 355 417 Est
396 386 497 428 ergo
538 373 763 428 assumptio
804 370 1032 427 quaedam,
1080 386 1186 427 quae
1223 372 1538 427 approbationis
1585 386 1669 414 non
1713 373 1891 428 indiget3
1942 387 2038 416 nam

281 438 489 492 quandam
529 436 715 489 indigere
756 435 1022 489 perspicuum
1063 440 1139 476 est.
1201 437 1397 491 Separata
1428 441 1491 477 est
1521 434 1648 488 igitur
1678 434 1728 476 ab
1760 436 2041 492 assumptione

281 499 540 554 approbatio.
598 497 761 537 Falsum
793 509 894 550 ergo
926 502 1009 545 est,
1042 509 1128 537 non
1158 510 1248 538 esse
1278 497 1369 552 plus
1400 511 1523 553 quam
1553 496 1802 552 tripartitam
1823 512 2043 552 argumen-

279 560 520 606 tationem„
553 560 763 601 XXXVII.
805 560 872 599 66.
915 559 1050 614 Atque
1088 572 1140 599 ex
1179 559 1242 600 his
1271 559 1372 601 illud
1401 561 1482 601 iam
1513 559 1780 614 perspicuum
1813 566 1897 608 est,
1947 573 2037 601 esse

250 621 484 677 squandam
523 620 950 675 argumentationem,
998 620 1039 662 in
1077 635 1158 676 qua
1194 636 1330 677 neque
1368 623 1602 677 propositio
1644 635 1782 677 neque
1813 623 2038 676 assumptio

278 684 461 738 indigeat
490 684 825 738 approbationis,
873 682 1132 732 huiusmodi,
1175 689 1221 724 ut
1249 689 1408 725 certum
1439 685 1635 740 quiddam
1668 691 1709 725 et
1738 687 1867 725 breve
1899 697 2043 724 exem-

275 749 335 802 pli
366 760 488 788 eausa
518 759 742 800 ponamus:
777 747 820 787 Si
836 759 1000 787 summo
1023 760 1151 799 opere
1173 744 1372 800 sapientia
1392 750 1572 801 petenda
1595 753 1680 796 est,
1715 760 1878 788 summo
1912 759 2041 801 opere

278 809 446 850 stultitia
476 809 641 849 vitanda
671 813 755 848 est:
789 821 953 849 summo
984 814 1121 849 autem
1152 821 1280 863 opere
1311 811 1511 864 sapientia
1540 811 1720 865 petenda
1751 815 1835 850 est:
1879 822 2041 850 summo

275 871 402 924 igitur
431 883 558 925 opere
589 869 761 912 stultitia
790 871 958 912 vitanda
987 876 1063 912 est.
1125 871 1204 911 Hic
1248 875 1289 911 et
1326 873 1551 926 assumptio
1593 877 1634 913 et
1672 870 1905 927 propositio
1948 884 2043 924 per-

225 952 262 977 10
276 935 416 989 spieua
447 938 528 984 est;
574 946 702 988 quare
732 938 881 975 neutra
908 946 1075 989 quoque
1105 932 1264 985 indiget
1293 934 1606 988 approbatione.
1664 937 1730 975 Ex
1760 935 1874 975 hisce
1906 934 2042 974 omni-

274 999 352 1038 bus
381 994 485 1038 illud
514 994 783 1050 perspicuum
813 1001 894 1044 est,
925 994 1270 1050 approbationem
1300 1002 1388 1036 tum
1417 995 1605 1049 adiungi,
1638 1003 1724 1037 tum
1746 1011 1830 1038 non
1850 997 2037 1050 adiungi.

273 1060 336 1099 Ex
365 1071 447 1113 quo
480 1059 748 1111 cognoscitur
775 1073 913 1113 neque
944 1058 987 1099 in
1016 1058 1306 1114 propositione
1337 1071 1471 1113 neque
1501 1059 1544 1099 in
1583 1060 1867 1112 assumptione
1911 1059 2044 1100 conti-

273 1120 366 1161 neri
396 1119 764 1175 approbationem,
798 1123 871 1162 sed
901 1125 1117 1177 utramque
1148 1135 1222 1162 suo
1255 1123 1348 1162 loeo
1383 1122 1558 1176 positam
1589 1122 1674 1161 vim
1694 1135 1810 1163 suam
1833 1128 2042 1177 tamquam

274 1188 432 1224 certam
462 1190 502 1225 et
531 1183 743 1238 propriam
773 1184 979 1225 obtinere.
1044 1183 1205 1234 Quodsi
1234 1185 1289 1225 ita
1321 1188 1403 1229 est,
1435 1182 1654 1224 commode
1684 1183 1824 1238 partiti
1854 1189 1948 1225 sunt
1967 1183 2040 1231 illi,

223 1263 259 1289 15
274 1245 346 1302 qui
374 1247 417 1287 in
449 1247 633 1302 quinque
663 1250 801 1300 partes
832 1246 1137 1287 distribuerunt
1165 1245 1583 1301 argumentationem.

332 1322 338 1343 Ι
385 1311 453 1352 67.
488 1309 683 1363 Quinque
713 1312 808 1349 sunt
836 1307 962 1362 igitur
990 1314 1130 1363 partes
1161 1310 1249 1350 eius
1279 1307 1677 1363 argumentationis,
1725 1322 1831 1364 quae
1867 1322 1941 1364 per
1977 1324 2042 1351 ra-

271 1372 584 1413 tiocinationem
614 1375 832 1411 tractatur:
881 1372 1139 1426 Propositio,
1182 1385 1257 1427 per
1288 1386 1410 1428 qnam
1442 1371 1557 1413 locus
1588 1372 1622 1412 is
1652 1372 1839 1413 breviter
1868 1373 2042 1426 exponi-

271 1439 360 1483 tur,
410 1447 463 1475 ex
506 1446 590 1488 quo
633 1432 696 1475 vis
741 1432 875 1474 omnis
921 1438 1088 1488 oportet
1133 1440 1296 1476 emanet
1342 1435 1693 1485 ratiocinationis;
1744 1433 2042 1489 propositionis

272 1496 546 1552 approbatio,
578 1508 655 1550 per
684 1508 808 1551 quam
838 1494 902 1545 id,
936 1497 1049 1550 quod
1079 1495 1266 1539 breviter
1296 1498 1532 1553 expositum
1563 1503 1646 1544 est,
1678 1495 1911 1538 rationibus
1932 1496 2043 1539 affir-

221 1577 258 1602 20
272 1565 427 1601 matum
458 1557 719 1613 probabilius
749 1562 790 1598 et
819 1557 1001 1612 apertius
1031 1557 1100 1609 fit;
1152 1561 1406 1614 assumptio,
1452 1573 1530 1614 per
1568 1573 1691 1614 quam
1727 1561 1795 1608 id,
1844 1561 1957 1615 quod
1988 1573 2041 1601 ex

271 1621 559 1678 propositione
590 1621 642 1660 ad
673 1619 978 1661 ostendendum
1015 1622 1216 1676 pertinet,
1262 1622 1508 1664 assumitur:
1558 1622 1852 1677 assumptIOnis
1891 1635 2043 1677 appro-

271 1683 405 1732 batio,
436 1696 510 1738 per
531 1696 653 1737 quam
677 1683 742 1730 id,
774 1683 886 1736 quod
907 1689 1162 1738 assumptum
1184 1690 1264 1732 est,
1296 1684 1526 1725 rationibus
1548 1683 1758 1735 firmatur3
1791 1686 2040 1740 complexio,

270 1759 346 1801 per
376 1759 500 1800 quam
529 1746 595 1793 id,
644 1745 757 1799 quod
787 1742 1005 1785 conficitur
1036 1759 1088 1787 ex
1118 1746 1232 1788 omni
1263 1746 1642 1801 argumentatione,
1696 1746 1880 1788 breviter
1911 1761 2043 1802 expo-

271 1811 399 1850 nitur.
462 1809 580 1857 Quae
618 1806 817 1861 plurimas
861 1806 988 1848 habet
1030 1810 1332 1862 argumentatio
1375 1817 1539 1865 partes,
1594 1823 1642 1851 ea
1681 1814 1842 1851 constat
1886 1823 1938 1850 ex
1976 1811 2041 1850 his

220 1889 256 1915 2⁵
272 1873 457 1928 quinque
487 1871 697 1924 partibus3
740 1868 921 1911 secunda
951 1875 1015 1911 est
1044 1871 1367 1925 quadripartita;
1410 1872 1531 1913 tertia
1562 1871 1796 1927 tripartita3
1850 1871 1946 1912 dein
1978 1870 2041 1912 bi-

269 1935 443 1990 partita;
489 1934 603 1989 quod
639 1932 683 1972 in
725 1932 1009 1973 controversia
1051 1939 1127 1974 est.
1189 1937 1250 1975 De
1280 1949 1361 1976 una
1395 1948 1562 1990 quoque
1594 1940 1709 1989 parte
1740 1938 1878 1988 potest
1918 1932 2041 1974 alicui

270 1997 405 2039 videri
450 2008 574 2050 posse
615 1995 854 2036 consistere.
914 1997 1148 2038 XXXVIII.
1182 1999 1248 2038 68.
1290 1999 1449 2038 Eorum
1489 1998 1636 2051 igitur,
1683 2010 1789 2052 quae
1830 1999 2039 2043 constant,

271 2059 465 2114 exempla
493 2070 726 2113 ponemus,
758 2058 936 2106 horum,
970 2072 1077 2112 quae
1109 2057 1233 2100 dubia
1264 2065 1378 2106 sunt,
1409 2059 1590 2101 rationes
1611 2058 1848 2100 afferemus.
1909 2057 2041 2107 Quin-

272 2122 504 2177 quepartita
535 2120 838 2173 argumentatio
869 2125 932 2161 est
961 2119 1223 2163 huiusmodi:
1273 2123 1427 2164 Omnes
1458 2124 1594 2176 leges,
1634 2121 1813 2169 iudices,
1845 2119 1898 2161 ad
1928 2133 2042 2162 com-

223 2203 258 2229 30
271 2186 443 2226 modum
473 2185 537 2224 rei
565 2181 758 2238 publicae
788 2183 949 2223 referre
980 2188 1149 2238 oportet
1184 2189 1224 2224 et
1263 2199 1331 2226 eas
1364 2200 1415 2226 ex
1454 2186 1631 2226 utilitate
1673 2181 1906 2231 communi,
1955 2196 2042 2224 11011

272 2261 327 2288 ex
357 2245 607 2301 scriptione,
647 2259 753 2301 quae
783 2247 827 2286 in
855 2246 1006 2287 litteris
1038 2253 1118 2295 est,
1150 2246 1431 2303 interpretari.
1493 2251 1551 2289 Ea
1582 2248 1692 2288 enim
1722 2247 1877 2288 virtute
1907 2249 1950 2286 et
1977 2259 2041 2287 sa-

271 2308 428 2363 pientia
458 2309 637 2350 maiores
667 2310 800 2350 nostri
830 2307 1020 2358 fuerunt,
1066 2315 1112 2350 ut
1150 2311 1193 2350 in
1233 2310 1394 2365 legibus
1425 2309 1654 2352 scribendis
1685 2308 1788 2350 nihil
1817 2306 1897 2349 sibi
1927 2309 2041 2349 aliud

270 2372 352 2412 nisi
392 2370 566 2412 salutem
610 2376 734 2427 atque
773 2371 991 2413 utilitatem
1033 2374 1093 2413 rei
1135 2372 1327 2428 publicae
1368 2378 1668 2429 proponerent.
1730 2375 1873 2428 Neque
1928 2372 2040 2412 enim

271 2435 377 2488 ipsi,
410 2435 523 2489 quod
553 2431 741 2481 obesset,
773 2434 957 2475 seribere
987 2436 1207 2485 volebant3
1245 2440 1306 2485 et,
1338 2438 1372 2477 si
1404 2438 1687 2492 scripsissent,
1718 2449 1812 2477 cum
1843 2439 1951 2476 esset
1978 2435 2041 2475 in-

223 2515 257 2541 35
272 2496 508 2545 tellectum,
551 2498 815 2551 repudiatum
846 2498 897 2538 iri
927 2499 1064 2551 legem
1094 2497 1394 2552 intelligebant.
1452 2502 1584 2541 Nemo
1616 2499 1727 2540 enim
1757 2498 1870 2551 leges
1899 2497 2041 2552 legum

273 2573 397 2600 eausa
434 2560 567 2600 salvas
608 2574 699 2600 esse
738 2559 843 2608 vult,
897 2562 970 2601 sed
1002 2561 1066 2601 rei
1095 2561 1308 2615 publicae,
1354 2564 1467 2618 quod
1500 2577 1553 2604 ex
1581 2560 1743 2617 legibus
1773 2573 1919 2602 omnes
1948 2573 2041 2602 rem

271 2623 482 2678 publicam
513 2623 669 2677 optime
700 2628 847 2677 putant
876 2624 1171 2664 administrari.
1234 2626 1368 2674 Quam
1399 2624 1453 2665 ob
1484 2639 1573 2666 rem
1603 2625 1729 2678 igitur
1749 2622 1861 2678 leges
1882 2623 2041 2665 servari

273 2689 460 2739 oportet,
504 2686 556 2725 ad
595 2699 687 2725 eam
719 2698 885 2726 causam
917 2687 1070 2740 scripta
1100 2688 1240 2727 omnia
1269 2689 1534 2743 interpretari
1564 2687 1781 2729 convenit:
1832 2687 1915 2727 hoc
1946 2690 2035 2734 est,

273 2748 471 2801 quoniam
502 2747 564 2788 rei
594 2746 788 2800 publicae
820 2749 1049 2797 servimus,
1085 2763 1135 2790 ex
1166 2751 1228 2791 rei
1258 2749 1449 2805 publicae
1471 2751 1694 2791 commodo
1716 2754 1840 2805 atque
1861 2747 2040 2789 utilitate

222 2827 258 2854 40
277 2807 418 2863 [leges]
453 2810 793 2864 interpretemur.
854 2813 955 2851 Nam
995 2816 1042 2851 ut
1081 2826 1135 2852 ex
1176 2814 1380 2853 medicina
1410 2812 1514 2854 nihil
1545 2816 1711 2867 oportet
1738 2816 1885 2866 putare
1914 2808 2041 2865 profi-

274 2871 394 2918 cisci,
444 2872 525 2912 nisi
555 2873 667 2925 quod
698 2873 750 2912 ad
782 2874 969 2927 eorporis
998 2872 1220 2916 utilitatem
1251 2880 1425 2930 spectet,
1475 2875 1670 2929 quoniam
1703 2875 1792 2915 eius
1823 2886 1947 2915 causa
1977 2875 2040 2913 est

273 2933 481 2984 instituta3
533 2936 592 2975 sic
622 2948 646 2975 a
675 2934 836 2989 legibus
866 2937 970 2976 nihil
1003 2939 1199 2978 convenit
1231 2937 1448 2986 arbitrari,
1495 2939 1576 2978 nisi
1610 2939 1724 2993 quod
1753 2938 1818 2979 rei
1845 2937 2038 2993 publicae

274 2998 502 3045 conducat,
535 2995 762 3052 proficisci,
795 3000 993 3052 quoniam
1025 3000 1114 3041 eius
1145 3014 1267 3042 eausa
1299 3006 1394 3042 sunt
1424 3007 1702 3056 comparatae.
1761 3003 1830 3042 69.
1863 3002 1972 3054 Ergo
1994 2999 2038 3039 111

272 3059 353 3098 1100
383 3071 550 3113 quoque
581 3060 738 3102 iudicio
768 3061 942 3102 desinite
972 3061 1129 3103 litteras
1159 3064 1263 3117 legis
1301 3063 1556 3118 perscrutari
1596 3070 1636 3106 et
1675 3065 1837 3120 legem,
1886 3068 1931 3104 ut
1968 3074 2039 3103 ae-

367 3210 425 3241 11.
451 3211 749 3254 approbationem]
780 3214 827 3246 acl
848 3215 1106 3254 propositiones
1130 3214 1177 3252 P,
1217 3214 1266 3246 ad
1286 3217 1563 3257 propositionem
1587 3215 1661 3248 AT.
1690 3213 1777 3256 (tum
1803 3212 1951 3254 adiungi
1973 3221 2036 3253 ap-

271 3256 513 3295 probationem
530 3257 590 3295 R.)
609 3276 652 3283 —-
677 3261 733 3292 15.
751 3262 869 3300 partis
894 3261 1094 3294 tribuerunt
1117 3261 1220 3293 PAT.
1239 3278 1277 3284 —-
1306 3263 1361 3294 18.
1378 3264 1633 3303 propositionis
1659 3272 1727 3295 om.
1746 3260 1867 3293 PART
1889 3261 2034 3299 aliique.

274 3302 508 3339 (servavimus
536 3310 677 3344 propter
702 3316 801 3348 seqq.
830 3310 1075 3347 assumptionis
1092 3309 1332 3349 approbatio)
1361 3326 1398 3331 -
1427 3310 1484 3342 26.
1511 3320 1583 3342 una
1608 3317 1742 3352 quaque
1765 3308 1814 3347 A,
1844 3312 1881 3339 ut
1908 3306 2033 3342 Graev-

274 3366 318 3371 —
343 3348 399 3382 39.
426 3347 480 3390 ex]
508 3354 539 3384 et
564 3351 647 3384 Ern.
676 3362 818 3394 operae.
839 3371 880 3378 —
906 3356 964 3387 40.
993 3356 1083 3397 leqes
1110 3364 1178 3388 om.
1205 3355 1328 3388 PART
1354 3357 1482 3399 aliique
1509 3357 1623 3391 multi.
1673 3356 1743 3390 Nos
1768 3354 1987 3389 seclusimus.
