2117 3762
272 283 351 325 146
905 284 975 323 DE
1006 283 1330 325 INVENTIONE

379 387 642 442 Assumptiva
681 386 808 440 igitur
846 390 933 427 tum
975 386 1148 437 dicitur,
1191 404 1283 431 cum
1322 392 1457 443 ipsum
1496 403 1549 430 ex
1586 402 1629 429 56
1668 389 1822 430 factum
1854 389 2025 446 probari

267 466 352 494 non
392 457 550 506 potest,
603 450 742 504 aliquo
779 453 916 489 autem
953 448 1054 490 soris
1095 450 1288 493 adiuncto
1329 457 1571 506 argumento
1614 450 1863 493 defenditur.
1924 456 2024 494 Eius

265 519 404 570 partes
442 519 536 555 sunt
571 517 788 566 quattuor:
841 511 1116 565 comparati0‚
1165 515 1309 556 relatio
1350 514 1555 562 criminis,
1604 514 1785 556 remotio
1818 516 2022 564 criminis,

267 577 495 618 concessio.
553 576 618 615 72.
652 573 914 626 Comparatio
949 578 1034 621 est,
1071 586 1163 614 cum
1195 575 1364 630 aliquod
1384 577 1561 625 sactum,
1596 576 1707 632 quod
1727 590 1803 632 per
1825 592 1868 618 se
1890 577 2024 633 ipsum

236 653 349 680 snon
379 639 430 679 sit
457 634 742 692 probandum,
785 647 837 674 ex
868 647 944 683 eo,
986 635 1101 676 cuius
1132 636 1174 675 id
1206 651 1325 680 causa
1355 639 1507 680 sactum
1540 645 1624 687 cst,
1659 638 1908 680 defenditur.
1967 642 2025 681 Ea

265 706 328 742 est
366 698 624 741 huiusmodi:
678 696 856 746 Quidam
897 698 1152 752 imperator,
1201 712 1293 740 cum
1339 700 1389 741 ab
1432 701 1620 742 hostibus
1659 702 2027 743 circumsideretur

263 777 399 817 neque
441 760 623 813 effugere
666 759 753 800 ullo
794 758 920 800 modo
962 766 1120 814 posset,
1171 761 1366 816 depactus
1406 770 1467 803 est
1504 778 1597 805 cum
1630 763 1713 812 eis,
1766 768 1812 803 ut
1839 777 1954 804 arma
1987 769 2027 804 et

262 823 555 879 impedimenta
584 821 869 878 relinqueret,
904 822 1056 863 milites
1088 825 1302 874 educeret3
1336 826 1473 880 itaque
1504 826 1620 876 l'ecit3
1669 826 1795 867 armis
1825 832 1867 868 et
1896 827 2028 881 impe-

262 887 453 928 dimentis
483 884 644 926 amissis
674 891 840 940 praeter
870 898 985 939 spem
1016 887 1169 927 milites
1196 890 1473 929 conservavit.
1536 892 1762 931 Accusatur
1783 888 2025 929 maiestatis.

210 965 248 989 10
262 948 439 990 Incurrit
467 949 549 989 huc
580 946 780 988 definitio.
842 948 924 988 Sed
956 961 1032 988 nos
1063 949 1174 989 1111116
1204 949 1364 999 10611111,
1408 952 1457 991 de
1490 965 1571 1007 quo
1603 954 1787 1007 agimus,
1837 950 2028 993 conside-

260 1026 414 1055 remus.
474 1014 543 1052 73.
578 1010 755 1051 Intentio
789 1015 874 1051 est:
909 1012 1001 1050 Non
1035 1011 1222 1065 oportuit
1251 1027 1366 1054 arma
1397 1018 1437 1053 et
1457 1012 1754 1068 impedimenta
1771 1014 2026 1070 relinquere.

258 1075 456 1130 Depulsio
487 1079 566 1115 est:
600 1074 811 1126 oportuit.
873 1073 1069 1122 Quaestio
1102 1079 1185 1115 est:
1227 1076 1549 1131 Oportueritne‘?
1589 1078 1706 1117 Ratio
1738 1082 1822 1118 est:
1869 1076 2019 1118 Milites

259 1139 369 1178 enim
402 1149 545 1178 omnes
575 1134 792 1190 perissent.
850 1135 1078 1176 Inlirmatio
1112 1142 1173 1177 est
1204 1144 1274 1178 aut
1313 1137 1623 1180 coniecturalis:
1669 1142 1760 1181 Non
1791 1141 2021 1193 perissent;

258 1205 329 1242 aut
358 1201 490 1241 altera
520 1199 835 1239 coniecturalis:
869 1200 961 1239 Non
992 1199 1087 1240 ideo
1117 1199 1266 1240 fecisti.
1328 1204 1388 1242 Ex
1419 1200 1572 1256 quibus
1603 1208 1698 1242 sunt
1727 1201 2023 1244 iudicationes:

209 1276 246 1302 15
261 1264 552 1304 Perissentne?
595 1267 661 1303 et:
707 1262 862 1302 Ideone
892 1261 1063 1303 fecerit?
1104 1268 1173 1303 aut
1203 1265 1306 1304 haec
1339 1264 1646 1318 comparativa,
1681 1265 1796 1305 cuius
1826 1278 1936 1306 nunc
1965 1267 2027 1306 in-

261 1329 472 1380 digemus:
519 1328 571 1366 At
611 1325 721 1365 enim
766 1324 891 1365 satius
931 1323 1010 1365 fuit
1049 1329 1239 1367 amittere
1282 1326 1431 1367 milites
1471 1339 1593 1382 quam
1636 1339 1749 1366 arma
1779 1331 1820 1366 et
1849 1326 2025 1382 impedi-

258 1394 397 1432 menta
441 1389 674 1429 concedere
717 1386 922 1428 hostibus.
993 1389 1057 1428 Ex
1102 1402 1184 1441 qua
1234 1388 1431 1430 iudicatio
1476 1389 1681 1429 nascitur:
1736 1388 1838 1429 Cum
1882 1403 2026 1430 omnes

257 1452 432 1507 perituri
462 1451 614 1491 milites
645 1454 803 1497 essent,
850 1450 930 1490 11151
962 1451 1013 1491 ad
1043 1451 1151 1490 hanc
1180 1452 1416 1506 pactionem
1448 1451 1683 1499 venissent,
1729 1456 1867 1492 utrum
1898 1441 2026 1493 satius

258 1514 383 1556 fuerit
414 1515 605 1555 amittere
637 1512 810 1561 milites,
845 1527 897 1553 an
927 1514 979 1553 ad
1010 1515 1115 1555 hanc
1146 1514 1431 1555 conditionem
1461 1515 1633 1555 venire?
1664 1515 1732 1557 74.
1763 1515 1855 1556 Hoc
1876 1528 2025 1555 causae

210 1591 390 1633 eogenus
434 1590 486 1618 ex
530 1576 614 1617 suis
655 1574 758 1616 locis
796 1576 964 1615 tractari
1007 1574 1221 1630 oportebit
1263 1581 1303 1617 et
1341 1575 1543 1617 adhibere
1587 1581 1820 1616 ceterarum
1859 1590 2026 1631 quoque

260 1640 601 1682 constitutionum
631 1637 834 1679 rationem
868 1643 990 1692 atque
1019 1644 1266 1693 praecepta;
1303 1652 1350 1679 ac
1379 1639 1560 1679 maxime
1592 1640 1842 1680 coniecturis
1873 1640 2028 1679 facien-

261 1703 324 1744 dis
354 1702 564 1742 infirmare
594 1699 714 1747 illud,
765 1699 878 1754 quod
910 1713 1002 1741 cum
1034 1715 1109 1749 60,
1143 1703 1255 1757 quod
1287 1701 1450 1743 crimini
1481 1701 1670 1750 dabitur,
1718 1701 1766 1750 ii,
1807 1702 1878 1757 qui
1908 1715 2028 1743 accu-

260 1766 484 1812 sabuntur,
536 1764 849 1818 comparabunt.
907 1762 953 1804 Id
994 1761 1089 1813 fiet,
1141 1766 1175 1805 si
1220 1769 1291 1805 aut
1333 1763 1399 1813 id,
1452 1766 1564 1820 quod
1609 1763 1744 1806 dicent
1785 1763 2027 1806 defensores

258 1828 445 1868 futurum
463 1824 615 1873 suisse,
649 1824 729 1865 nisi
750 1824 792 1865 id
812 1824 966 1866 factum
997 1831 1125 1875 esset,
1159 1841 1242 1883 quo
1273 1826 1324 1868 de
1356 1828 1464 1867 facto
1497 1826 1696 1868 iudicium
1729 1832 1810 1876 est,
1842 1827 2027 1869 futurum

210 1903 246 1930 25
261 1889 389 1932 fuisse
419 1889 662 1943 negabitur3
712 1892 783 1928 aut
813 1888 846 1927 si
877 1889 957 1928 alia
987 1889 1149 1930 ratione
1181 1897 1223 1930 et
1251 1890 1374 1930 aliam
1414 1891 1468 1930 ob
1509 1903 1699 1937 causam,
1747 1903 1794 1929 ac
1834 1888 1944 1930 dicet
1982 1904 2026 1931 se

262 1968 358 1996 16115
387 1952 561 2000 1661556,
609 1949 964 1991 demonstrabitur
997 1965 1087 1992 esse
1117 1951 1286 1993 factum.
1347 1951 1445 1993 Eius
1476 1953 1536 1993 rei
1569 1951 1826 1993 confirmatio
1858 1957 1898 1993 et
1926 1951 2027 1993 item

261 2017 469 2059 contraria
501 2017 551 2056 de
577 2018 694 2067 parte
725 2010 946 2052 infirmatio
979 2027 1031 2053 ex
1062 2013 1331 2055 coniecturali
1363 2016 1659 2056 constitutione
1690 2019 1892 2055 sumetur.
1956 2017 2027 2056 Sin

261 2086 399 2121 autem
431 2082 547 2119 certo
577 2077 746 2116 nomine
776 2074 967 2116 maleficii
996 2077 1215 2118 vocabitur
1245 2078 1288 2116 in
1318 2076 1539 2125 iudicium,
1590 2076 1695 2118 sicut
1723 2076 1766 2118 in
1797 2079 1873 2117 hac
1905 2090 2029 2118 causa

263 2142 371 2197 (nam
402 2137 626 2183 maiestatis
657 2136 919 2193 arcessitur),
952 2138 1192 2181 definitione
1225 2146 1264 2180 et
1294 2140 1528 2195 praeceptis
1550 2138 1802 2180 definitionis
1822 2140 1882 2181 uti
1902 2152 2029 2195 opor-

213 2206 380 2246 aotehit.
440 2202 572 2244 XXV.
620 2202 755 2256 Atque
796 2202 900 2241 haec
943 2202 1109 2256 quidem
1149 2203 1397 2256 plerumque
1437 2205 1479 2243 in
1510 2204 1590 2243 hoc
1620 2215 1773 2256 genere
1805 2201 2021 2252 accidunt,

261 2274 308 2310 ut
346 2274 388 2310 et
426 2266 665 2309 coniectura
706 2270 747 2306 et
787 2263 1026 2306 definitione
1058 2267 1258 2306 utendum
1290 2267 1353 2308 sit.
1414 2266 1483 2305 Sin
1516 2264 1629 2306 aliud
1661 2278 1828 2321 quoque
1858 2265 2026 2321 aliquod

262 2345 394 2387 genus
423 2331 599 2378 incidet,
634 2329 722 2369 eius
755 2329 919 2382 generis
948 2333 1172 2382 praecepta
1202 2327 1346 2368 licebit
1374 2328 1456 2368 huc
1484 2329 1574 2381 pari
1605 2329 1765 2369 ratione
1786 2329 2026 2370 transferre.

261 2397 366 2435 Nam
397 2390 627 2434 accusatori
658 2391 838 2431 maxime
871 2395 933 2431 est
964 2392 1005 2431 in
1035 2392 1116 2432 hoc
1146 2389 1470 2439 elaborandum,
1522 2396 1567 2431 ut
1607 2390 1648 2431 id
1686 2391 1822 2446 ipsum
1849 2389 2024 2440 factum,

263 2461 438 2510 propter
466 2457 578 2511 quod
609 2453 686 2494 sibi
717 2467 812 2494 16115
845 2453 1016 2495 concedi
1046 2459 1165 2508 putat
1195 2458 1414 2508 oportere,
1463 2466 1586 2508 quam
1627 2453 1816 2508 plurimis
1846 2452 2027 2494 infirmet

215 2531 250 2558 ³⁵
265 2520 511 2560 rationibus.
576 2518 697 2566 Quod
734 2515 853 2557 facile
896 2522 979 2564 est,
1026 2517 1060 2556 si
1101 2530 1225 2571 quam
1264 2516 1453 2572 plurimis
1489 2516 1851 2558 constitutionibus
1881 2530 2028 2570 aggre-

267 2581 404 2623 dietur
432 2581 475 2621 id
505 2581 756 2634 improbare.
816 2581 882 2622 75.
924 2581 1016 2634 Ipsa
1048 2585 1186 2620 autem
1219 2581 1476 2635 comparatio
1507 2585 1696 2633 separata
1726 2593 1749 2620 a
1779 2580 1927 2620 ceteris
1957 2592 2028 2634 ge-

264 2645 436 2686 neribus
476 2643 854 2684 controversiarum
896 2643 953 2682 sic
993 2657 1046 2683 ex
1085 2656 1159 2684 sua
1194 2641 1235 2683 vi
1275 2643 1627 2689 considerabitur,
1677 2640 1712 2683 si
1741 2640 1866 2688 illud,
1914 2643 2027 2697 quod

266 2704 596 2760 comparabitur,
643 2710 712 2746 aut
755 2719 838 2746 non
878 2704 1098 2746 honestum
1143 2710 1212 2746 aut
1251 2719 1337 2745 non
1375 2704 1474 2746 utile
1514 2709 1585 2745 aut
1621 2717 1706 2745 non
1745 2705 2027 2745 necessarium

265 2771 394 2811 fuisse
425 2774 495 2810 aut
524 2782 609 2809 non
639 2773 753 2809 tanto
786 2781 911 2821 opere
941 2767 1041 2808 utile
1073 2772 1142 2808 aut
1171 2780 1256 2808 11011
1288 2773 1401 2809 131110
1432 2781 1559 2821 opere
1590 2769 1811 2808 honestum
1841 2772 1911 2808 aut
1940 2780 2026 2808 non

217 2844 253 2870 [ιο
268 2838 380 2874 131110
411 2845 538 2887 opere
570 2831 851 2872 necessarium
880 2829 1006 2872 fuisse
1038 2828 1405 2871 demonstrabitur.
1466 2828 1625 2871 Deinde
1666 2834 1833 2884 oportet
1860 2843 2027 2871 accusa-

361 2998 394 3030 5.
425 3001 457 3029 et
482 3005 524 3029 ex
549 2997 632 3029 Ern.
662 3005 801 3036 operae.
833 3012 870 3018 --
899 2995 953 3028 13.
979 2997 1148 3036 perissent
1173 3001 1224 3029 ter
1248 2996 1364 3027 PAR:
1404 2994 1587 3035 periissent
1612 2994 1654 3026 E.
1687 3009 1722 3015 —
1764 2993 1820 3026 14.
1846 2997 1928 3025 sunt
1954 3001 2023 3024 om.

268 3045 326 3077 ΡΑ
353 3046 495 3084 aliique.
524 3045 688 3085 Agnoscit
707 3044 748 3075 V.
767 3058 809 3065 —
836 3043 892 3074 17.
922 3044 1102 3075 concedere
1125 3043 1276 3075 hostibus
1301 3041 1413 3074 PAR:
1439 3042 1592 3073 hostibus
1618 3041 1799 3073 concedere
1825 3040 1867 3071 E.
1896 3056 1937 3062 —
1964 3039 2024 3070 20.

268 3093 338 3122 suis
364 3091 536 3123 Grevenb.
566 3092 703 3124 Oxonn.
731 3096 823 3123 tres:
851 3091 904 3121 his
930 3090 1064 3122 PARE.
1095 3106 1132 3112 —
1163 3091 1319 3121 adhiberi
1345 3097 1433 3121 corr.
1462 3088 1500 3121 P.
1528 3105 1572 3109 —
1603 3088 1660 3120 29.
1684 3087 1880 3127 praeceptis
1905 3086 2026 3127 defini-

269 3139 375 3169 tionis
399 3138 514 3170 PAR:
542 3138 750 3180 definitionis
770 3138 967 3177 praeceptis
994 3137 1033 3167 E.
1071 3154 1108 3159 —
1152 3136 1209 3168 30.
1249 3138 1329 3168 haec
1353 3152 1366 3157 -
1392 3154 1403 3159 -
1429 3136 1595 3167 accidunt
1620 3134 1711 3167 PAR
1738 3135 1916 3173 ceterique
1945 3132 2023 3165 libri

269 3186 363 3216 noti:
407 3185 467 3214 hoc
490 3201 504 3206 -
527 3199 541 3205 -
566 3186 693 3217 accidit
718 3185 768 3222 E,
813 3188 851 3215 ut
877 3188 928 3215 est
954 3182 1024 3215 scre
1050 3181 1088 3223 §.
1116 3183 1173 3214 93.
1235 3184 1303 3215 Sed
1343 3183 1376 3214 h.
1412 3182 1434 3213 l.
1472 3183 1611 3221 pluralis
1643 3182 1792 3214 refertur
1827 3180 1868 3211 ad
1895 3180 2024 3219 duplex

268 3231 354 3262 illud
381 3235 412 3261 et
436 3232 632 3262 coniectura
654 3235 685 3263 ec
711 3231 922 3273 definitione.
952 3230 1018 3261 011.
1047 3247 1088 3253 —--
1129 3232 1165 3261 in
1188 3238 1308 3271 yenere
1334 3227 1418 3270 (om.
1445 3227 1521 3267 hoc)
1555 3229 1724 3260 Lambino
1751 3231 1891 3258 auctore
1919 3225 2022 3258 Grut.

270 3278 313 3311 E.
343 3293 381 3299 —
409 3276 466 3307 34.
492 3282 587 3315 putet
612 3278 682 3309 ΡΑ.
711 3277 810 3310 Leid.
839 3277 886 3308 ΙΙ.
917 3294 956 3299 -
984 3278 1040 3309 35.
1069 3278 1287 3318 aqqredietur
1312 3276 1426 3308 PAR:
1454 3276 1661 3318 aqqreditur
1684 3276 1724 3307 E.
1753 3291 1791 3297 --
1835 3273 1891 3305 39.
1917 3274 2024 3314 fuisse

272 3328 390 3356 contra
416 3323 519 3354 libros
546 3328 712 3362 expunxit
745 3326 937 3356 Ernestius.
978 3342 1022 3346 —
1061 3324 1119 3356 40.
1156 3324 1452 3356 demonstrabitur
1487 3333 1555 3357 om.
1583 3324 1613 3355 R
1648 3327 1683 3357 et
1715 3330 1766 3363 pr.
1806 3320 1834 3353 P
1868 3319 2021 3362 aliique3

270 3372 528 3404 demonstratur
552 3373 594 3402 Α.
622 3371 680 3412 (Ut
706 3381 792 3411 nos,
821 3379 909 3403 corr.
938 3371 996 3409 P.)
