2117 3762
658 294 755 333 LlB.
789 292 860 332 111.
923 293 967 334 C.
1001 294 1066 333 51.
1098 294 1162 334 52.
1195 294 1262 334 53.
1748 298 1826 338 333

79 399 308 441 habendam
341 402 505 451 putant,
537 397 608 437 sed
641 397 763 437 etiam
783 427 794 444 ,
837 402 880 437 ut
911 412 1002 439 cum
1036 404 1247 440 venustate
1278 403 1550 448 moveantur3
1598 400 1655 440 sic
1688 402 1825 441 verbis

79 459 247 516 quidem
278 459 327 501 ad
359 465 494 515 aptam
525 458 867 513 compositionem
898 466 936 500 et
966 459 1215 509 decentiam,
1259 462 1470 503 sententiis
1511 475 1609 503 vero
1649 464 1699 502 ad
1738 475 1828 515 gra·

78 524 246 564 vitatem
285 522 483 563 orationis
524 526 662 562 utatur
701 518 760 574 [ut
790 520 840 567 ii,
886 522 956 576 qui
994 523 1033 563 in
1064 537 1271 565 armorum
1306 526 1547 565 tractatione
1579 524 1825 579 versantur].

80 587 176 626 201.
219 587 468 626 Formantur
505 589 641 623 autem
683 589 723 622 ct
761 585 887 623 verba
933 589 973 623 et
1013 587 1238 627 sententiae
1286 600 1414 639 paene
1455 585 1822 634 innumerabiliter,

79 649 191 703 quod
223 647 319 688 satis
349 648 434 687 scio
466 651 608 686 notum
640 658 729 685 esse
761 646 905 693 vobis3
953 648 1023 687 scd
1056 648 1164 689 inter
1193 649 1564 690 conformationem
1607 647 1860 690 verboruim

81 716 121 750 et
152 709 447 751 sententiarum
479 709 556 748 boc
588 708 781 754 interest,
815 707 926 762 quod
955 707 1177 750 verborum
1203 709 1378 758 tollitur,
1411 712 1442 751 si
1477 713 1603 752 verba
1634 711 1827 760 mutaris;

80 771 375 813 sententiarum
415 777 648 825 permanet,
697 770 1008 826 quibuscunque
1054 770 1189 812 verbis
1231 773 1288 813 uti
1330 773 1442 814 velis.
1502 773 1622 822 Quod
1664 773 1830 829 quidem

80 848 153 876 vos
191 834 266 875 etsi
307 832 459 879 facitis,
506 839 642 874 tamen
685 833 966 874 admonendos
997 839 1126 887 puto,
1175 848 1225 874 nc
1263 835 1361 888 quid
1393 850 1483 876 esse
1516 836 1623 877 aliud
1655 837 1832 877 oratoris

80 897 249 951 putetis,
280 897 390 950 quod
420 896 586 950 quidem
620 897 670 936 sit
692 896 902 950 egregium
927 901 1049 949 atque
1073 894 1283 943 mirabile,
1316 897 1393 937 nisi
1425 897 1465 938 in
1495 897 1662 949 singulis
1693 899 1831 940 verbis

80 957 148 998 illa
178 956 254 998 tria
287 963 447 1003 tenere,
479 963 523 998 ut
554 957 755 998 translatis
787 964 948 999 utamur
979 957 1218 1012 frequenter
1249 957 1534 1014 interdumque
1566 960 1704 1009 sactis,
1739 974 1881 1001 rareio

80 1025 216 1061 autem
247 1020 369 1059 etiam
402 1019 659 1073 pervetustis.
731 1022 775 1060 In
807 1026 1008 1075 perpetua
1037 1026 1175 1061 autem
1206 1020 1393 1061 oratione
1413 1052 1423 1068 ‚
1471 1036 1563 1062 eum
1596 1028 1636 1062 et
1665 1023 1833 1064 coniun-

81 1081 228 1124 ctionis
258 1081 469 1123 lenitatem
501 1088 541 1122 et
570 1096 861 1130 numerorum,
896 1095 1019 1136 quam
1050 1081 1161 1130 dixi,
1196 1083 1398 1123 rationem
1432 1086 1710 1133 tenuerimus,
1746 1091 1830 1126 tum

80 1151 144 1187 est
182 1145 299 1199 quasi
338 1143 561 1185 luminibus
603 1144 892 1199 distinguenda
931 1152 971 1186 et
1011 1144 1309 1200 frequentanda
1340 1147 1473 1187 omnis
1504 1148 1638 1188 oratio
1670 1152 1834 1188 senten-

81 1207 233 1249 tiarum
264 1212 386 1262 atque
416 1205 656 1248 verborum.
719 1209 826 1248 LIII.
859 1209 953 1248 202.
984 1209 1087 1248 Nam
1119 1212 1159 1248 et
1188 1209 1459 1249 commoratio
1489 1222 1570 1250 una
1601 1209 1642 1250 in
1672 1223 1718 1251 re
1741 1223 1834 1263 per-

79 1271 255 1311 multum
300 1275 440 1311 movet
485 1275 526 1311 et
570 1270 740 1311 illustris
785 1269 1019 1324 explanatio
1058 1284 1302 1324 rerumque,
1350 1270 1463 1325 quasi
1494 1277 1710 1325 gerantur,
1756 1274 1880 1314 subiz

81 1333 321 1386 adspectum
352 1345 482 1386 paene
514 1333 736 1381 subiectio;
771 1345 876 1386 quae
908 1337 949 1372 et
978 1333 1018 1372 in
1050 1332 1294 1387 exponenda
1325 1347 1371 1374 re
1402 1332 1624 1388 plurimum
1656 1334 1763 1376 valet
1793 1341 1835 1375 et

81 1393 132 1435 ad
163 1392 451 1434 illustrandum
483 1393 546 1442 id,
580 1396 693 1449 quod
724 1394 969 1449 exponitur,
1020 1399 1060 1435 et
1090 1393 1142 1436 ad
1172 1394 1524 1450 amplificandum;
1571 1402 1617 1438 ut
1646 1397 1717 1445 iis,
1763 1397 1834 1452 qui

81 1454 268 1502 audient,
301 1455 423 1502 illud,
456 1457 567 1510 quod
598 1455 862 1510 augebimus,
897 1463 1094 1510 quantum
1125 1455 1291 1498 efficere
1314 1460 1447 1499 oratio
1469 1458 1643 1513 poterit,
1676 1463 1834 1500 tantum

82 1532 174 1560 esse
205 1519 418 1567 videatur;
467 1525 507 1559 et
543 1520 638 1560 huic
678 1520 883 1560 contraria
920 1532 1044 1575 saepe
1075 1521 1288 1573 percursio
1320 1526 1382 1561 est
1411 1526 1452 1562 et
1483 1522 1574 1576 plus
1605 1523 1654 1562 ad
1685 1520 1835 1561 intelli-

82 1582 285 1635 gendum,
319 1595 439 1634 quam
471 1580 649 1629 dixeris,
681 1580 925 1635 significatio
956 1588 995 1623 et
1024 1581 1215 1624 distincte
1246 1585 1411 1624 concisa
1442 1581 1619 1624 brevitas
1650 1588 1690 1624 et
1721 1588 1836 1624 exte-
1849 1603 1885 1627 20

81 1644 224 1684 nuatio
269 1649 309 1684 et
353 1645 450 1684 huic
487 1645 678 1686 adiuncta
715 1645 852 1685 illusio
892 1658 913 1685 a
954 1647 1183 1700 praeceptis
1224 1647 1410 1687 Caesaris
1451 1662 1534 1688 non
1572 1646 1832 1696 abhorrens;

82 1707 178 1746 203.
219 1711 259 1746 et
288 1705 339 1747 ab
370 1720 416 1747 re
447 1707 668 1760 digressio,
714 1708 756 1747 in
787 1720 867 1762 qua
897 1719 988 1748 cum
1019 1706 1143 1749 fuerit
1182 1708 1427 1758 delectatio,
1475 1715 1559 1750 tum
1590 1709 1748 1750 reditus
1779 1712 1833 1750 ad

82 1781 170 1809 rem
202 1774 320 1824 aptus
351 1774 392 1810 et
420 1771 645 1811 concinnus
676 1783 765 1811 esse
797 1768 983 1819 debebit;
1029 1771 1368 1826 propositioque,
1413 1773 1509 1827 quid
1542 1773 1596 1813 sis
1627 1771 1832 1820 dicturus,

83 1836 124 1871 et
153 1833 203 1871 ab
235 1844 307 1878 eo,
341 1830 452 1886 quod
483 1837 546 1872 est
575 1832 751 1879 dictum,
783 1831 983 1872 seiunctio
1017 1839 1057 1873 et
1086 1832 1242 1874 reditus
1273 1836 1322 1874 ad
1354 1834 1613 1888 propositum
1645 1839 1686 1875 et
1715 1833 1836 1874 itcra-

82 1894 141 1934 tio
172 1898 213 1934 et
243 1894 414 1934 rationis
444 1899 538 1948 apta
569 1894 802 1943 conclusio;
852 1899 935 1934 tum
974 1895 1151 1949 augendi
1191 1895 1455 1937 minuendive
1492 1909 1614 1937 causa
1651 1897 1835 1937 veritatis
1849 1913 1884 1937 25

82 1956 309 2008 superlatio
348 1961 471 2009 atque
512 1956 722 2006 traiectio;
769 1961 811 1997 et
839 1958 999 2010 rogatio
1031 1963 1154 2013 atque
1185 1959 1281 1999 huic
1310 1957 1483 1999 finitima
1513 1958 1628 2012 quasi
1660 1971 1834 2012 percon-

81 2016 182 2058 tatio
215 2017 502 2073 expositioque
531 2018 757 2059 sententiae
789 2032 910 2069 suae;
946 2025 1031 2060 tum
1062 2019 1156 2068 illa,
1191 2034 1297 2074 quae
1329 2020 1510 2062 maxime
1541 2022 1657 2074 quasi
1689 2019 1836 2073 irrepit

82 2078 125 2120 in
153 2080 369 2122 hominum
398 2086 576 2128 mentes,
615 2080 694 2122 alia
724 2081 895 2122 dicentis
926 2095 972 2122 ac
1003 2082 1270 2136 significantis
1300 2082 1595 2134 dissimulatio;
1643 2097 1747 2138 quae
1778 2088 1838 2124 cst

82 2141 361 2198 periucunda,
413 2156 504 2184 cum
542 2143 584 2184 in
624 2142 812 2185 oratione
850 2157 934 2185 non
973 2144 1237 2185 contentione
1275 2144 1348 2186 sed
1387 2158 1579 2186 sermone
1620 2150 1833 2196 tractatum

85 2204 235 2246 deinde
266 2203 488 2254 dubitatio,
520 2210 605 2246 tum
636 2205 896 2254 distributio,
929 2211 1015 2248 tum
1046 2208 1251 2249 correctio
1282 2209 1348 2250 vel
1380 2213 1471 2249 ante
1502 2209 1569 2249 vel
1590 2214 1685 2262 post
1715 2222 1836 2264 quam
1852 2223 1886 2249 so

86 2266 241 2310 dixeris
269 2267 332 2309 vel
365 2281 457 2309 cum
487 2267 642 2323 aliquid
671 2282 693 2309 a
725 2274 765 2310 te
804 2268 896 2321 ipso
934 2268 1120 2320 reiicias3
1172 2271 1265 2313 204.
1303 2269 1580 2325 praemunitio
1618 2269 1739 2312 etiam
1777 2276 1837 2312 est

86 2332 136 2370 ad
166 2327 227 2378 id,
261 2328 374 2384 quod
403 2330 670 2385 aggrediare,
711 2335 753 2372 et
781 2330 967 2372 traiectio
998 2331 1040 2373 in
1070 2331 1220 2383 alium;
1267 2332 1607 2382 communicatio,
1639 2347 1745 2389 quae
1776 2338 1838 2375 est

88 2390 206 2446 quasi
234 2405 328 2434 cum
357 2393 407 2434 iis
437 2392 560 2448 ipsis,
593 2391 701 2448 apud
731 2406 835 2447 quos
868 2394 999 2442 dicas,
1032 2394 1305 2446 deliberati0;
1339 2409 1502 2439 morum
1532 2410 1579 2438 ac
1609 2396 1717 2438 vitae
1748 2395 1841 2437 imi-

86 2453 185 2496 tatio
216 2455 282 2497 vel
311 2453 352 2496 in
381 2456 570 2511 personis
598 2455 667 2498 vel
696 2457 783 2496 sine
812 2455 915 2505 illis,
966 2469 1159 2511 magnum
1190 2460 1398 2515 quoddam
1429 2464 1717 2502 ornamentum
1747 2471 1839 2500 ora-

180 2626 213 2658 1.
238 2630 362 2666 putent
379 2625 422 2658 R.
448 2642 482 2648 —
510 2626 560 2657 sic
577 2625 689 2657 verbis
707 2640 720 2647 ·
736 2629 889 2658 —utatur
913 2635 981 2659 orn.
1003 2626 1075 2666 ΑΒ,
1096 2627 1137 2660 R.
1159 2644 1200 2651 —-
1226 2626 1260 2660 3.
1287 2631 1326 2660 ut
1350 2629 1376 2661 ii
1402 2646 1414 2652 -
1438 2645 1450 2652 —
1475 2626 1674 2669 versantur]
1702 2627 1840 2660 Habent

89 2671 175 2706 haec
193 2673 265 2711 AB,
286 2674 338 2710 R:
369 2672 496 2705 delevit.
514 2673 724 2711 Lambinus,
753 2673 952 2708 Schutzius,
983 2674 1139 2712 Ellendt;
1167 2675 1309 2708 seclusit
1326 2676 1517 2709 Ernestius.
1546 2676 1611 2708 Pro
1638 2677 1664 2706 ii
1687 2676 1715 2706 Α
1732 2677 1784 2712 is,
1812 2674 1839 2704 B

90 2719 153 2751 his.
180 2736 223 2742 —
247 2720 281 2751 ιἰ.
309 2724 425 2751 autem
450 2721 555 2751 etiam
581 2723 610 2750 et
637 2720 678 2750 R.
708 2737 746 2742 -
771 2721 1070 2752 innumerabiliter
1095 2721 1121 2752 B
1149 2722 1302 2761 altique:
1328 2723 1596 2754 innumerabiles
1621 2722 1690 2753 RE.
1729 2721 1791 2754 (De
1810 2721 1840 2751 Α

92 2774 160 2797 non
187 2765 327 2806 liquet.)
354 2783 394 2788 —
437 2766 470 2798 5.
498 2766 616 2798 vobis:
652 2767 743 2797 inter
767 2776 852 2808 quos
877 2767 937 2799 hoc
963 2768 1127 2800 interest.-
1166 2769 1225 2800 sed
1247 2771 1339 2800 inter
1364 2769 1672 2809 conformationem
1697 2767 1768 2799 AB.
1798 2781 1840 2789 —-

91 2811 124 2843 6.
153 2812 215 2845 hoc
238 2813 382 2844 interest
407 2821 476 2844 om.
503 2813 537 2844 h.
565 2814 587 2844 1.
616 2813 685 2844 AB.
716 2829 759 2833 —
784 2814 817 2845 9.
843 2822 886 2845 ne
910 2815 1054 2855 sinqulis
1077 2814 1149 2846 ΑΒ.
1179 2832 1216 2838 --
1246 2816 1302 2847 12.
1331 2816 1501 2847 levitatem
1528 2816 1596 2847 BR.
1625 2816 1687 2854 (De
1714 2814 1742 2845 A
1770 2821 1840 2845 non

91 2857 230 2899 liquet.)
252 2874 290 2881 -
316 2859 374 2890 13.
401 2861 516 2892 oratio
541 2859 599 2891 AB
627 2861 779 2899 aliique:
806 2861 902 2891 ratio
920 2861 992 2892 RE.
1018 2876 1052 2882 -
1082 2861 1139 2892 15.
1166 2870 1282 2894 rerum
1301 2871 1451 2903 quaeque
1469 2866 1634 2902 {serantur
1652 2862 1698 2900 B,
1724 2868 1841 2892 rerum

92 2907 193 2947 quasi
216 2910 384 2947 gerantur
410 2905 453 2936 R.
482 2923 521 2928 —
549 2906 605 2937 16.
634 2910 773 2945 aspectu
799 2906 841 2937 R.
872 2923 911 2929 —
950 2906 1066 2938 valent
1091 2907 1139 2939 ad
1165 2908 1202 2938 B.
1244 2925 1284 2931 —
1324 2909 1378 2940 18.
1407 2908 1616 2949 aayebamus
1644 2908 1682 2938 R.
1712 2924 1751 2930 —
1780 2906 1838 2939 19.

91 2953 266 2993 percussio
290 2951 349 2983 AB
366 2975 374 2990 ‚
410 2954 580 2992 praecisio
605 2961 682 2984 cum
708 2953 876 2985 Ascensio
901 2953 1096 2985 Schutzius.
1124 2954 1166 2985 Ut
1192 2963 1278 2993 nos,
1315 2955 1357 2986 R.
1387 2970 1426 2977 -·
1470 2959 1517 2986 est
1544 2952 1585 2994 et]
1611 2957 1673 2985 stet
1698 2953 1769 2984 ΑΒ.
1799 2969 1841 2976 -

92 3000 150 3031 20.
177 2999 304 3031 dixerit
330 2998 370 3029 R.
402 3015 438 3020 —
466 3000 642 3031 distinctio
667 3000 738 3031 ΑΒ.
770 3016 807 3022 -
837 3004 868 3031 ec
894 3004 972 3032 ante
1001 3002 1200 3032 extenuatio
1227 3011 1296 3033 om.
1316 3002 1355 3032 B.
1385 3017 1424 3022 —
1454 3001 1511 3031 21.
1541 3000 1687 3032 inclusio
1706 2999 1776 3030 ΑΒ.
1799 3015 1838 3023 -

92 3047 150 3078 22.
179 3045 347 3087 diqressio
372 3042 430 3074 ΑΒ
456 3046 608 3086 aliique:
635 3055 705 3077 non
729 3047 834 3087 lonqa
858 3047 1023 3087 diqressio
1050 3046 1100 3082 R,
1127 3047 1234 3089 lonqa
1258 3048 1425 3088 diqressio
1453 3047 1494 3078 E.
1525 3063 1560 3069 —
1590 3046 1645 3077 23.
1673 3046 1718 3078 sit
1736 3048 1777 3077 Α.
1801 3060 1839 3068 -

93 3093 149 3125 25.
178 3091 350 3124 orationis
375 3090 417 3121 R.
445 3107 485 3115 —
507 3093 686 3124 minuendi
713 3092 752 3124 A.
780 3109 822 3114 —
856 3093 914 3125 26.
941 3092 1131 3133 superlatio
1156 3110 1169 3116 -
1193 3111 1206 3116 -
1231 3091 1480 3133 eoepositioque]
1521 3093 1842 3134 suprascriptioquo

95 3139 219 3172 mediis
245 3139 379 3170 omissis
408 3137 446 3168 B.
476 3153 515 3161 -
541 3139 695 3178 rogatio]
721 3139 814 3170 ratio
840 3140 882 3171 Α.
911 3156 951 3161 -
979 3145 1010 3170 et
1035 3139 1113 3170 huic
1139 3139 1181 3171 R.
1211 3157 1250 3163 ——
1273 3140 1513 3179 percunctatio
1534 3140 1572 3170 Ε.
1600 3154 1642 3160 —-
1667 3139 1724 3171 28.
1751 3147 1841 3180 quae

95 3190 144 3219 est
168 3203 182 3209 -
206 3202 221 3208 -
247 3187 422 3217 tractatur
449 3193 517 3216 om.
544 3185 628 3219 ΑΒ,
666 3186 806 3217 seclusit
841 3186 1031 3218 Ernestius.
1063 3201 1099 3207 —
1138 3186 1196 3218 29.
1222 3194 1294 3217 non
1317 3187 1355 3216 in
1379 3187 1596 3218 contentione
1620 3185 1662 3217 R.
1699 3202 1738 3209 —
1780 3186 1838 3217 30.

95 3233 268 3273 correptio
286 3232 357 3262 ΑΒ.
378 3246 422 3252 -
448 3231 504 3262 31.
533 3240 556 3262 a
581 3235 614 3262 te
638 3232 771 3271 aliquid
789 3232 831 3263 R.
862 3250 901 3256 —
927 3234 1002 3273 ipso
1020 3231 1046 3262 Α
1066 3232 1196 3273 aliique
1212 3256 1221 3270 ‚
1249 3233 1299 3263 R:
1327 3233 1397 3272 ipse
1417 3232 1456 3262 E.
1484 3230 1550 3270 (De
1571 3233 1596 3263 B
1614 3241 1681 3264 non
1700 3233 1844 3273 liquet.)

100 3296 137 3303 —
163 3279 396 3320 praemonitio
414 3277 456 3308 R.
478 3294 518 3300 —
544 3277 650 3309 etiam
675 3281 722 3308 est
749 3278 857 3310 Codd.
885 3279 953 3311 ah:
984 3283 1014 3309 et
1040 3282 1086 3309 est
1106 3279 1155 3318 R,
1183 3283 1232 3310 est
1258 3279 1361 3309 etiam
1380 3278 1420 3309 E.
1445 3277 1512 3311 (De
1539 3279 1597 3310 ΑΒ
1617 3288 1684 3311 non
1704 3276 1841 3319 liquet.)

98 3325 155 3358 32.
181 3326 320 3358 reiectio
347 3335 364 3358 e
391 3323 499 3357 Codd.
527 3323 685 3355 omnibus
711 3324 854 3364 Quintil.
883 3326 916 3364 9,
944 3326 977 3361 1,
1005 3324 1061 3355 30.
1089 3329 1123 3357 et
1148 3329 1313 3366 quattuor
1339 3324 1419 3364 Lag.
1448 3324 1489 3356 T.
1517 3323 1573 3367 (Ut.
1597 3334 1673 3365 nos,
1700 3327 1771 3365 ΑΒ,
1796 3326 1838 3363 R,

99 3375 133 3406 et
157 3373 294 3406 reiectio
320 3377 432 3405 ortum
458 3369 594 3405 videtur
619 3379 637 3403 e
663 3371 892 3410 praecedente
918 3372 1084 3409 reiicias.)
1112 3388 1149 3395 ——
1178 3372 1234 3404 33.
1265 3369 1320 3412 ac]
1347 3376 1378 3406 et
1405 3371 1448 3402 R.
