2117 3762
252 252 331 291 276
952 252 1019 290 DE
1052 252 1297 293 ORATORE

501 359 582 397 Isca
615 358 782 396 mulier?
817 355 940 394 Uoeor.
1003 356 1157 396 Similis
1186 359 1333 398 medius
1358 358 1490 410 fidius.

253 426 313 461 et:
503 419 701 468 Quamdiu
730 417 779 455 ad
808 429 933 468 aquas
958 418 1056 468 suit,
1088 430 1287 470 uunquam
1316 426 1371 460 est
1401 426 1611 459 emortuus.

249 513 430 553 LXVIII.
463 514 598 553 Genus
620 511 704 549 hoc·
721 507 852 549 levius
874 513 936 554 et,
971 514 1014 548 ut
1042 507 1149 555 dixi,
1183 511 1414 561 mimicum;
1446 513 1516 552 scd
1551 510 1674 551 habet
1702 524 1997 568 nonnunquam

247 574 402 629 aliquid
442 575 564 614 etiam
607 573 715 623 apud
756 584 832 610 nos
870 569 971 615 loci,
1014 576 1057 609 ut
1097 570 1160 610 vel
1200 585 1283 612 non
1315 574 1458 614 stultus
1490 574 1605 628 quasi
1637 572 1758 615 stulte
1792 587 1885 614 cum
1915 577 1999 615 sale

217 635 353 677 ⁵dicat
381 634 560 690 aliqui];
607 638 653 672 ut
683 631 780 679 tihi,
819 632 993 679 Antoni,
1027 632 1207 679 Mancia,
1240 648 1331 674 cum
1362 637 1545 675 audisset
1577 641 1613 675 te
1645 648 1859 676 censorem
1889 649 1912 676 a
1941 638 1996 677 M.

246 699 432 738 Duronio
463 696 513 737 de
544 693 701 735 ambitu
732 694 1008 748 postulatum,
1057 694 1378 748 Aliquando,
1420 696 1572 751 inquit,
1617 695 1711 737 tibi
1743 704 1881 740 tuum
1915 712 2002 739 ne-

246 759 436 811 gotium
467 771 626 810 agere
658 756 865 797 licebit.
927 759 1023 796 275.
1058 755 1186 798 Valde
1218 760 1317 797 haec
1346 757 1534 799 ridentur
1566 764 1606 799 et
1637 760 1804 801 hercule
1837 762 1999 806 omnia,

244 834 347 875 quae
370 834 392 860 a
413 820 686 873 prudentibus
701 817 826 873 ‘quasi
846 831 919 871 per
940 817 1309 859 dissimulationem
1335 817 1431 872 [non
1451 820 1716 875 intelligendi]
1742 820 2000 863 subabsurde

242 884 430 936 salseque
461 881 670 922 dicuntur.
732 883 794 920 Ex
823 893 907 935 quo
939 893 1090 933 genere
1121 885 1183 921 est
1212 882 1334 922 etiam
1365 894 1447 922 non
1478 882 1607 923 videri
1636 883 1867 937 intelligere
1888 886 2000 939 quod

196 943 460 998 wintelligas,
508 948 550 984 ut
597 942 828 989 Pontidius,
879 942 1101 991 Qualem
1147 944 1459 990 existimas,
1507 946 1593 998 qui
1632 946 1681 985 in
1724 945 1998 987 adulterio

240 1004 620 1060 deprenditur?
653 1034 704 1039 --
754 1004 1006 1054 Tardum3
1059 1010 1102 1045 ut
1143 1018 1242 1059 ego,
1290 1005 1361 1059 qui
1401 1005 1442 1045 in
1481 1006 1640 1047 delectu
1671 1007 1860 1054 Metello,
1907 1020 2000 1048 cum

240 1068 549 1109 excusationem
594 1067 812 1108 oculorum
850 1081 873 1107 a
913 1082 978 1107 me
1017 1081 1099 1108 non
1144 1069 1351 1121 acciperet
1389 1073 1430 1108 et
1469 1068 1662 1115 dixisset,
1712 1073 1786 1110 Tu
1829 1069 2001 1123 igitur

238 1130 373 1171 nihil
403 1130 582 1171 vides?
630 1132 724 1173 276.
754 1132 862 1183 Ego
894 1143 1040 1177 vero,
1075 1131 1268 1185 inquam,
1300 1144 1320 1170 a
1354 1136 1509 1184 porta
1538 1131 1813 1184 Esquilina
1844 1133 2000 1173 video

237 1193 417 1234 villam
448 1198 610 1240 tuam3
656 1197 701 1232 ut
732 1191 835 1233 illud
865 1192 1062 1240 Nasicae,
1111 1192 1182 1247 qui
1213 1206 1305 1233 cum
1337 1191 1387 1233 ad
1417 1198 1583 1247 poetam
1614 1193 1790 1234 Ennium
1820 1193 2000 1235 venisset

189 1264 222 1287 ¹⁵
239 1257 360 1311 eique
411 1254 462 1296 ab
524 1254 629 1295 ostio
685 1254 901 1308 quaerenti
955 1254 1134 1295 Ennium
1182 1254 1329 1295 ancilla
1380 1254 1553 1295 dixisset
1598 1253 1711 1295 domi
1754 1270 1838 1296 non
1880 1269 1996 1303 esse,

236 1320 383 1359 Nasica
415 1317 542 1358 sensit
570 1316 684 1357 illam
714 1315 868 1356 domini
905 1317 1019 1357 iussu
1049 1316 1202 1356 dixisse
1233 1321 1274 1356 et
1302 1316 1416 1357 illum
1439 1318 1545 1357 intus
1569 1330 1674 1357 esse.
1736 1318 1881 1358 Paucis
1901 1324 1998 1371 post

237 1380 383 1421 diebus
428 1393 522 1420 cum
567 1380 618 1419 ad
662 1378 849 1419 Nasicam
892 1379 1073 1418 venisset
1114 1379 1272 1419 Ennius
1314 1384 1354 1419 et
1394 1392 1488 1419 eum
1527 1392 1549 1418 a
1590 1378 1712 1419 ianua
1757 1386 1998 1434 quaereret,

236 1442 437 1482 exclamat
466 1440 615 1481 Nasica
645 1454 688 1481 se
720 1439 833 1480 domi
872 1454 954 1480 non
993 1453 1100 1481 esse.
1162 1444 1267 1481 Tum
1308 1442 1488 1489 Ennius,
1542 1440 1705 1489 Quid,
1755 1455 1853 1495 ego
1899 1455 1998 1483 non

236 1516 519 1558 cognosco,
550 1497 708 1557 inquit,
741 1516 917 1543 vocem
948 1505 1118 1544 tuam?
1148 1502 1224 1543 Hic
1241 1502 1396 1550 Nasica,
1431 1504 1595 1543 Homo
1627 1517 1679 1543 es
1711 1505 2000 1558 impudens,

186 1568 338 1619 20Ego
369 1578 481 1607 cum
512 1570 560 1605 te
591 1578 932 1619 quaererem,
979 1564 1214 1605 ancillae
1245 1569 1364 1606 tuae
1398 1564 1616 1606 credidi
1645 1571 1694 1606 te
1725 1567 1867 1606 domi
1896 1578 1998 1607 non

235 1641 373 1674 esse,
403 1633 455 1668 tu
486 1626 610 1667 mihi
641 1641 748 1667 non
779 1626 957 1667 credis
991 1628 1127 1680 ipsi?

345 1693 440 1730 277.
488 1693 560 1731 Est
597 1688 750 1730 bellum
791 1689 891 1730 illud
922 1702 1115 1744 quoque,
1164 1703 1216 1729 ex
1247 1702 1329 1744 quo
1359 1689 1413 1735 is,
1454 1688 1525 1744 qui
1556 1688 1684 1737 dixit,
1725 1688 1925 1730 irridetur
1953 1689 1997 1730 in

233 1767 283 1793 eo
314 1752 403 1808 ipso
436 1766 614 1806 genere,
650 1765 732 1806 quo
764 1751 884 1801 dixit;
925 1757 995 1800 ut,
1041 1766 1135 1792 cum
1167 1753 1217 1801 Q.
1243 1751 1433 1804 Opimius
1466 1751 1715 1799 consularis,
1757 1753 1827 1807 qui
1857 1751 1998 1792 adole-

232 1815 440 1856 scentulus
471 1813 575 1855 male
606 1814 811 1862 audisset,
844 1813 993 1855 festivo
1024 1814 1183 1855 homini
1202 1814 1359 1868 Egilio,
1392 1814 1462 1867 qui
1484 1813 1696 1854 videretur
1724 1813 1891 1855 mollior
1920 1827 1998 1854 nec

184 1884 218 1907 2⁵
235 1884 360 1925 esset,
395 1876 583 1923 dixisset,
618 1875 751 1925 Quid
781 1882 851 1923 tu,
883 1876 1058 1930 Egilia
1089 1880 1224 1917 mea?
1267 1877 1488 1924 Quando
1519 1877 1580 1916 ad
1611 1890 1683 1917 me
1713 1876 1857 1917 venis
1890 1889 1998 1917 cum

234 1945 321 1979 tua
366 1940 483 1978 colu
523 1943 572 1978 et
609 1938 757 1978 lana?
802 1962 856 1968 -—
905 1942 1011 1979 Non
1050 1939 1164 1993 pol,
1210 1938 1365 1993 inquit,
1416 1939 1599 1979 audeo.
1660 1940 1778 1979 Nam
1819 1950 1896 1978 me
1934 1940 1995 1978 ad

235 2000 460 2042 famosas
491 2000 659 2040 vetuit
698 2006 864 2041 mater
902 2000 1174 2041 accedere.
1237 2001 1386 2040 LXIX.
1420 2001 1516 2040 278.
1571 1999 1685 2040 Salsa
1715 2004 1809 2040 sunt
1839 2000 1992 2047 etiam,

231 2076 336 2117 quae
368 2063 521 2102 habent
551 2061 828 2115 suspicionem
859 2061 1022 2103 ridiculi
1054 2061 1354 2108 absconditam,
1398 2075 1480 2115 quo
1512 2062 1554 2100 in
1586 2074 1740 2114 genere
1772 2067 1834 2102 est
1865 2061 1995 2102 Siculi

232 2124 355 2171 illud,
388 2125 478 2171 cui,
512 2137 606 2165 cnm
635 2123 847 2165 familiaris
879 2124 1046 2179 quidam
1069 2129 1336 2180 quereretur,
1369 2123 1480 2178 quod
1500 2123 1659 2164 diceret
1679 2137 1857 2164 uxorem
1878 2137 1995 2165 suam

184 2186 496 2241 sosuspendisse
518 2199 561 2226 se
583 2186 633 2228 de
655 2185 758 2234 ficu,
792 2189 985 2227 Amabo
1016 2192 1085 2234 te,
1117 2187 1269 2242 inquit,
1302 2187 1361 2226 da
1392 2185 1513 2226 mihi
1546 2187 1742 2226 exista
1775 2188 1994 2234 arbore,

232 2261 362 2304 quos
407 2262 576 2289 seram
623 2249 887 2289 surculos.
948 2250 995 2289 In
1035 2248 1183 2290 eodem
1221 2261 1372 2302 genere
1411 2252 1490 2293 est,
1542 2246 1653 2302 quod
1689 2248 1857 2306 Catulus
1888 2247 1995 2289 dixit

231 2310 395 2351 cuidam
426 2311 583 2351 oratori
614 2310 742 2360 malo;
775 2310 845 2366 qui
875 2324 968 2352 cum
999 2311 1041 2351 in
1073 2310 1238 2365 epilogo
1267 2308 1601 2350 misericordiam
1632 2322 1675 2350 se
1705 2310 1885 2351 movisse
1915 2324 1993 2363 pu-

231 2378 363 2420 taret,
410 2378 629 2428 postquam
660 2373 832 2420 assedit,
879 2374 1040 2427 rogavit
1070 2375 1203 2421 hunc,
1249 2371 1515 2412 videreturne
1546 2371 1875 2413 misericordiam
1903 2385 1993 2413 mo-

232 2436 360 2475 visse:
410 2436 475 2475 Ac
505 2448 732 2488 magnam
761 2434 1001 2490 quidem,
1043 2435 1198 2489 inquit;
1248 2433 1513 2475 neminem
1553 2433 1688 2474 enim
1718 2438 1846 2487 puto
1877 2446 1993 2474 esse

183 2502 332 2537 ³⁵tam
363 2497 567 2542 durum,
613 2496 695 2537 cui
726 2510 828 2538 non
858 2498 1028 2538 oratio
1059 2502 1145 2538 tua
1174 2495 1474 2538 miseranda
1503 2496 1615 2536 visa
1645 2496 1732 2536 sit.
1793 2497 1888 2536 279.
1924 2497 1991 2537 Me

231 2559 398 2614 quidem
428 2557 597 2599 hercule
628 2561 750 2599 etiam
780 2559 851 2600 illa
879 2559 998 2600 valde
1029 2565 1199 2600 movent
1235 2559 1496 2599 stomachosa
1527 2562 1568 2597 et
1597 2556 1714 2611 quasi
1743 2558 1990 2608 submorosa

231 2619 425 2668 ridicula,
471 2634 556 2661 non
594 2634 687 2661 cum
717 2635 740 2662 a
770 2635 937 2662 moroso
970 2621 1183 2671 dicuntur;
1234 2626 1321 2661 tum
1361 2619 1472 2660 enim
1511 2632 1595 2660 non
1632 2618 1691 2659 sal
1729 2621 1802 2660 sed
1843 2623 1989 2660 natura

230 2682 403 2726 ridetur.
462 2684 508 2723 In
538 2696 644 2736 quo,
679 2688 724 2724 ut
753 2684 853 2724 mihi
883 2684 1073 2731 videtur,
1106 2682 1337 2738 persalsum
1366 2681 1467 2723 illud
1497 2685 1557 2722 est
1587 2679 1697 2735 apud
1725 2680 1930 2723 Novium:

792 2765 896 2814 Quid
917 2765 1058 2816 ploras
1078 2766 1227 2816 pater?
1254 2787 1308 2793 —-

183 2845 216 2869 40
453 2827 605 2868 Mirum
632 2827 676 2867 Μ’
705 2832 870 2867 cautem.
932 2827 1216 2867 Coudemuacus
1244 2839 1344 2866 sum.

324 2941 357 2971 1.
388 2940 498 2971 Uxori
522 2941 562 2972 B.
594 2956 630 2962 —
673 2940 707 2971 2.
736 2943 768 2972 et
794 2948 863 2972 orn.
890 2940 929 2973 B.
957 2956 1000 2961 -
1043 2945 1220 2972 emortuus
1246 2938 1457 2971 Lambinus:
1496 2942 1656 2970 mortuus
1679 2938 1782 2970 BRE.
1809 2953 1852 2960 —
1891 2937 1925 2970 3.
1955 2942 1990 2970 et

234 2994 301 3016 om.
330 2987 371 3017 R.
401 3003 441 3008 —
479 2986 513 3018 [ι.
540 2988 608 3018 ioci
630 2987 671 3018 B.
702 3002 739 3009 —
781 2986 816 3018 8.
844 2987 907 3018 Vv.
933 2996 1004 3018 uon
1027 2987 1246 3026 intelliyendi
1271 2986 1432 3017 Ernestio
1458 2989 1600 3017 auctore
1627 2985 1843 3016 seclusimus.
1870 3001 1913 3007 —
1935 2984 1988 3015 in-

234 3031 342 3071 telligi
359 3032 400 3065 B.
419 3049 463 3053 —
489 3034 545 3065 11.
574 3033 805 3072 deprenditur
826 3032 936 3065 Codd.
963 3034 1031 3065 ah:
1060 3033 1323 3072 deprehenditur
1340 3031 1445 3063 BRE.
1466 3048 1504 3054 —-
1535 3031 1692 3062 Tardum
1710 3032 1869 3063 existimo
1885 3030 1927 3061 R.
1946 3046 1984 3053 —

235 3076 355 3108 dilecto
382 3080 457 3114 (sic)
484 3080 524 3110 B.
553 3095 593 3102 —
632 3079 687 3111 13.
715 3080 906 3120 Exquilina
931 3080 973 3110 R.
1000 3097 1056 3111 --.
1080 3079 1138 3111 19.
1164 3081 1299 3120 iuquit,
1334 3086 1447 3109 vocem
1475 3076 1585 3109 Codd.
1614 3078 1683 3109 aL:
1711 3086 1850 3114 vocem,
1875 3077 1988 3115 ‘nquit

234 3123 309 3154 RE.
348 3122 488 3161 (Vocem
511 3135 582 3157 nou
607 3135 757 3167 ayanco
783 3124 861 3166 (sic)
886 3126 1003 3167 inquit
1028 3126 1150 3158 cuam?
1175 3126 1224 3164 B,
1250 3132 1402 3165 quocum
1438 3132 1520 3156 sane
1551 3126 1667 3156 malim
1701 3131 1863 3165 agnosco.
1899 3120 1985 3163 On.)

237 3185 276 3191 -
305 3169 362 3200 28.
390 3169 497 3201 Siculi
519 3172 606 3203 illud
631 3173 745 3204 Codd.
772 3173 843 3204 aL:
881 3173 971 3204 illud
995 3173 1103 3204 Siculi
1127 3172 1198 3203 RE.
1236 3188 1272 3194 —
1314 3171 1371 3202 30.
1399 3171 1440 3201 de
1463 3172 1531 3202 ista
1558 3171 1612 3209 R,
1640 3178 1682 3201 ea:
1706 3178 1746 3202 ea
1770 3177 1846 3200 cum
1873 3167 1984 3201 Codd.

234 3215 279 3246 al.
307 3215 348 3245 T.
386 3231 424 3237 —
460 3216 517 3248 31.
543 3219 599 3250 lca
623 3220 660 3250 in
685 3220 725 3250 R.
763 3234 795 3240 —
840 3218 897 3250 36.
935 3220 1041 3251 etiam
1064 3219 1128 3251 illa
1152 3218 1251 3250 valde
1276 3218 1303 3249 B
1328 3217 1481 3258 aliique:
1520 3217 1621 3249 valde
1652 3216 1718 3248 illa
1746 3213 1830 3255 (om.
1867 3214 1988 3255 etiam)

234 3261 307 3292 RE.
333 3277 377 3282 —
402 3260 459 3292 37.
485 3272 555 3295 uon
580 3274 656 3298 cum
680 3265 707 3296 Β
733 3267 932 3303 ceterique,
959 3266 1008 3297 R:
1046 3273 1122 3297 cum
1144 3274 1215 3296 uon
1239 3265 1266 3296 E
1292 3266 1383 3297 coni.
1417 3280 1461 3285 —
1498 3263 1554 3295 38.
1591 3263 1739 3295 Novium
1765 3261 1874 3294 Codd.
1912 3261 1982 3292 ab:

235 3308 399 3339 Naevium
423 3308 523 3339 BRE.
559 3327 594 3333 -—
624 3311 680 3342 40.
707 3312 839 3345 Mirum
863 3310 912 3352 Μ’]
938 3314 986 3345 mi
1008 3321 1090 3345 nam
1114 3311 1156 3343 R·
