2117 3762
708 301 809 342 LIB.
842 301 873 342 1.
933 301 974 343 C.
1007 302 1072 342 50.
1105 303 1172 344 51.
1207 303 1274 344 52.
1578 363 1582 367 .
1788 304 1864 345 123

113 414 195 456 est,
225 414 447 464 propterea
480 405 592 464 quod
622 419 670 448 ea
699 407 878 448 maxime
908 409 1031 450 vitam
1063 406 1223 451 beatam
1256 405 1403 458 efficit;
1436 411 1506 449 aut
1535 407 1568 448 si
1599 405 1783 455 infirma,
1823 412 1867 449 ut

112 472 278 515 Plautus
298 504 308 521 ,

335 547 515 588 Amicum
546 546 740 597 castiqare
770 545 814 585 ob
844 547 1025 586 meritam
1053 548 1239 594 nooeiam,

335 612 511 649 Immune
541 613 595 647 est
620 608 806 660 facum-s:
839 621 970 648 rerum
1000 610 1042 649 in
1071 615 1194 649 aetate
1224 609 1317 648 utile

334 672 389 712 Et
421 670 684 716 conducibile;
714 684 807 710 nam.
837 686 903 723 eqo
933 673 1105 712 amicum.
1134 671 1246 711 hodie
1276 684 1402 712 meum
1883 682 1898 710 ς

336 733 614 786 Concastiqabo
638 746 716 785 pro
747 736 973 774 conunerila
1001 735 1155 780 noxia·

111 814 181 852 aut
221 808 387 856 eadem,
433 809 511 848 hoc
552 806 700 848 modo:
755 808 978 849 Maximum
1028 808 1180 849 malum
1225 814 1286 849 est
1325 809 1513 857 avaritia:
1566 808 1715 851 multos
1759 808 1867 851 enim

110 871 268 925 magnis
298 868 572 911 incommodis
612 869 745 910 affecit
776 871 973 925 pecuniae
1003 870 1227 926 cupiditas;
1275 877 1344 912 aut
1383 885 1527 926 parum
1570 871 1741 921 idonea,
1789 871 1869 914 hoc

110 933 259 975 modo:
301 932 526 973 Maximum
558 930 712 973 bouum
745 940 803 974 est
833 932 1040 981 amicitia;
1082 932 1284 987 plurimae
1315 933 1421 973 enim
1454 933 1745 975 delectationes
1775 939 1869 975 sunt

109 994 151 1036 in
184 994 378 1036 amicitia.
451 996 515 1034 LI.
563 996 629 1034 96.
679 996 859 1043 Quartus
899 994 1046 1036 modus
1086 1001 1173 1036 erat
1211 995 1572 1050 reprehensionis,
1628 1010 1704 1050 per
1744 1010 1867 1052 quem
1884 1009 1918 1034 ιο

109 1063 252 1099 contra
294 1058 458 1098 firmam
505 1057 901 1109 argumentationem
955 1070 1088 1112 aeque
1140 1055 1257 1098 firma
1301 1064 1370 1098 aut
1414 1058 1574 1098 tirmior
1618 1056 1863 1113 ponebatur.

109 1121 199 1161 Hoc
241 1133 369 1174 genus
407 1119 449 1160 in
492 1117 862 1160 deliberationibus
893 1119 1069 1159 maxime
1100 1118 1360 1165 versabitur,
1408 1133 1499 1160 cum
1531 1119 1710 1175 aliquid,
1754 1119 1866 1174 quod

108 1187 253 1224 contra
284 1184 468 1229 dicatur,
502 1195 677 1237 aequum
709 1195 797 1223 esse
828 1181 1118 1229 concedimus,
1153 1180 1223 1222 sed
1254 1180 1315 1228 id,
1349 1181 1459 1236 quod
1491 1196 1566 1222 nos
1598 1181 1866 1229 defendimus,

108 1244 387 1286 necessarium
419 1257 508 1285 esse
539 1243 889 1294 demonstramus;
930 1248 999 1284 aut
1029 1257 1121 1284 cum
1153 1242 1213 1289 id,
1253 1242 1363 1297 quod
1395 1243 1452 1284 illi
1484 1242 1727 1292 defendant,
1766 1244 1867 1286 utile

111 1320 201 1348 esse
233 1305 462 1356 fateamur;
509 1305 620 1362 quod
661 1320 736 1347 nos
776 1305 985 1353 dicamus,
1032 1307 1251 1346 honestum
1282 1319 1371 1346 esse
1403 1308 1749 1348 demonstremus.
1811 1310 1918 1348 Ac¹⁵

108 1367 160 1411 de
200 1369 522 1424 reprehensione
564 1367 731 1423 quidem
773 1371 873 1409 haec
914 1367 1239 1409 existimavimus
1280 1381 1372 1409 esse
1404 1366 1590 1410 dicenda.
1653 1367 1868 1425 [Deinceps

107 1445 215 1473 nunc
247 1434 297 1473 de
329 1431 595 1473 conclusione
626 1429 861 1486 ponemus.]

221 1496 289 1535 97.
324 1496 601 1548 Hermagoras
632 1493 932 1547 digressionem
963 1491 1135 1541 deiude,
1169 1497 1254 1534 tum
1286 1497 1538 1548 postremam
1560 1493 1866 1535 conclusionem

107 1558 238 1611 ponit.
301 1558 346 1597 In
393 1555 468 1597 hac
508 1562 645 1597 autem
694 1555 951 1609 digressione
990 1555 1057 1597 ille
1098 1562 1214 1612 putat
1253 1564 1448 1613 oportere
1489 1558 1692 1613 quandam
1723 1557 1868 1600 inferri

107 1619 340 1660 orationem
361 1632 384 1659 a
405 1631 526 1659 causa
546 1623 668 1671 atque
691 1632 714 1658 a
735 1618 983 1659 iudicatione
1005 1620 1093 1673 ipsa
1113 1626 1338 1667 remotam,
1371 1635 1477 1675 quae
1509 1626 1577 1662 aut
1607 1621 1671 1662 sui
1704 1621 1865 1663 laudem
1883 1630 1917 1654 ²0

107 1687 177 1723 aut
206 1680 433 1722 adversarii
464 1679 811 1735 vituperationem
843 1682 1052 1722 contineat
1081 1688 1151 1722 aut
1180 1684 1221 1722 in
1252 1682 1372 1724 aliam
1395 1697 1558 1724 causam
1583 1683 1779 1732 deducat,
1814 1699 1868 1727 ex

107 1757 187 1799 qua
208 1742 396 1784 conficiat
418 1742 572 1798 aliquid
599 1742 925 1784 confirmationis
942 1749 1011 1784 aut
1031 1743 1387 1799 reprehensionis,
1419 1759 1502 1786 non
1520 1748 1863 1800 argumentando,

107 1804 179 1848 sed
209 1805 401 1859 augendo
432 1819 509 1858 per
539 1804 742 1860 quandam
775 1805 1153 1860 amplificationem.
1216 1809 1332 1848 Hanc
1363 1807 1396 1849 si
1427 1810 1496 1863 qui
1527 1814 1686 1863 partem
1712 1809 1866 1863 putarit

107 1881 196 1910 esse
228 1867 454 1915 orationis,
488 1874 687 1923 sequatur
720 1866 1052 1922 [llermagoram]
1087 1868 1236 1910 licebit.
1296 1872 1398 1910 Nam
1431 1875 1470 1910 et
1501 1871 1677 1924 augendi
1710 1875 1751 1910 et
1779 1871 1866 1911 lau-

106 1929 232 1973 dandi
274 1936 315 1971 et
357 1930 619 1984 vituperandi
662 1935 884 1985 praecepta
915 1930 1088 1971 anobis
1119 1931 1266 1986 partim
1299 1933 1392 1972 data
1431 1937 1551 1979 sunt,
1597 1933 1744 1987 partim
1788 1946 1864 1973 suo
1879 1940 1915 1966 2⁵

104 1994 199 2034 loco
221 1994 445 2034 dabuntur.
506 1991 636 2033 Nobis
667 1998 804 2033 autem
834 2006 918 2033 non
947 1992 1080 2046 placet
1109 1995 1213 2034 hanc
1243 1999 1402 2048 partem
1434 1993 1475 2034 in
1506 2008 1678 2035 numero
1700 1995 1861 2049 reponi,

106 2057 216 2110 quod
264 2054 315 2096 de
353 2067 476 2096 causa
519 2053 679 2107 digredi
716 2054 796 2095 nisi
834 2067 908 2108 per
945 2054 1083 2096 locum
1123 2069 1386 2098 communem
1425 2056 1637 2112 displicet;
1688 2070 1770 2112 quo
1815 2058 1866 2098 de

106 2130 260 2172 genere
299 2119 506 2172 posterius
546 2122 609 2158 est
648 2118 885 2158 dicendum.
947 2119 1110 2159 Laudes
1150 2125 1287 2160 autem
1329 2125 1370 2160 et
1409 2120 1736 2174 vituperationes
1783 2132 1866 2160 non

106 2180 326 2235 separatim
357 2181 493 2234 placet
521 2180 712 2227 tractari,
748 2180 820 2220 sed
851 2180 892 2220 in
923 2180 1022 2235 ipsis
1053 2181 1480 2234 argumentationibus
1503 2196 1592 2223 esse
1626 2180 1864 2236 implicatas.

104 2245 220 2284 Nunc
251 2244 302 2284 de
334 2243 604 2284 conclusione
635 2243 836 2283 dicemus.
1879 2260 1916 2287 30

218 2306 306 2345 LII.
358 2306 426 2346 98.
480 2305 703 2345 Conclusio
750 2308 811 2345 est
864 2305 998 2346 exitus
1050 2310 1092 2345 et
1136 2307 1429 2347 determinatio
1474 2308 1600 2347 totius
1647 2308 1862 2348 orationis.

106 2369 219 2410 Haec
239 2368 367 2408 habet
395 2371 532 2421 partes
564 2372 670 2414 tres,
707 2365 1090 2416 enumerationem,
1124 2367 1474 2419 indignationem,
1506 2370 1862 2424 conquestionem.

104 2430 373 2472 Enumeratio
397 2434 482 2476 est,
516 2442 592 2483 per
623 2443 746 2484 quam
776 2443 842 2469 res
875 2429 1059 2484 disperse
1091 2435 1132 2470 et
1162 2430 1309 2471 diffuse
1341 2432 1472 2471 dictae
1502 2445 1630 2472 unum
1660 2434 1701 2473 in
1728 2433 1864 2472 locum

107 2497 315 2547 coguntur
347 2497 388 2532 et
417 2490 708 2532 reminiscendi
740 2504 861 2532 causa
892 2505 1019 2532 unum
1052 2490 1128 2532 sub
1159 2498 1373 2546 aspectum
1403 2494 1691 2535 subiiciuntur.
1751 2495 1864 2534 Ilaec

106 2555 141 2596 si
171 2567 338 2609 semper
368 2555 518 2594 eodem
551 2555 676 2594 modo
708 2553 974 2602 tractabitur,
1008 2554 1226 2609 perspicue
1258 2553 1309 2595 ab
1343 2557 1534 2596 omnibus
1565 2554 1736 2596 artifieio
1763 2569 1865 2608 quo-
1878 2570 1912 2597 3⁵

57 2640 63 2649 .
108 2617 202 2658 dam
233 2617 399 2657 tractari
431 2616 708 2670 intelligetur;
750 2616 812 2656 sin
845 2615 959 2656 varie
991 2615 1081 2664 fiet,
1115 2623 1156 2658 et
1184 2618 1292 2658 hane
1322 2619 1600 2673 suspicionem
1633 2624 1673 2658 et
1702 2617 1865 2658 satieta-

104 2683 190 2719 tem
220 2679 350 2719 vitare
380 2679 550 2733 poterit.
613 2678 751 2727 Quare
782 2682 868 2718 tum
900 2681 1110 2734 oportebit
1138 2682 1194 2721 ita
1223 2681 1386 2728 faeere,
1421 2686 1465 2722 ut
1495 2680 1679 2735 plerique
1710 2678 1864 2720 faciunt

108 2746 278 2795 propter
308 2740 567 2789 facilitatem,
603 2740 837 2794 singillatim
868 2755 992 2782 unam
1015 2757 1222 2798 quamque
1254 2757 1341 2784 rem
1363 2744 1562 2797 attingere
1585 2748 1625 2782 et
1644 2743 1696 2782 ita
1720 2756 1863 2782 omnes

109 2802 283 2844 transire
323 2801 506 2844 breviter
536 2803 938 2857 argumentationes3
988 2811 1071 2845 tum
1103 2811 1266 2852 autem,
1314 2805 1355 2846 id
1396 2807 1504 2860 quod
1545 2803 1751 2845 difficilius
1783 2810 1859 2851 est,

107 2865 270 2913 dicere,
304 2879 404 2920 quas
434 2871 572 2919 partes
605 2867 853 2921 exposueris
883 2866 925 2907 in
957 2867 1203 2921 partitione,
1238 2869 1288 2908 de
1321 2867 1470 2921 quibus
1502 2873 1538 2907 te
1570 2865 1775 2921 pollicitus
1806 2866 1861 2906 sis

199 2961 231 2991 1.
260 2960 388 3001 efficiat
412 2960 545 2993 PART.
575 2960 739 3001 (Mutavit
765 2961 791 2992 E
819 2960 927 3000 coni.)
966 2978 1004 2983 —
1048 2963 1103 2992 11.
1137 2963 1284 3001 ponitur
1309 2962 1346 2993 P.
1375 2978 1419 2982 —
1459 2962 1513 2992 12.
1553 2963 1714 2991 versatur
1750 2962 1789 2991 Α.
1822 2977 1858 2984 -

105 3006 160 3038 15.
189 3007 368 3037 honestum
395 3014 463 3039 esse
489 3009 758 3039 demonstremus
786 3007 929 3040 PART:
958 3009 1236 3040 demonstremus
1257 3017 1326 3040 esse
1351 3009 1527 3038 honestum
1556 3007 1593 3037 E.
1625 3022 1663 3029 -·
1707 3008 1761 3038 16.
1789 3009 1862 3049 qui-

106 3052 181 3084 dem
207 3054 290 3084 haec
320 3052 436 3090 ART,
465 3053 516 3084 L:
558 3055 640 3086 haec
665 3055 800 3094 quidem
825 3056 896 3086 PE.
927 3073 965 3077 —
1005 3056 1059 3086 17.
1098 3064 1190 3086 riu-nc
1223 3055 1472 3086 conclusionem
1504 3054 1610 3085 ART.
1663 3053 1861 3087 Subdiditia

105 3098 190 3131 baec.
217 3109 291 3132 esse
318 3099 480 3131 viderunt
506 3100 598 3131 Oud.
618 3124 626 3138 ‚
658 3101 769 3137 Ern.;
797 3102 865 3133 del.
895 3101 998 3137 Sch.:
1027 3111 1087 3132 nos
1113 3102 1328 3133 seclusimus.
1359 3100 1427 3130 Ct'it.
1456 3109 1484 3132 v.
1507 3099 1562 3131 30.
1588 3115 1624 3122 ——
1652 3100 1707 3131 18.
1729 3106 1862 3140 postre-

103 3142 159 3177 mb
187 3146 268 3184 AT,
293 3151 506 3186 postremum
524 3146 622 3178 Leid.
644 3147 708 3177 111.
734 3165 767 3170 —
799 3148 856 3179 23.
881 3150 1019 3188 putarit
1045 3157 1113 3179 esse
1138 3148 1254 3179 ART:
1280 3147 1420 3186 putavit
1447 3154 1517 3177 esse
1542 3147 1587 3184 P,
1610 3149 1749 3186 putarit
1777 3148 1860 3184 (om.

105 3192 189 3234 esse)
216 3193 253 3224 E.
287 3208 323 3212 —
351 3192 408 3223 ⁶24.
439 3191 698 3232 Hermayoram
723 3201 792 3223 om.
821 3194 908 3226 PAT
937 3200 970 3226 et
997 3195 1176 3234 plerique.
1207 3194 1302 3233 prob.
1332 3193 1423 3224 Oud.
1476 3192 1544 3224 Nos
1572 3193 1789 3225 seclusimus.
1820 3212 1857 3218 —

105 3238 161 3270 26.
188 3239 323 3278 placuit
349 3238 467 3270 PART
494 3243 528 3269 et.
554 3239 646 3271 Oud.
673 3247 807 3271 omnes.
862 3242 947 3273 Vide
983 3242 1064 3272 Ern.
1105 3246 1138 3271 et
1171 3239 1250 3271 Sch.
1281 3256 1320 3262 -
1353 3247 1534 3270 numerum
1559 3239 1680 3271 PART
1708 3246 1741 3272 et
1766 3240 1857 3272 Oud.

105 3293 239 3317 omnes.
291 3285 362 3316 Csr.
392 3285 434 3316 de
462 3287 589 3317 incerta
617 3286 679 3316 hac
705 3292 832 3318 constr.
863 3288 1009 3319 Criticos
1036 3286 1077 3317 ad
1098 3287 1169 3317 Cic.
1191 3287 1232 3317 N.
1254 3286 1294 3316 1).
1316 3286 1424 3322 1,15.
1453 3285 1495 3317 de
1514 3286 1589 3317 lnv.
1610 3287 1643 3323 1,
1663 3287 1720 3321 26.
1739 3288 1796 3319 39.
1817 3303 1860 3309 —-

105 3332 162 3364 29.
187 3331 386 3371 implicatas
412 3331 552 3363 PART:
579 3332 765 3370 implicitas
792 3333 829 3364 E.
871 3349 906 3356 --
946 3333 1002 3365 36.
1029 3334 1086 3376 fiet
1111 3341 1179 3364 om.
1209 3332 1348 3366 Omntb.
1378 3330 1490 3374 (prob.
1518 3331 1643 3374 Ern.);
1679 3334 1747 3366 del.
1775 3333 1857 3366 Sch-

106 3378 267 3412 Tueutur
293 3378 403 3411 Codd.
431 3381 503 3411 noti
522 3401 530 3417 ,
558 3379 661 3410 etiam
688 3381 808 3411 nostrl.
