2117 3762
242 264 325 306 398
1022 264 1221 306 BRUTUS

243 372 460 428 losophiae
490 381 700 424 nunquam
730 365 1010 408 intermissum
1041 380 1064 408 a
1092 369 1310 424 primaque
1339 368 1617 412 adolescentia
1647 371 1803 413 cultum
1833 375 1874 414 et
1899 385 2006 414 sem-

242 448 319 490 per
349 440 514 476 auctum
557 435 636 473 hoc
680 442 824 470 rursus
863 442 1025 470 summo
1067 435 1239 472 auctore
1278 438 1319 473 et
1358 434 1530 474 doctore
1567 433 1782 475 renovavi.
1842 437 2004 477 Eodem

241 503 379 539 tamen
409 502 596 550 tempore
626 491 795 534 Athenis
826 490 934 546 apud
967 491 1225 533 Demetrium
1265 495 1438 549 Syrum,
1485 500 1672 537 veterem
1703 501 1744 537 et
1774 510 1857 537 non
1887 497 2006 552 igno-

242 559 369 602 bilem
411 556 575 600 dicendi
611 555 873 607 magistrum,
917 552 1102 594 studiose
1142 557 1332 598 exerceri
1370 557 1568 599 solebam.
1627 560 1724 600 Post
1761 573 1785 600 a
1814 572 1880 600 me
1909 559 2007 601 Asia

211 628 329 664 stota
359 624 571 677 peragrata
602 623 664 658 est
694 629 787 657 cum
818 614 988 657 summis
1021 615 1191 670 quidem
1221 619 1473 668 oratoribus,
1507 619 1753 675 quibuscum
1778 623 2007 662 exercebar

241 684 341 737 ipsis
386 679 646 730 lubentibus;
694 691 875 735 quorum
919 683 1008 719 erat
1050 678 1242 733 princeps
1288 681 1509 735 Menippus
1552 683 1870 724 Stratonicensis
1911 696 2006 725 meo

241 745 397 787 iudicio
427 749 510 785 tota
540 743 637 783 Asia
666 741 747 783 illis
777 740 1040 795 temporibus
1070 739 1389 793 disertissimus3
1437 749 1498 793 et,
1530 745 1564 786 si
1598 744 1701 785 nihil
1730 744 1886 787 habere
1916 759 2008 787 mo-

239 808 452 850 lestiarum
496 819 574 847 nec
615 804 866 860 ineptiarum
905 803 1138 844 Atticorum
1176 808 1259 850 est,
1305 804 1374 844 hic
1413 811 1556 848 orator
1592 806 1634 847 in
1670 806 1751 848 illis
1791 807 2006 850 numerari

237 877 351 913 recte
381 874 532 925 potest.
593 869 690 908 316.
733 865 1024 908 Assiduissime
1066 871 1204 906 autem
1243 879 1410 907 mecum
1444 866 1522 908 fuit
1549 868 1774 925 Dionysius
1804 872 2004 923 Magnes3

189 947 224 972 ιο
241 939 328 975 erat
358 932 482 975 etiam
512 929 739 987 Aeschylus
771 928 963 978 Cnidius,
1002 929 1325 984 Adramyttenus
1354 930 1577 971 Xenocles.
1636 933 1690 973 Hi
1721 938 1807 973 tum
1838 933 1881 974 in
1911 934 2008 974 Asia

239 999 453 1038 rhetorum
484 993 696 1049 principes
726 993 1065 1034 numerabantur.
1126 991 1285 1041 Quibus
1326 1005 1411 1033 non
1441 997 1659 1035 contentus
1688 993 1880 1037 Rhodum
1910 994 2008 1037 veni

238 1073 387 1115 meque
426 1057 478 1100 ad
516 1058 721 1105 eundem,
766 1069 890 1111 quem
928 1056 1086 1095 Romae
1123 1055 1387 1102 audiveram,
1435 1052 1646 1096 Molonem
1676 1056 1880 1111 applicavi
1910 1070 2005 1098 cum

237 1128 420 1164 actorem
450 1120 493 1162 in
523 1120 633 1161 veris
663 1117 796 1160 causis
827 1116 1156 1172 scriptoremque
1186 1121 1485 1170 praestantem,
1517 1120 1605 1157 tum
1635 1117 1678 1158 in
1707 1119 1899 1161 notandis
1921 1118 2008 1160 ani-

238 1181 630 1237 madvertendisque
669 1180 780 1224 vitiis
822 1185 863 1221 et
901 1177 1156 1221 instituendo
1201 1177 1477 1232 docendoque
1517 1178 1898 1233 prudentissimum.
1968 1183 2008 1223 Is

187 1259 223 1284 1⁵
239 1247 352 1290 dedit
372 1259 544 1302 operam
563 1269 618 1275 —
638 1245 673 1285 si
693 1245 820 1284 modo
840 1244 883 1284 id
904 1241 1105 1296 consequi
1124 1241 1260 1295 potuit
1278 1264 1358 1290 -,
1396 1245 1442 1281 ut
1470 1239 1592 1282 nimis
1621 1240 1902 1286 redundantes
1931 1257 2008 1286 nos

239 1317 280 1353 et
300 1308 603 1364 superfluentes
634 1306 806 1348 iuvenili
836 1306 1012 1361 quadam
1044 1303 1209 1344 dicendi
1237 1303 1483 1359 impunitate
1505 1308 1546 1343 et
1575 1304 1742 1346 licentia
1764 1307 2010 1360 reprimeret

239 1379 279 1416 et
308 1373 426 1429 quasi
470 1376 591 1413 extra
627 1371 740 1423 ripas
783 1366 1019 1409 diffluentes
1058 1371 1287 1407 coerceret.
1348 1367 1410 1407 Ita
1439 1367 1582 1421 recepi
1613 1380 1680 1408 me
1712 1369 1883 1410 biennio
1913 1373 2009 1423 post

237 1452 324 1479 non
366 1436 493 1477 modo
538 1433 826 1478 exercitatior,
872 1429 945 1471 sed
981 1442 1116 1483 prope
1151 1434 1344 1472 mutatus.
1403 1430 1507 1469 Nam
1548 1433 1590 1469 et
1627 1433 1840 1473 contentio
1881 1431 2009 1473 nimia

237 1499 353 1541 vocis
382 1498 599 1540 resederat
629 1500 669 1536 et
699 1493 816 1550 quasi
857 1492 1094 1534 deferverat
1133 1490 1268 1533 oratio
1308 1490 1593 1547 lateribusque
1624 1492 1736 1534 vires
1767 1498 1808 1535 et
1837 1495 2008 1550 corpori

188 1573 224 1598 20
240 1562 462 1603 mediocris
492 1557 656 1600 habitus
687 1563 936 1598 accesserat.

349 1624 476 1666 XCII.
511 1623 608 1663 317.
653 1622 746 1661 Duo
776 1625 861 1660 tum
893 1620 1152 1663 excellebant
1182 1626 1392 1670 oratores,
1433 1621 1504 1677 qui
1536 1637 1602 1663 me
1632 1619 1821 1663 imitandi
1851 1618 2009 1675 cupidi-

237 1692 320 1728 tate
350 1685 591 1733 incitarent,
640 1684 756 1725 Cotta
788 1688 828 1723 et
857 1683 1131 1725 Hortensius:
1180 1697 1361 1739 quorum
1398 1685 1502 1725 alter
1530 1687 1731 1727 remissus
1760 1689 1801 1725 et
1830 1682 1934 1724 lenis
1967 1688 2008 1724 et

237 1748 417 1805 propriis
448 1746 590 1790 verbis
620 1745 982 1801 comprehendens
1012 1748 1147 1788 solute
1180 1753 1221 1787 et
1239 1747 1362 1788 facile
1385 1747 1656 1797 sententiam,
1690 1748 1795 1788 alter
1816 1750 2002 1795 ornatus,

237 1825 335 1853 acer
379 1816 421 1852 et
458 1824 543 1851 non
583 1808 697 1857 talis,
740 1807 904 1863 qualem
935 1815 979 1850 tu
1019 1823 1136 1858 eum,
1179 1812 1331 1858 Brute,
1364 1810 1445 1850 iam
1479 1808 1822 1851 deflorescentem
1852 1821 2008 1863 cogno-

186 1892 222 1918 25
238 1874 355 1923 visti,
403 1872 478 1914 sed
515 1870 741 1914 verborum
780 1877 820 1912 et
857 1871 1031 1912 actionis
1073 1886 1228 1926 genere
1271 1871 1535 1914 commotior.
1597 1874 1742 1927 Itaque
1774 1885 1868 1912 cum
1899 1872 2008 1912 Hor-

237 1938 369 1978 tensio
410 1934 514 1977 mihi
551 1935 681 1989 magis
721 1932 954 1974 arbitrabar
991 1949 1083 1976 rem
1124 1949 1236 1983 esse,
1283 1934 1396 1991 quod
1437 1940 1479 1976 et
1518 1933 1682 1976 dicendi
1713 1936 1863 1976 ardore
1894 1947 2008 1975 eram

235 2000 410 2055 propior
440 2004 481 2040 et
510 2002 643 2039 aetate
673 1995 947 2037 coniunctior.
1008 1997 1173 2038 Etenim
1203 1999 1391 2039 videram
1420 1999 1464 2038 in
1494 1997 1649 2038 eisdem
1679 1997 1834 2044 causis,
1864 2001 1910 2036 ut
1929 2009 2007 2051 pro

235 2065 291 2103 M.
320 2060 541 2109 Canuleio,
572 2073 650 2115 pro
682 2061 754 2101 Cn.
778 2056 994 2100 Dolabella
1025 2059 1255 2108 consulari,
1288 2073 1382 2101 cum
1414 2060 1533 2100 Cotta
1562 2059 1756 2115 princeps
1789 2058 2001 2100 adhibitus

237 2130 366 2174 esset,
416 2125 580 2178 priores
610 2127 749 2163 tamen
779 2133 902 2175 agere
932 2127 1072 2175 partes
1103 2124 1390 2164 Hortensium.
1450 2125 1602 2163 Acrem
1633 2123 1744 2163 enim
1775 2127 2002 2169 oratorem,

187 2205 222 2232 ³0
237 2186 451 2229 incensum
481 2191 522 2228 et
548 2189 740 2238 agentem
770 2189 812 2224 et
841 2197 1040 2225 canorum
1085 2198 1313 2227 concursus
1351 2186 1568 2226 hominum
1607 2183 1774 2239 forique
1811 2183 2007 2238 strepitus

237 2250 462 2293 desiderat.
523 2250 618 2290 318.
664 2247 796 2288 Unum
825 2246 953 2300 igitur
982 2260 1160 2296 annum,
1209 2261 1303 2289 cum
1333 2246 1585 2288 redissemus
1617 2261 1669 2288 ex
1697 2245 1820 2295 Asia,
1862 2259 2007 2288 causas

235 2316 400 2357 nobiles
441 2313 624 2366 egimus,
671 2322 767 2350 cum
808 2313 1073 2364 quaesturam
1110 2323 1208 2359 nos,
1254 2310 1514 2352 consulatum
1556 2310 1702 2358 Cotta,
1752 2309 2007 2351 aedilitatem

235 2382 398 2434 peteret
432 2373 697 2417 Hortensius.
758 2372 928 2414 Interim
966 2386 1033 2413 me
1071 2378 1336 2428 quaestorem
1379 2372 1605 2414 Siciliensis
1645 2371 1809 2427 excepit
1847 2385 2002 2422 annus;

238 2442 357 2482 Cotta
387 2453 439 2481 ex
469 2439 687 2480 consulatu
717 2441 778 2477 est
806 2434 1017 2491 profectus
1047 2437 1090 2477 in
1121 2436 1320 2486 Galliam3
1366 2435 1561 2490 princeps
1602 2440 1644 2476 et
1683 2440 1771 2476 erat
1801 2439 1842 2475 et
1870 2435 2002 2475 habe-

186 2520 222 2546 ³⁵
236 2503 359 2545 batur
388 2499 652 2544 Hortensius.
715 2499 819 2539 Cum
848 2502 986 2539 autem
1018 2512 1123 2539 anno
1154 2503 1249 2554 post
1279 2512 1333 2539 ex
1364 2497 1501 2539 Sicilia
1525 2511 1592 2538 me
1612 2496 1892 2551 recepissem,
1922 2497 2006 2538 iam

236 2567 454 2609 videbatur
482 2564 585 2606 illud
615 2563 658 2603 in
688 2575 777 2609 me,
820 2560 1022 2616 quidquid
1054 2566 1187 2610 esset,
1234 2574 1324 2602 esse
1353 2559 1585 2616 perfectum
1617 2565 1658 2601 et
1686 2561 1845 2601 habere
1874 2564 2007 2601 matu-

235 2632 402 2671 ritatem
432 2626 637 2684 quandam
667 2637 799 2665 suam.
861 2624 992 2665 Nimis
1035 2624 1163 2665 multa
1202 2622 1352 2664 videor
1390 2622 1442 2664 de
1483 2636 1570 2671 me,
1615 2624 1706 2678 ipse
1734 2623 2003 2677 praesertim;

236 2695 310 2736 sed
341 2691 454 2735 omni
483 2690 579 2731 huic
610 2687 792 2729 sermoni
823 2687 1081 2741 propositum
1113 2691 1191 2733 est,
1226 2699 1311 2727 non
1332 2691 1378 2727 ut
1402 2684 1615 2740 ingenium
1647 2690 1688 2725 et
1718 2685 2002 2741 eloquentiam

236 2770 373 2798 meam
417 2751 665 2808 perspicias,
712 2747 821 2791 unde
861 2748 985 2802 longe
1028 2751 1196 2797 absum,
1242 2749 1315 2790 sed
1355 2753 1400 2790 ut
1435 2748 1622 2789 laborem
1662 2752 1703 2788 et
1739 2748 2002 2789 industriam.

190 2832 223 2859 40
238 2821 334 2860 319.
369 2817 473 2858 Cum
502 2816 631 2869 igitur
659 2826 792 2855 essem
822 2811 864 2852 in
895 2811 1085 2866 plurimis
1116 2812 1250 2852 causis
1278 2817 1319 2852 et
1337 2810 1380 2852 in
1401 2808 1658 2866 principibus
1679 2811 1864 2865 patronis
1885 2811 2004 2865 quin-

238 2879 466 2937 quennium
494 2876 584 2919 fere
612 2881 823 2923 versatus,
856 2879 942 2915 tum
972 2875 1015 2915 in
1045 2874 1278 2929 patrocinio
1301 2873 1506 2915 Siciliensi
1526 2872 1707 2915 maxime
1727 2874 1770 2914 in
1790 2878 2002 2914 certamen

237 2944 334 2987 veni
364 2941 602 2996 designatus
631 2938 777 2980 aedilis
808 2951 901 2978 cum
939 2935 1154 2991 designato
1193 2937 1363 2978 consule
1403 2937 1645 2976 Hortensio.
1704 2936 1852 2977 XCIII.
1898 2936 2002 2984 Sed,

239 3005 435 3062 quoniam
474 3004 608 3046 omnis
646 3003 712 3044 hic
743 3013 882 3042 sermo
912 3006 1054 3042 noster
1083 3014 1167 3041 non
1196 2999 1332 3041 solum
1363 2998 1724 3040 enumerationem
1754 2997 1998 3047 oratoriam,

336 3126 369 3157 3.
398 3125 538 3166 Syrium
562 3123 644 3157 Var.
672 3125 707 3155 in
735 3132 801 3163 mg.
830 3123 997 3163 Repetitt.
1023 3122 1144 3154 Lamb.
1173 3137 1214 3144 —
1242 3120 1298 3152 17.
1326 3119 1541 3163 diffluentem
1564 3121 1608 3152 1).
1636 3121 1696 3162 Lg.
1725 3121 1898 3162 plerique,
1930 3118 1997 3151 Gu.

243 3173 277 3205 1.
305 3173 338 3204 2.
367 3173 490 3204 Dresd.
520 3172 607 3204 Edd.
638 3171 827 3210 pleraeque
865 3174 944 3202 ante
971 3169 1121 3210 Hei-vag.
1163 3174 1196 3201 ct
1220 3168 1316 3200 Man.
1355 3167 1547 3207 (Pluralem
1574 3169 1743 3207 praebent
1767 3168 1827 3208 Lg.
1855 3167 1911 3198 20.
1939 3166 1997 3197 35.

242 3219 303 3251 39.
329 3218 386 3250 53.
415 3219 471 3250 68.
499 3219 587 3250 Ven.
616 3219 649 3250 1.
678 3215 738 3259 R.)
764 3232 808 3238 —
835 3216 892 3249 19.
921 3217 1096 3248 resederat
1120 3214 1269 3248 Lamb.:
1309 3215 1482 3247 reciderat
1507 3224 1587 3246 cum
1615 3215 1711 3246 libris
1738 3214 1779 3246 E.
1816 3230 1857 3236 —
1890 3211 2000 3252 defer-

240 3269 341 3298 verat
363 3264 563 3297 Manutius:
599 3266 791 3307 referverat
818 3271 896 3295 cum
923 3263 1016 3295 libris
1043 3263 1085 3294 E.
1114 3277 1156 3285 —
1198 3262 1355 3301 corporis
1382 3262 1460 3293 libri
1486 3266 1625 3301 praeter
1650 3262 1692 3293 D.
1720 3259 1837 3293 Ottob.
1866 3258 1934 3291 Gu.
1963 3260 1996 3292 1.

240 3314 277 3345 2.
297 3311 423 3345 Drcsd.
450 3311 494 3342 Ut
511 3320 586 3350 nos,
615 3313 683 3344 iam
701 3311 811 3342 Aldus
837 3318 944 3350 nepos
972 3315 1005 3343 et
1030 3309 1113 3342 Ern.
1144 3317 1184 3342 ex
1210 3308 1302 3340 coni.
1321 3324 1363 3330 —
1389 3308 1446 3342 35.
1475 3316 1518 3341 ex
1541 3308 1602 3350 Lg.
1623 3316 1773 3347 novem,
1799 3305 1917 3339 ottob.
1944 3306 1996 3339 R:

245 3368 263 3393 e
288 3367 367 3393 cum
391 3357 466 3390 aliis
493 3358 534 3390 E.
563 3373 601 3381 —
628 3356 687 3393 43.
714 3361 900 3391 oratorum
924 3356 1078 3390 Corrado
1104 3360 1246 3390 auctore
1271 3354 1395 3388 Lamb.
