<?xml version="1.0" encoding="UTF-8"?>
<!DOCTYPE html PUBLIC "-//W3C//DTD XHTML 1.0 Transitional//EN"
    "http://www.w3.org/TR/xhtml1/DTD/xhtml1-transitional.dtd">
<html xmlns="http://www.w3.org/1999/xhtml" xml:lang="en" lang="en">
 <head>
  <title>
</title>
<meta http-equiv="Content-Type" content="text/html;charset=utf-8" />
  <meta name='ocr-system' content='tesseract 3.04.00' />
  <meta name='ocr-capabilities' content='ocr_page ocr_carea ocr_par ocr_line ocrx_word'/>
</head>
<body>
  <div class='ocr_page' id='page_1' title='image "./operaquaesupersu01ciceuoft_0464.png"; bbox 0 0 2117 3762; ppageno 0'>
   <div class='ocr_carea' id='block_1_1' title="bbox 261 190 1234 245">
    <p class='ocr_par' dir='ltr' id='par_1_1' title="bbox 261 190 1234 245">
     <span class='ocr_line' id='line_1_1' title="bbox 261 190 1234 245; baseline 0.004 -15"><span class='ocrx_word' id='word_1_1' title='bbox 261 204 288 245; x_wconf 68' lang='grc'>4</span> <span class='ocrx_word' id='word_1_2' title='bbox 292 204 344 245; x_wconf 82' lang='lat'>52</span> <span class='ocrx_word' id='word_1_3' title='bbox 1021 190 1234 234; x_wconf 88' lang='lat' dir='ltr'>ORATOR</span> 
     </span>
    </p>
   </div>
   <div class='ocr_carea' id='block_1_2' title="bbox 206 296 2024 2859">
    <p class='ocr_par' dir='ltr' id='par_1_2' title="bbox 260 296 2006 544">
     <span class='ocr_line' id='line_1_2' title="bbox 371 296 2002 351; baseline -0.007 -2"><span class='ocrx_word' id='word_1_4' title='bbox 371 306 553 348; x_wconf 83' lang='lat' dir='ltr'>LXVlll.</span> <span class='ocrx_word' id='word_1_5' title='bbox 586 304 679 346; x_wconf 86' lang='grc'><strong>227,</strong></span> <span class='ocrx_word' id='word_1_6' title='bbox 711 299 820 341; x_wconf 92' lang='lat' dir='ltr'>Nihil</span> <span class='ocrx_word' id='word_1_7' title='bbox 843 297 950 339; x_wconf 92' lang='lat' dir='ltr'>enim</span> <span class='ocrx_word' id='word_1_8' title='bbox 973 302 1034 339; x_wconf 92' lang='lat' dir='ltr'>est</span> <span class='ocrx_word' id='word_1_9' title='bbox 1054 297 1185 345; x_wconf 89' lang='lat' dir='ltr'>aliud,</span> <span class='ocrx_word' id='word_1_10' title='bbox 1217 300 1366 346; x_wconf 93' lang='lat' dir='ltr'>Brute,</span> <span class='ocrx_word' id='word_1_11' title='bbox 1383 320 1437 327; x_wconf 93' lang='lat'><strong>—</strong></span> <span class='ocrx_word' id='word_1_12' title='bbox 1452 297 1562 351; x_wconf 91' lang='lat' dir='ltr'>quod</span> <span class='ocrx_word' id='word_1_13' title='bbox 1582 296 1750 350; x_wconf 91' lang='lat' dir='ltr'>quidem</span> <span class='ocrx_word' id='word_1_14' title='bbox 1770 300 1813 338; x_wconf 89' lang='lat' dir='ltr'>tu</span> <span class='ocrx_word' id='word_1_15' title='bbox 1834 297 2002 338; x_wconf 91' lang='lat' dir='ltr'>minime</span> 
     </span>
     <span class='ocr_line' id='line_1_3' title="bbox 261 357 2005 422; baseline -0.009 -8"><span class='ocrx_word' id='word_1_16' title='bbox 261 370 445 414; x_wconf 89' lang='lat' dir='ltr'>omnium</span> <span class='ocrx_word' id='word_1_17' title='bbox 466 370 641 422; x_wconf 88' lang='lat' dir='ltr'>ignoras,</span> <span class='ocrx_word' id='word_1_18' title='bbox 655 387 708 395; x_wconf 89' lang='lat'>—</span> <span class='ocrx_word' id='word_1_19' title='bbox 724 361 894 416; x_wconf 83' lang='lat' dir='ltr'>pulchre</span> <span class='ocrx_word' id='word_1_20' title='bbox 912 366 950 402; x_wconf 90' lang='lat' dir='ltr'>ct</span> <span class='ocrx_word' id='word_1_21' title='bbox 968 361 1148 401; x_wconf 88' lang='lat' dir='ltr'>oratorie</span> <span class='ocrx_word' id='word_1_22' title='bbox 1169 361 1306 402; x_wconf 84' lang='lat' dir='ltr'>dicere</span> <span class='ocrx_word' id='word_1_23' title='bbox 1326 359 1404 400; x_wconf 90' lang='lat' dir='ltr'>nisi</span> <span class='ocrx_word' id='word_1_24' title='bbox 1426 357 1591 414; x_wconf 91' lang='lat' dir='ltr'>optimis</span> <span class='ocrx_word' id='word_1_25' title='bbox 1613 358 1826 399; x_wconf 85' lang='lat' dir='ltr'>sententiis</span> <span class='ocrx_word' id='word_1_26' title='bbox 1845 360 2005 400; x_wconf 86' lang='lat' dir='ltr'>verbis-</span> 
     </span>
     <span class='ocr_line' id='line_1_4' title="bbox 261 418 2005 488; baseline -0.008 -13"><span class='ocrx_word' id='word_1_27' title='bbox 261 448 341 488; x_wconf 85' lang='lat' dir='ltr'>que</span> <span class='ocrx_word' id='word_1_28' title='bbox 371 428 597 474; x_wconf 74' lang='lat' dir='ltr'>lectissimis</span> <span class='ocrx_word' id='word_1_29' title='bbox 627 426 774 468; x_wconf 81' lang='lat' dir='ltr'>dicere.</span> <span class='ocrx_word' id='word_1_30' title='bbox 830 426 882 464; x_wconf 90' lang='lat' dir='ltr'>Et</span> <span class='ocrx_word' id='word_1_31' title='bbox 909 436 985 464; x_wconf 91' lang='lat' dir='ltr'>nec</span> <span class='ocrx_word' id='word_1_32' title='bbox 1015 423 1215 464; x_wconf 88' lang='lat' dir='ltr'>sententia</span> <span class='ocrx_word' id='word_1_33' title='bbox 1250 421 1332 463; x_wconf 93' lang='lat' dir='ltr'>ulla</span> <span class='ocrx_word' id='word_1_34' title='bbox 1369 426 1452 469; x_wconf 89' lang='lat' dir='ltr'>est,</span> <span class='ocrx_word' id='word_1_35' title='bbox 1503 433 1608 474; x_wconf 86' lang='lat' dir='ltr'>quae</span> <span class='ocrx_word' id='word_1_36' title='bbox 1638 418 1816 461; x_wconf 84' lang='lat' dir='ltr'>fructum</span> <span class='ocrx_word' id='word_1_37' title='bbox 1850 420 2005 462; x_wconf 88' lang='lat' dir='ltr'>oratori</span> 
     </span>
     <span class='ocr_line' id='line_1_5' title="bbox 260 482 2006 544; baseline -0.009 -7"><span class='ocrx_word' id='word_1_38' title='bbox 260 498 391 543; x_wconf 84' lang='lat' dir='ltr'>ferat,</span> <span class='ocrx_word' id='word_1_39' title='bbox 439 491 515 534; x_wconf 89' lang='lat' dir='ltr'>nisi</span> <span class='ocrx_word' id='word_1_40' title='bbox 546 495 637 544; x_wconf 85' lang='lat' dir='ltr'>apte</span> <span class='ocrx_word' id='word_1_41' title='bbox 669 486 859 540; x_wconf 87' lang='lat' dir='ltr'>exposita</span> <span class='ocrx_word' id='word_1_42' title='bbox 890 491 1011 540; x_wconf 90' lang='lat' dir='ltr'>atque</span> <span class='ocrx_word' id='word_1_43' title='bbox 1042 482 1255 532; x_wconf 88' lang='lat' dir='ltr'>absolute,</span> <span class='ocrx_word' id='word_1_44' title='bbox 1307 497 1383 525; x_wconf 90' lang='lat' dir='ltr'>nec</span> <span class='ocrx_word' id='word_1_45' title='bbox 1412 484 1635 525; x_wconf 84' lang='lat' dir='ltr'>verborum</span> <span class='ocrx_word' id='word_1_46' title='bbox 1668 482 1807 524; x_wconf 88' lang='lat' dir='ltr'>lumen</span> <span class='ocrx_word' id='word_1_47' title='bbox 1837 487 2006 538; x_wconf 89' lang='lat' dir='ltr'>apparet</span> 
     </span>
    </p>

    <p class='ocr_par' dir='ltr' id='par_1_3' title="bbox 206 544 2024 2859">
     <span class='ocr_line' id='line_1_6' title="bbox 231 544 2006 608; baseline -0.006 -12"><span class='ocrx_word' id='word_1_48' title='bbox 231 571 246 596; x_wconf 84' lang='lat'>⁵</span> <span class='ocrx_word' id='word_1_49' title='bbox 261 558 338 599; x_wconf 93' lang='lat' dir='ltr'>nisi</span> <span class='ocrx_word' id='word_1_50' title='bbox 359 556 573 608; x_wconf 84' lang='lat' dir='ltr'>diligenter</span> <span class='ocrx_word' id='word_1_51' title='bbox 595 551 911 596; x_wconf 84' lang='lat' dir='ltr'>collocatorum,</span> <span class='ocrx_word' id='word_1_52' title='bbox 942 553 982 589; x_wconf 91' lang='lat' dir='ltr'>et</span> <span class='ocrx_word' id='word_1_53' title='bbox 1001 548 1151 587; x_wconf 90' lang='lat' dir='ltr'>horum</span> <span class='ocrx_word' id='word_1_54' title='bbox 1173 551 1393 601; x_wconf 90' lang='lat' dir='ltr'>utrumque</span> <span class='ocrx_word' id='word_1_55' title='bbox 1412 559 1611 587; x_wconf 89' lang='lat' dir='ltr'>numerus</span> <span class='ocrx_word' id='word_1_56' title='bbox 1632 544 1828 595; x_wconf 89' lang='lat' dir='ltr'>illustrat;</span> <span class='ocrx_word' id='word_1_57' title='bbox 1859 558 2006 585; x_wconf 90' lang='lat' dir='ltr'>nume-</span> 
     </span>
     <span class='ocr_line' id='line_1_7' title="bbox 260 606 2008 666; baseline -0.007 -6"><span class='ocrx_word' id='word_1_58' title='bbox 260 634 330 662; x_wconf 88' lang='lat' dir='ltr'>rus</span> <span class='ocrx_word' id='word_1_59' title='bbox 352 623 484 659; x_wconf 87' lang='lat' dir='ltr'>autem</span> <span class='ocrx_word' id='word_1_60' title='bbox 515 636 566 643; x_wconf 88' lang='lat'><em>—</em></span> <span class='ocrx_word' id='word_1_61' title='bbox 584 626 705 666; x_wconf 84' lang='lat' dir='ltr'>saepe</span> <span class='ocrx_word' id='word_1_62' title='bbox 730 612 837 652; x_wconf 89' lang='lat' dir='ltr'>enim</span> <span class='ocrx_word' id='word_1_63' title='bbox 866 610 943 651; x_wconf 92' lang='lat' dir='ltr'>hoc</span> <span class='ocrx_word' id='word_1_64' title='bbox 963 607 1194 650; x_wconf 81' lang='lat' dir='ltr'>testandum</span> <span class='ocrx_word' id='word_1_65' title='bbox 1215 613 1276 649; x_wconf 86' lang='lat' dir='ltr'>est</span> <span class='ocrx_word' id='word_1_66' title='bbox 1297 631 1351 638; x_wconf 90' lang='lat'>—</span> <span class='ocrx_word' id='word_1_67' title='bbox 1372 621 1455 649; x_wconf 89' lang='lat' dir='ltr'>non</span> <span class='ocrx_word' id='word_1_68' title='bbox 1483 607 1606 649; x_wconf 88' lang='lat' dir='ltr'>modo</span> <span class='ocrx_word' id='word_1_69' title='bbox 1630 622 1712 648; x_wconf 91' lang='lat' dir='ltr'>non</span> <span class='ocrx_word' id='word_1_70' title='bbox 1733 608 1894 663; x_wconf 84' lang='lat' dir='ltr'>po&#39;e&#39;tice</span> <span class='ocrx_word' id='word_1_71' title='bbox 1915 606 2008 648; x_wconf 91' lang='lat' dir='ltr'>iun-</span> 
     </span>
     <span class='ocr_line' id='line_1_8' title="bbox 260 669 2006 727; baseline -0.006 -5"><span class='ocrx_word' id='word_1_72' title='bbox 260 688 366 727; x_wconf 91' lang='lat' dir='ltr'>ctus,</span> <span class='ocrx_word' id='word_1_73' title='bbox 396 690 538 720; x_wconf 84' lang='lat' dir='ltr'>verum</span> <span class='ocrx_word' id='word_1_74' title='bbox 573 675 694 716; x_wconf 90' lang='lat' dir='ltr'>ctiam</span> <span class='ocrx_word' id='word_1_75' title='bbox 725 673 887 727; x_wconf 81' lang='lat' dir='ltr'>fugiens</span> <span class='ocrx_word' id='word_1_76' title='bbox 917 671 1031 713; x_wconf 93' lang='lat' dir='ltr'>illum</span> <span class='ocrx_word' id='word_1_77' title='bbox 1063 669 1185 725; x_wconf 92' lang='lat' dir='ltr'>eique</span> <span class='ocrx_word' id='word_1_78' title='bbox 1222 670 1407 711; x_wconf 90' lang='lat' dir='ltr'>omnium</span> <span class='ocrx_word' id='word_1_79' title='bbox 1438 669 1757 720; x_wconf 85' lang='lat' dir='ltr'>dissimillimus3</span> <span class='ocrx_word' id='word_1_80' title='bbox 1791 683 1874 711; x_wconf 93' lang='lat' dir='ltr'>non</span> <span class='ocrx_word' id='word_1_81' title='bbox 1906 670 2006 724; x_wconf 90' lang='lat' dir='ltr'>quin</span> 
     </span>
     <span class='ocr_line' id='line_1_9' title="bbox 258 732 2005 785; baseline -0.007 -1"><span class='ocrx_word' id='word_1_82' title='bbox 258 742 381 785; x_wconf 89' lang='lat' dir='ltr'>iidem</span> <span class='ocrx_word' id='word_1_83' title='bbox 422 738 500 779; x_wconf 89' lang='lat' dir='ltr'>sint</span> <span class='ocrx_word' id='word_1_84' title='bbox 539 735 699 778; x_wconf 91' lang='lat' dir='ltr'>numeri</span> <span class='ocrx_word' id='word_1_85' title='bbox 739 750 822 776; x_wconf 91' lang='lat' dir='ltr'>non</span> <span class='ocrx_word' id='word_1_86' title='bbox 864 735 987 775; x_wconf 89' lang='lat' dir='ltr'>modo</span> <span class='ocrx_word' id='word_1_87' title='bbox 1034 739 1248 774; x_wconf 90' lang='lat' dir='ltr'>oratorum</span> <span class='ocrx_word' id='word_1_88' title='bbox 1290 737 1331 773; x_wconf 90' lang='lat' dir='ltr'>et</span> <span class='ocrx_word' id='word_1_89' title='bbox 1370 736 1613 785; x_wconf 68' lang='lat' dir='ltr'>poetarum,</span> <span class='ocrx_word' id='word_1_90' title='bbox 1662 747 1807 774; x_wconf 86' lang='lat' dir='ltr'>verum</span> <span class='ocrx_word' id='word_1_91' title='bbox 1839 732 2005 772; x_wconf 91' lang='lat' dir='ltr'>omnino</span> 
     </span>
     <span class='ocr_line' id='line_1_10' title="bbox 258 793 2009 857; baseline -0.006 -13"><span class='ocrx_word' id='word_1_92' title='bbox 258 800 536 857; x_wconf 86' lang='lat' dir='ltr'>loquentium,</span> <span class='ocrx_word' id='word_1_93' title='bbox 570 798 746 852; x_wconf 90' lang='lat' dir='ltr'>denique</span> <span class='ocrx_word' id='word_1_94' title='bbox 777 797 900 838; x_wconf 92' lang='lat' dir='ltr'>etiam</span> <span class='ocrx_word' id='word_1_95' title='bbox 930 794 1165 836; x_wconf 79' lang='lat' dir='ltr'>sonantium</span> <span class='ocrx_word' id='word_1_96' title='bbox 1196 796 1400 842; x_wconf 89' lang='lat' dir='ltr'>omnium,</span> <span class='ocrx_word' id='word_1_97' title='bbox 1433 808 1537 850; x_wconf 91' lang='lat' dir='ltr'>quae</span> <span class='ocrx_word' id='word_1_98' title='bbox 1564 795 1701 836; x_wconf 89' lang='lat' dir='ltr'>metiri</span> <span class='ocrx_word' id='word_1_99' title='bbox 1722 793 1891 836; x_wconf 85' lang='lat' dir='ltr'>auribus</span> <span class='ocrx_word' id='word_1_100' title='bbox 1912 807 2009 849; x_wconf 89' lang='lat' dir='ltr'>pos-</span> 
     </span>
     <span class='ocr_line' id='line_1_11' title="bbox 210 855 2008 915; baseline -0.005 -10"><span class='ocrx_word' id='word_1_101' title='bbox 210 880 244 905; x_wconf 79' lang='lat'>10</span> <span class='ocrx_word' id='word_1_102' title='bbox 259 879 418 914; x_wconf 91' lang='lat' dir='ltr'>sumus,</span> <span class='ocrx_word' id='word_1_103' title='bbox 466 861 539 904; x_wconf 90' lang='lat' dir='ltr'>sed</span> <span class='ocrx_word' id='word_1_104' title='bbox 565 864 667 902; x_wconf 89' lang='lat' dir='ltr'>ordo</span> <span class='ocrx_word' id='word_1_105' title='bbox 701 861 852 915; x_wconf 89' lang='lat' dir='ltr'>pedum</span> <span class='ocrx_word' id='word_1_106' title='bbox 886 857 1005 906; x_wconf 86' lang='lat' dir='ltr'>facit,</span> <span class='ocrx_word' id='word_1_107' title='bbox 1046 861 1092 897; x_wconf 84' lang='lat' dir='ltr'>ut</span> <span class='ocrx_word' id='word_1_108' title='bbox 1120 857 1187 905; x_wconf 90' lang='lat' dir='ltr'>id,</span> <span class='ocrx_word' id='word_1_109' title='bbox 1220 856 1330 912; x_wconf 89' lang='lat' dir='ltr'>quod</span> <span class='ocrx_word' id='word_1_110' title='bbox 1360 856 1673 912; x_wconf 89' lang='lat' dir='ltr'>pronuntiatur,</span> <span class='ocrx_word' id='word_1_111' title='bbox 1707 864 1777 898; x_wconf 90' lang='lat' dir='ltr'>aut</span> <span class='ocrx_word' id='word_1_112' title='bbox 1807 855 2008 899; x_wconf 90' lang='lat' dir='ltr'>orationis</span> 
     </span>
     <span class='ocr_line' id='line_1_12' title="bbox 257 918 2008 983; baseline -0.006 -13"><span class='ocrx_word' id='word_1_113' title='bbox 257 934 326 971; x_wconf 88' lang='lat' dir='ltr'>aut</span> <span class='ocrx_word' id='word_1_114' title='bbox 350 926 548 983; x_wconf 75' lang='lat' dir='ltr'>poematis</span> <span class='ocrx_word' id='word_1_115' title='bbox 572 923 705 964; x_wconf 90' lang='lat' dir='ltr'>simile</span> <span class='ocrx_word' id='word_1_116' title='bbox 726 921 929 963; x_wconf 84' lang='lat' dir='ltr'>videatur.</span> <span class='ocrx_word' id='word_1_117' title='bbox 991 920 1086 963; x_wconf 88' lang='grc'><strong>228.</strong></span> <span class='ocrx_word' id='word_1_118' title='bbox 1118 920 1235 959; x_wconf 88' lang='lat' dir='ltr'>Hanc</span> <span class='ocrx_word' id='word_1_119' title='bbox 1260 919 1409 972; x_wconf 86' lang='lat' dir='ltr'>igitur,</span> <span class='ocrx_word' id='word_1_120' title='bbox 1443 920 1529 961; x_wconf 89' lang='lat' dir='ltr'>sive</span> <span class='ocrx_word' id='word_1_121' title='bbox 1556 922 1900 973; x_wconf 90' lang='lat' dir='ltr'>compositionem</span> <span class='ocrx_word' id='word_1_122' title='bbox 1922 918 2008 960; x_wconf 84' lang='lat' dir='ltr'>sive</span> 
     </span>
     <span class='ocr_line' id='line_1_13' title="bbox 256 980 2009 1046; baseline -0.006 -14"><span class='ocrx_word' id='word_1_123' title='bbox 256 990 553 1046; x_wconf 87' lang='lat' dir='ltr'>perfectionem</span> <span class='ocrx_word' id='word_1_124' title='bbox 578 986 664 1026; x_wconf 91' lang='lat' dir='ltr'>sive</span> <span class='ocrx_word' id='word_1_125' title='bbox 690 997 905 1025; x_wconf 89' lang='lat' dir='ltr'>numerum</span> <span class='ocrx_word' id='word_1_126' title='bbox 930 981 1072 1023; x_wconf 88' lang='lat' dir='ltr'>vocari</span> <span class='ocrx_word' id='word_1_127' title='bbox 1096 981 1254 1034; x_wconf 88' lang='lat' dir='ltr'>placet,</span> <span class='ocrx_word' id='word_1_128' title='bbox 1285 980 1483 1022; x_wconf 88' lang='lat' dir='ltr'>adhibere</span> <span class='ocrx_word' id='word_1_129' title='bbox 1504 995 1675 1023; x_wconf 90' lang='lat' dir='ltr'>necesse</span> <span class='ocrx_word' id='word_1_130' title='bbox 1697 987 1777 1030; x_wconf 90' lang='lat' dir='ltr'>est,</span> <span class='ocrx_word' id='word_1_131' title='bbox 1810 983 1844 1023; x_wconf 90' lang='lat' dir='ltr'>si</span> <span class='ocrx_word' id='word_1_132' title='bbox 1864 985 2009 1023; x_wconf 88' lang='lat' dir='ltr'>ornate</span> 
     </span>
     <span class='ocr_line' id='line_1_14' title="bbox 255 1042 2010 1099; baseline -0.006 -5"><span class='ocrx_word' id='word_1_133' title='bbox 255 1053 355 1095; x_wconf 85' lang='lat' dir='ltr'>velis</span> <span class='ocrx_word' id='word_1_134' title='bbox 370 1050 518 1096; x_wconf 89' lang='lat' dir='ltr'>dicere,</span> <span class='ocrx_word' id='word_1_135' title='bbox 540 1061 622 1089; x_wconf 92' lang='lat' dir='ltr'>non</span> <span class='ocrx_word' id='word_1_136' title='bbox 640 1046 771 1088; x_wconf 89' lang='lat' dir='ltr'>solum</span> <span class='ocrx_word' id='word_1_137' title='bbox 791 1068 841 1075; x_wconf 89' lang='lat'>—-</span> <span class='ocrx_word' id='word_1_138' title='bbox 857 1043 968 1099; x_wconf 92' lang='lat' dir='ltr'>quod</span> <span class='ocrx_word' id='word_1_139' title='bbox 990 1043 1046 1085; x_wconf 87' lang='lat' dir='ltr'>ait</span> <span class='ocrx_word' id='word_1_140' title='bbox 1065 1043 1306 1085; x_wconf 90' lang='lat' dir='ltr'>Aristoteles</span> <span class='ocrx_word' id='word_1_141' title='bbox 1323 1049 1363 1084; x_wconf 91' lang='lat' dir='ltr'>et</span> <span class='ocrx_word' id='word_1_142' title='bbox 1378 1045 1686 1097; x_wconf 88' lang='lat' dir='ltr'>Theophrastus</span> <span class='ocrx_word' id='word_1_143' title='bbox 1702 1067 1768 1094; x_wconf 92' lang='lat'>—·,</span> <span class='ocrx_word' id='word_1_144' title='bbox 1785 1058 1838 1086; x_wconf 91' lang='lat' dir='ltr'>ne</span> <span class='ocrx_word' id='word_1_145' title='bbox 1854 1042 2010 1086; x_wconf 87' lang='lat' dir='ltr'>infinite</span> 
     </span>
     <span class='ocr_line' id='line_1_15' title="bbox 255 1106 2009 1163; baseline -0.005 -7"><span class='ocrx_word' id='word_1_146' title='bbox 255 1114 408 1156; x_wconf 91' lang='lat' dir='ltr'>feratur</span> <span class='ocrx_word' id='word_1_147' title='bbox 432 1118 478 1153; x_wconf 92' lang='lat' dir='ltr'>ut</span> <span class='ocrx_word' id='word_1_148' title='bbox 502 1109 657 1152; x_wconf 88' lang='lat' dir='ltr'>flumen</span> <span class='ocrx_word' id='word_1_149' title='bbox 691 1107 849 1157; x_wconf 89' lang='lat' dir='ltr'>oratio,</span> <span class='ocrx_word' id='word_1_150' title='bbox 901 1120 1006 1163; x_wconf 90' lang='lat' dir='ltr'>quae</span> <span class='ocrx_word' id='word_1_151' title='bbox 1036 1120 1121 1148; x_wconf 91' lang='lat' dir='ltr'>non</span> <span class='ocrx_word' id='word_1_152' title='bbox 1151 1111 1221 1147; x_wconf 89' lang='lat' dir='ltr'>aut</span> <span class='ocrx_word' id='word_1_153' title='bbox 1249 1107 1396 1162; x_wconf 89' lang='lat' dir='ltr'>spiritu</span> <span class='ocrx_word' id='word_1_154' title='bbox 1429 1107 1734 1160; x_wconf 89' lang='lat' dir='ltr'>pronuntiantis</span> <span class='ocrx_word' id='word_1_155' title='bbox 1775 1111 1845 1148; x_wconf 89' lang='lat' dir='ltr'>aut</span> <span class='ocrx_word' id='word_1_156' title='bbox 1880 1106 2009 1148; x_wconf 88' lang='lat' dir='ltr'>inter-</span> 
     </span>
     <span class='ocr_line' id='line_1_16' title="bbox 206 1166 2010 1224; baseline -0.006 -4"><span class='ocrx_word' id='word_1_157' title='bbox 206 1188 241 1214; x_wconf 84' lang='lat'>1⁵</span> <span class='ocrx_word' id='word_1_158' title='bbox 256 1177 378 1220; x_wconf 88' lang='lat' dir='ltr'>ductu</span> <span class='ocrx_word' id='word_1_159' title='bbox 416 1173 591 1220; x_wconf 89' lang='lat' dir='ltr'>librarii,</span> <span class='ocrx_word' id='word_1_160' title='bbox 637 1170 710 1212; x_wconf 90' lang='lat' dir='ltr'>sed</span> <span class='ocrx_word' id='word_1_161' title='bbox 738 1184 911 1212; x_wconf 91' lang='lat' dir='ltr'>numero</span> <span class='ocrx_word' id='word_1_162' title='bbox 946 1174 1087 1212; x_wconf 89' lang='lat' dir='ltr'>coacta</span> <span class='ocrx_word' id='word_1_163' title='bbox 1126 1168 1250 1211; x_wconf 90' lang='lat' dir='ltr'>debet</span> <span class='ocrx_word' id='word_1_164' title='bbox 1287 1170 1500 1218; x_wconf 85' lang='lat' dir='ltr'>insistere,</span> <span class='ocrx_word' id='word_1_165' title='bbox 1546 1183 1690 1211; x_wconf 88' lang='lat' dir='ltr'>verum</span> <span class='ocrx_word' id='word_1_166' title='bbox 1734 1168 1857 1211; x_wconf 87' lang='lat' dir='ltr'>etiam</span> <span class='ocrx_word' id='word_1_167' title='bbox 1896 1166 2010 1224; x_wconf 91' lang='lat' dir='ltr'>quod</span> 
     </span>
     <span class='ocr_line' id='line_1_17' title="bbox 255 1230 2009 1288; baseline -0.006 -6"><span class='ocrx_word' id='word_1_168' title='bbox 255 1239 383 1282; x_wconf 89' lang='lat' dir='ltr'>multo</span> <span class='ocrx_word' id='word_1_169' title='bbox 408 1238 606 1278; x_wconf 89' lang='lat' dir='ltr'>maiorem</span> <span class='ocrx_word' id='word_1_170' title='bbox 628 1236 783 1276; x_wconf 88' lang='lat' dir='ltr'>habent</span> <span class='ocrx_word' id='word_1_171' title='bbox 807 1239 902 1288; x_wconf 89' lang='lat' dir='ltr'>apta</span> <span class='ocrx_word' id='word_1_172' title='bbox 927 1232 1009 1275; x_wconf 86' lang='lat' dir='ltr'>vim</span> <span class='ocrx_word' id='word_1_173' title='bbox 1033 1247 1155 1287; x_wconf 89' lang='lat' dir='ltr'>quam</span> <span class='ocrx_word' id='word_1_174' title='bbox 1178 1231 1325 1273; x_wconf 87' lang='lat' dir='ltr'>soluta.</span> <span class='ocrx_word' id='word_1_175' title='bbox 1387 1234 1436 1274; x_wconf 92' lang='lat' dir='ltr'>Ut</span> <span class='ocrx_word' id='word_1_176' title='bbox 1458 1232 1567 1273; x_wconf 91' lang='lat' dir='ltr'>enim</span> <span class='ocrx_word' id='word_1_177' title='bbox 1587 1232 1757 1274; x_wconf 85' lang='lat' dir='ltr'>athletas</span> <span class='ocrx_word' id='word_1_178' title='bbox 1783 1244 1861 1272; x_wconf 91' lang='lat' dir='ltr'>nec</span> <span class='ocrx_word' id='word_1_179' title='bbox 1881 1230 2009 1272; x_wconf 90' lang='lat' dir='ltr'>multo</span> 
     </span>
     <span class='ocr_line' id='line_1_18' title="bbox 256 1293 2013 1355; baseline -0.005 -11"><span class='ocrx_word' id='word_1_180' title='bbox 256 1315 372 1344; x_wconf 92' lang='lat' dir='ltr'>secus</span> <span class='ocrx_word' id='word_1_181' title='bbox 398 1298 644 1355; x_wconf 86' lang='lat' dir='ltr'>gladiatores</span> <span class='ocrx_word' id='word_1_182' title='bbox 676 1295 862 1338; x_wconf 85' lang='lat' dir='ltr'>videmus</span> <span class='ocrx_word' id='word_1_183' title='bbox 889 1295 991 1336; x_wconf 91' lang='lat' dir='ltr'>nihil</span> <span class='ocrx_word' id='word_1_184' title='bbox 1019 1309 1095 1337; x_wconf 92' lang='lat' dir='ltr'>nec</span> <span class='ocrx_word' id='word_1_185' title='bbox 1123 1294 1288 1337; x_wconf 88' lang='lat' dir='ltr'>vitando</span> <span class='ocrx_word' id='word_1_186' title='bbox 1321 1294 1459 1336; x_wconf 84' lang='lat' dir='ltr'>facere</span> <span class='ocrx_word' id='word_1_187' title='bbox 1486 1301 1604 1337; x_wconf 86' lang='lat' dir='ltr'>caute</span> <span class='ocrx_word' id='word_1_188' title='bbox 1631 1309 1708 1336; x_wconf 90' lang='lat' dir='ltr'>nec</span> <span class='ocrx_word' id='word_1_189' title='bbox 1736 1293 1915 1350; x_wconf 87' lang='lat' dir='ltr'>petendo</span> <span class='ocrx_word' id='word_1_190' title='bbox 1942 1307 2013 1335; x_wconf 88' lang='lat' dir='ltr'>ve-</span> 
     </span>
     <span class='ocr_line' id='line_1_19' title="bbox 256 1357 2013 1415; baseline -0.006 -8"><span class='ocrx_word' id='word_1_191' title='bbox 256 1367 487 1408; x_wconf 91' lang='lat' dir='ltr'>hementer,</span> <span class='ocrx_word' id='word_1_192' title='bbox 518 1361 562 1402; x_wconf 90' lang='lat' dir='ltr'>in</span> <span class='ocrx_word' id='word_1_193' title='bbox 589 1372 671 1415; x_wconf 92' lang='lat' dir='ltr'>quo</span> <span class='ocrx_word' id='word_1_194' title='bbox 696 1371 781 1399; x_wconf 91' lang='lat' dir='ltr'>non</span> <span class='ocrx_word' id='word_1_195' title='bbox 811 1363 948 1400; x_wconf 91' lang='lat' dir='ltr'>motus</span> <span class='ocrx_word' id='word_1_196' title='bbox 977 1357 1046 1399; x_wconf 92' lang='lat' dir='ltr'>hic</span> <span class='ocrx_word' id='word_1_197' title='bbox 1081 1360 1232 1399; x_wconf 87' lang='lat' dir='ltr'>habeat</span> <span class='ocrx_word' id='word_1_198' title='bbox 1260 1357 1507 1413; x_wconf 85' lang='lat' dir='ltr'>palaestram</span> <span class='ocrx_word' id='word_1_199' title='bbox 1539 1359 1764 1413; x_wconf 90' lang='lat' dir='ltr'>quandam,</span> <span class='ocrx_word' id='word_1_200' title='bbox 1794 1362 1861 1406; x_wconf 91' lang='lat' dir='ltr'>ut,</span> <span class='ocrx_word' id='word_1_201' title='bbox 1894 1357 2013 1412; x_wconf 91' lang='lat' dir='ltr'>quid-</span> 
     </span>
     <span class='ocr_line' id='line_1_20' title="bbox 258 1417 2014 1483; baseline -0.005 -15"><span class='ocrx_word' id='word_1_202' title='bbox 258 1427 356 1483; x_wconf 90' lang='lat' dir='ltr'>quid</span> <span class='ocrx_word' id='word_1_203' title='bbox 385 1426 427 1468; x_wconf 91' lang='lat' dir='ltr'>in</span> <span class='ocrx_word' id='word_1_204' title='bbox 457 1424 517 1466; x_wconf 89' lang='lat' dir='ltr'>his</span> <span class='ocrx_word' id='word_1_205' title='bbox 546 1424 672 1464; x_wconf 89' lang='lat' dir='ltr'>rebus</span> <span class='ocrx_word' id='word_1_206' title='bbox 700 1420 770 1463; x_wconf 89' lang='lat' dir='ltr'>fiat</span> <span class='ocrx_word' id='word_1_207' title='bbox 798 1421 955 1462; x_wconf 86' lang='lat' dir='ltr'>utiliter</span> <span class='ocrx_word' id='word_1_208' title='bbox 984 1420 1036 1462; x_wconf 93' lang='lat' dir='ltr'>ad</span> <span class='ocrx_word' id='word_1_209' title='bbox 1067 1435 1272 1477; x_wconf 89' lang='lat' dir='ltr'>pugnam,</span> <span class='ocrx_word' id='word_1_210' title='bbox 1319 1419 1430 1462; x_wconf 90' lang='lat' dir='ltr'>idem</span> <span class='ocrx_word' id='word_1_211' title='bbox 1474 1419 1524 1462; x_wconf 92' lang='lat' dir='ltr'>ad</span> <span class='ocrx_word' id='word_1_212' title='bbox 1564 1426 1775 1476; x_wconf 91' lang='lat' dir='ltr'>aspectum</span> <span class='ocrx_word' id='word_1_213' title='bbox 1807 1420 1929 1460; x_wconf 90' lang='lat' dir='ltr'>etiam</span> <span class='ocrx_word' id='word_1_214' title='bbox 1960 1417 2014 1459; x_wconf 88' lang='lat' dir='ltr'>sit</span> 
     </span>
     <span class='ocr_line' id='line_1_21' title="bbox 208 1481 2012 1539; baseline -0.006 -8"><span class='ocrx_word' id='word_1_215' title='bbox 208 1499 244 1525; x_wconf 88' lang='lat'>20</span> <span class='ocrx_word' id='word_1_216' title='bbox 257 1493 494 1532; x_wconf 90' lang='lat' dir='ltr'>venustum:</span> <span class='ocrx_word' id='word_1_217' title='bbox 526 1486 584 1527; x_wconf 89' lang='lat' dir='ltr'>sic</span> <span class='ocrx_word' id='word_1_218' title='bbox 614 1483 749 1526; x_wconf 89' lang='lat' dir='ltr'>oratio</span> <span class='ocrx_word' id='word_1_219' title='bbox 780 1498 856 1525; x_wconf 91' lang='lat' dir='ltr'>nec</span> <span class='ocrx_word' id='word_1_220' title='bbox 881 1486 1044 1539; x_wconf 86' lang='lat' dir='ltr'>plagam</span> <span class='ocrx_word' id='word_1_221' title='bbox 1068 1497 1237 1538; x_wconf 87' lang='lat' dir='ltr'>gravem</span> <span class='ocrx_word' id='word_1_222' title='bbox 1269 1482 1384 1531; x_wconf 83' lang='lat' dir='ltr'>facit,</span> <span class='ocrx_word' id='word_1_223' title='bbox 1416 1483 1496 1524; x_wconf 90' lang='lat' dir='ltr'>nisi</span> <span class='ocrx_word' id='word_1_224' title='bbox 1524 1484 1669 1537; x_wconf 88' lang='lat' dir='ltr'>petitio</span> <span class='ocrx_word' id='word_1_225' title='bbox 1693 1481 1769 1524; x_wconf 86' lang='lat' dir='ltr'>fuit</span> <span class='ocrx_word' id='word_1_226' title='bbox 1790 1486 1905 1536; x_wconf 91' lang='lat' dir='ltr'>apta,</span> <span class='ocrx_word' id='word_1_227' title='bbox 1936 1495 2012 1522; x_wconf 90' lang='lat' dir='ltr'>nec</span> 
     </span>
     <span class='ocr_line' id='line_1_22' title="bbox 258 1543 2013 1600; baseline -0.005 -7"><span class='ocrx_word' id='word_1_228' title='bbox 258 1553 356 1594; x_wconf 93' lang='lat' dir='ltr'>satis</span> <span class='ocrx_word' id='word_1_229' title='bbox 386 1555 495 1592; x_wconf 88' lang='lat' dir='ltr'>recte</span> <span class='ocrx_word' id='word_1_230' title='bbox 524 1547 699 1589; x_wconf 88' lang='lat' dir='ltr'>declinat</span> <span class='ocrx_word' id='word_1_231' title='bbox 728 1547 954 1600; x_wconf 83' lang='lat' dir='ltr'>impetum,</span> <span class='ocrx_word' id='word_1_232' title='bbox 986 1546 1067 1588; x_wconf 89' lang='lat' dir='ltr'>nisi</span> <span class='ocrx_word' id='word_1_233' title='bbox 1103 1546 1225 1587; x_wconf 87' lang='lat' dir='ltr'>etiam</span> <span class='ocrx_word' id='word_1_234' title='bbox 1256 1546 1298 1587; x_wconf 89' lang='lat' dir='ltr'>in</span> <span class='ocrx_word' id='word_1_235' title='bbox 1327 1544 1537 1594; x_wconf 90' lang='lat' dir='ltr'>cedendo,</span> <span class='ocrx_word' id='word_1_236' title='bbox 1571 1545 1670 1600; x_wconf 90' lang='lat' dir='ltr'>quid</span> <span class='ocrx_word' id='word_1_237' title='bbox 1701 1544 1862 1592; x_wconf 90' lang='lat' dir='ltr'>deceat,</span> <span class='ocrx_word' id='word_1_238' title='bbox 1893 1543 2013 1585; x_wconf 88' lang='lat' dir='ltr'>intel·</span> 
     </span>
     <span class='ocr_line' id='line_1_23' title="bbox 255 1606 2011 1669; baseline -0.006 -12"><span class='ocrx_word' id='word_1_239' title='bbox 255 1614 356 1669; x_wconf 86' lang='lat' dir='ltr'>ligit.</span> <span class='ocrx_word' id='word_1_240' title='bbox 413 1613 509 1653; x_wconf 82' lang='grc'><strong>229.</strong></span> <span class='ocrx_word' id='word_1_241' title='bbox 541 1612 683 1665; x_wconf 89' lang='lat' dir='ltr'>Itaque</span> <span class='ocrx_word' id='word_1_242' title='bbox 704 1609 837 1665; x_wconf 90' lang='lat' dir='ltr'>qualis</span> <span class='ocrx_word' id='word_1_243' title='bbox 859 1624 1005 1651; x_wconf 90' lang='lat' dir='ltr'>eorum</span> <span class='ocrx_word' id='word_1_244' title='bbox 1026 1615 1184 1657; x_wconf 82' lang='lat' dir='ltr'>motus,</span> <span class='ocrx_word' id='word_1_245' title='bbox 1215 1622 1318 1664; x_wconf 92' lang='lat' dir='ltr'>quos</span> <span class='ocrx_word' id='word_1_246' title='bbox 1341 1610 1665 1664; x_wconf 76' lang='grc' dir='ltr'>ἀπαλαίστρους</span> <span class='ocrx_word' id='word_1_247' title='bbox 1681 1606 1828 1649; x_wconf 88' lang='lat' dir='ltr'>Graeci</span> <span class='ocrx_word' id='word_1_248' title='bbox 1847 1611 2011 1656; x_wconf 85' lang='lat' dir='ltr'>vocant,</span> 
     </span>
     <span class='ocr_line' id='line_1_24' title="bbox 256 1672 2024 1727; baseline -0.004 -9"><span class='ocrx_word' id='word_1_249' title='bbox 256 1678 348 1718; x_wconf 89' lang='lat' dir='ltr'>talis</span> <span class='ocrx_word' id='word_1_250' title='bbox 381 1674 529 1716; x_wconf 91' lang='lat' dir='ltr'>horum</span> <span class='ocrx_word' id='word_1_251' title='bbox 570 1672 671 1714; x_wconf 85' lang='lat' dir='ltr'>mihi</span> <span class='ocrx_word' id='word_1_252' title='bbox 710 1672 874 1714; x_wconf 88' lang='lat' dir='ltr'>videtur</span> <span class='ocrx_word' id='word_1_253' title='bbox 905 1674 1059 1722; x_wconf 90' lang='lat' dir='ltr'>oratio,</span> <span class='ocrx_word' id='word_1_254' title='bbox 1106 1673 1176 1727; x_wconf 90' lang='lat' dir='ltr'>qui</span> <span class='ocrx_word' id='word_1_255' title='bbox 1207 1686 1291 1712; x_wconf 92' lang='lat' dir='ltr'>non</span> <span class='ocrx_word' id='word_1_256' title='bbox 1325 1673 1524 1713; x_wconf 89' lang='lat' dir='ltr'>claudunt</span> <span class='ocrx_word' id='word_1_257' title='bbox 1555 1672 1739 1713; x_wconf 91' lang='lat' dir='ltr'>numeris</span> <span class='ocrx_word' id='word_1_258' title='bbox 1770 1672 2024 1719; x_wconf 71' lang='lat' dir='ltr'>sententias,</span> 
     </span>
     <span class='ocr_line' id='line_1_25' title="bbox 257 1733 2016 1793; baseline -0.003 -13"><span class='ocrx_word' id='word_1_259' title='bbox 257 1744 495 1793; x_wconf 88' lang='lat' dir='ltr'>tantumque</span> <span class='ocrx_word' id='word_1_260' title='bbox 526 1738 667 1784; x_wconf 86' lang='lat' dir='ltr'>abest,</span> <span class='ocrx_word' id='word_1_261' title='bbox 711 1740 777 1783; x_wconf 91' lang='lat' dir='ltr'>ut,</span> <span class='ocrx_word' id='word_1_262' title='bbox 821 1738 934 1790; x_wconf 89' lang='lat' dir='ltr'>quod</span> <span class='ocrx_word' id='word_1_263' title='bbox 964 1735 1012 1783; x_wconf 91' lang='lat' dir='ltr'>ii,</span> <span class='ocrx_word' id='word_1_264' title='bbox 1050 1736 1120 1791; x_wconf 93' lang='lat' dir='ltr'>qui</span> <span class='ocrx_word' id='word_1_265' title='bbox 1150 1736 1231 1775; x_wconf 87' lang='lat' dir='ltr'>hoc</span> <span class='ocrx_word' id='word_1_266' title='bbox 1261 1740 1331 1776; x_wconf 88' lang='lat' dir='ltr'>aut</span> <span class='ocrx_word' id='word_1_267' title='bbox 1361 1737 1655 1788; x_wconf 88' lang='lat' dir='ltr'>magistrorum</span> <span class='ocrx_word' id='word_1_268' title='bbox 1684 1734 1826 1790; x_wconf 88' lang='lat' dir='ltr'>inopia</span> <span class='ocrx_word' id='word_1_269' title='bbox 1855 1739 1925 1775; x_wconf 89' lang='lat' dir='ltr'>aut</span> <span class='ocrx_word' id='word_1_270' title='bbox 1953 1733 2016 1775; x_wconf 92' lang='lat' dir='ltr'>in-</span> 
     </span>
     <span class='ocr_line' id='line_1_26' title="bbox 207 1797 2016 1857; baseline -0.001 -17"><span class='ocrx_word' id='word_1_271' title='bbox 207 1815 244 1840; x_wconf 84' lang='lat'>25</span> <span class='ocrx_word' id='word_1_272' title='bbox 259 1803 369 1857; x_wconf 86' lang='lat' dir='ltr'>genii</span> <span class='ocrx_word' id='word_1_273' title='bbox 394 1802 583 1842; x_wconf 86' lang='lat' dir='ltr'>tarditate</span> <span class='ocrx_word' id='word_1_274' title='bbox 604 1803 676 1839; x_wconf 85' lang='lat' dir='ltr'>aut</span> <span class='ocrx_word' id='word_1_275' title='bbox 694 1797 849 1840; x_wconf 89' lang='lat' dir='ltr'>laboris</span> <span class='ocrx_word' id='word_1_276' title='bbox 869 1798 967 1853; x_wconf 88' lang='lat' dir='ltr'>fuga</span> <span class='ocrx_word' id='word_1_277' title='bbox 987 1812 1068 1840; x_wconf 92' lang='lat' dir='ltr'>non</span> <span class='ocrx_word' id='word_1_278' title='bbox 1098 1803 1193 1839; x_wconf 88' lang='lat' dir='ltr'>sunt</span> <span class='ocrx_word' id='word_1_279' title='bbox 1214 1797 1415 1844; x_wconf 90' lang='lat' dir='ltr'>assecuti,</span> <span class='ocrx_word' id='word_1_280' title='bbox 1447 1798 1583 1838; x_wconf 86' lang='lat' dir='ltr'>solent</span> <span class='ocrx_word' id='word_1_281' title='bbox 1599 1798 1759 1845; x_wconf 89' lang='lat' dir='ltr'>dicere,</span> <span class='ocrx_word' id='word_1_282' title='bbox 1792 1803 2016 1839; x_wconf 86' lang='lat' dir='ltr'>enervetur</span> 
     </span>
     <span class='ocr_line' id='line_1_27' title="bbox 260 1859 2014 1917; baseline -0.003 -11"><span class='ocrx_word' id='word_1_283' title='bbox 260 1864 392 1907; x_wconf 90' lang='lat' dir='ltr'>oratio</span> <span class='ocrx_word' id='word_1_284' title='bbox 427 1860 728 1917; x_wconf 86' lang='lat' dir='ltr'>compositione</span> <span class='ocrx_word' id='word_1_285' title='bbox 750 1859 998 1909; x_wconf 81' lang='lat' dir='ltr'>verborum,</span> <span class='ocrx_word' id='word_1_286' title='bbox 1030 1865 1076 1901; x_wconf 92' lang='lat' dir='ltr'>ut</span> <span class='ocrx_word' id='word_1_287' title='bbox 1105 1860 1224 1901; x_wconf 89' lang='lat' dir='ltr'>aliter</span> <span class='ocrx_word' id='word_1_288' title='bbox 1254 1859 1296 1900; x_wconf 90' lang='lat' dir='ltr'>in</span> <span class='ocrx_word' id='word_1_289' title='bbox 1326 1873 1373 1901; x_wconf 87' lang='lat' dir='ltr'>ea</span> <span class='ocrx_word' id='word_1_290' title='bbox 1404 1873 1479 1901; x_wconf 90' lang='lat' dir='ltr'>nec</span> <span class='ocrx_word' id='word_1_291' title='bbox 1508 1859 1688 1915; x_wconf 89' lang='lat' dir='ltr'>impetus</span> <span class='ocrx_word' id='word_1_292' title='bbox 1715 1859 1824 1902; x_wconf 93' lang='lat' dir='ltr'>ullus</span> <span class='ocrx_word' id='word_1_293' title='bbox 1856 1874 1932 1902; x_wconf 89' lang='lat' dir='ltr'>nec</span> <span class='ocrx_word' id='word_1_294' title='bbox 1952 1861 2014 1902; x_wconf 90' lang='lat' dir='ltr'>vis</span> 
     </span>
     <span class='ocr_line' id='line_1_28' title="bbox 259 1922 2015 1982; baseline -0.003 -13"><span class='ocrx_word' id='word_1_295' title='bbox 259 1941 348 1969; x_wconf 88' lang='lat' dir='ltr'>esse</span> <span class='ocrx_word' id='word_1_296' title='bbox 383 1924 526 1982; x_wconf 87' lang='lat' dir='ltr'>possit.</span> <span class='ocrx_word' id='word_1_297' title='bbox 586 1925 734 1964; x_wconf 85' lang='lat' dir='ltr'>LXIX.</span> <span class='ocrx_word' id='word_1_298' title='bbox 781 1922 863 1965; x_wconf 90' lang='lat' dir='ltr'>Sed</span> <span class='ocrx_word' id='word_1_299' title='bbox 896 1936 1086 1977; x_wconf 87' lang='lat' dir='ltr'>magnam</span> <span class='ocrx_word' id='word_1_300' title='bbox 1126 1922 1467 1963; x_wconf 85' lang='lat' dir='ltr'>exercitationem</span> <span class='ocrx_word' id='word_1_301' title='bbox 1506 1936 1571 1963; x_wconf 90' lang='lat' dir='ltr'>res</span> <span class='ocrx_word' id='word_1_302' title='bbox 1605 1923 1781 1977; x_wconf 86' lang='lat' dir='ltr'>flagitat,</span> <span class='ocrx_word' id='word_1_303' title='bbox 1832 1937 1884 1964; x_wconf 88' lang='lat' dir='ltr'>ne</span> <span class='ocrx_word' id='word_1_304' title='bbox 1916 1924 2015 1979; x_wconf 93' lang='lat' dir='ltr'>quid</span> 
     </span>
     <span class='ocr_line' id='line_1_29' title="bbox 259 1983 2017 2042; baseline -0.002 -12"><span class='ocrx_word' id='word_1_305' title='bbox 259 2003 423 2037; x_wconf 91' lang='lat' dir='ltr'>eorum,</span> <span class='ocrx_word' id='word_1_306' title='bbox 472 1986 543 2042; x_wconf 86' lang='lat' dir='ltr'>qui</span> <span class='ocrx_word' id='word_1_307' title='bbox 570 1999 698 2040; x_wconf 87' lang='lat' dir='ltr'>genus</span> <span class='ocrx_word' id='word_1_308' title='bbox 733 1987 812 2027; x_wconf 91' lang='lat' dir='ltr'>hoc</span> <span class='ocrx_word' id='word_1_309' title='bbox 843 1986 974 2027; x_wconf 90' lang='lat' dir='ltr'>secuti</span> <span class='ocrx_word' id='word_1_310' title='bbox 1011 1998 1095 2026; x_wconf 90' lang='lat' dir='ltr'>non</span> <span class='ocrx_word' id='word_1_311' title='bbox 1132 1991 1374 2035; x_wconf 89' lang='lat' dir='ltr'>tenuerunt,</span> <span class='ocrx_word' id='word_1_312' title='bbox 1422 1985 1556 2026; x_wconf 89' lang='lat' dir='ltr'>simile</span> <span class='ocrx_word' id='word_1_313' title='bbox 1588 1983 1808 2034; x_wconf 86' lang='lat' dir='ltr'>faciamus,</span> <span class='ocrx_word' id='word_1_314' title='bbox 1854 1999 1907 2027; x_wconf 88' lang='lat' dir='ltr'>ne</span> <span class='ocrx_word' id='word_1_315' title='bbox 1946 1989 2017 2026; x_wconf 88' lang='lat' dir='ltr'>aut</span> 
     </span>
     <span class='ocr_line' id='line_1_30' title="bbox 258 2046 2012 2104; baseline -0.002 -11"><span class='ocrx_word' id='word_1_316' title='bbox 258 2054 387 2094; x_wconf 88' lang='lat' dir='ltr'>verba</span> <span class='ocrx_word' id='word_1_317' title='bbox 414 2049 666 2093; x_wconf 88' lang='lat' dir='ltr'>traiiciamus</span> <span class='ocrx_word' id='word_1_318' title='bbox 697 2054 862 2103; x_wconf 87' lang='lat' dir='ltr'>aperte,</span> <span class='ocrx_word' id='word_1_319' title='bbox 895 2062 977 2104; x_wconf 93' lang='lat' dir='ltr'>quo</span> <span class='ocrx_word' id='word_1_320' title='bbox 1009 2047 1157 2089; x_wconf 85' lang='lat' dir='ltr'>melius</span> <span class='ocrx_word' id='word_1_321' title='bbox 1188 2054 1256 2089; x_wconf 88' lang='lat' dir='ltr'>aut</span> <span class='ocrx_word' id='word_1_322' title='bbox 1287 2047 1402 2089; x_wconf 83' lang='lat' dir='ltr'>cadat</span> <span class='ocrx_word' id='word_1_323' title='bbox 1423 2053 1494 2090; x_wconf 89' lang='lat' dir='ltr'>aut</span> <span class='ocrx_word' id='word_1_324' title='bbox 1514 2047 1703 2090; x_wconf 88' lang='lat' dir='ltr'>volvatur</span> <span class='ocrx_word' id='word_1_325' title='bbox 1724 2046 1881 2098; x_wconf 84' lang='lat' dir='ltr'>orati03</span> <span class='ocrx_word' id='word_1_326' title='bbox 1914 2050 2012 2089; x_wconf 91' lang='grc'><strong>230.</strong></span> 
     </span>
     <span class='ocr_line' id='line_1_31' title="bbox 211 2109 2014 2170; baseline -0.004 -11"><span class='ocrx_word' id='word_1_327' title='bbox 211 2116 371 2170; x_wconf 81' lang='lat' dir='ltr'>soquod</span> <span class='ocrx_word' id='word_1_328' title='bbox 400 2128 442 2156; x_wconf 92' lang='lat' dir='ltr'>se</span> <span class='ocrx_word' id='word_1_329' title='bbox 474 2115 520 2157; x_wconf 94' lang='lat' dir='ltr'>L.</span> <span class='ocrx_word' id='word_1_330' title='bbox 555 2112 717 2154; x_wconf 89' lang='lat' dir='ltr'>Caelius</span> <span class='ocrx_word' id='word_1_331' title='bbox 752 2111 968 2166; x_wconf 88' lang='lat' dir='ltr'>Antipater</span> <span class='ocrx_word' id='word_1_332' title='bbox 1009 2111 1052 2152; x_wconf 90' lang='lat' dir='ltr'>in</span> <span class='ocrx_word' id='word_1_333' title='bbox 1089 2109 1306 2164; x_wconf 89' lang='lat' dir='ltr'>prooemio</span> <span class='ocrx_word' id='word_1_334' title='bbox 1340 2110 1439 2152; x_wconf 90' lang='lat' dir='ltr'>belli</span> <span class='ocrx_word' id='word_1_335' title='bbox 1476 2112 1619 2152; x_wconf 89' lang='lat' dir='ltr'>Punici</span> <span class='ocrx_word' id='word_1_336' title='bbox 1659 2111 1739 2152; x_wconf 91' lang='lat' dir='ltr'>nisi</span> <span class='ocrx_word' id='word_1_337' title='bbox 1781 2109 2014 2152; x_wconf 89' lang='lat' dir='ltr'>necessario</span> 
     </span>
     <span class='ocr_line' id='line_1_32' title="bbox 259 2172 2013 2230; baseline -0.002 -12"><span class='ocrx_word' id='word_1_338' title='bbox 259 2177 459 2220; x_wconf 87' lang='lat' dir='ltr'>facturum</span> <span class='ocrx_word' id='word_1_339' title='bbox 494 2180 628 2230; x_wconf 87' lang='lat' dir='ltr'>negat.</span> <span class='ocrx_word' id='word_1_340' title='bbox 691 2176 724 2216; x_wconf 92' lang='grc' dir='ltr'>Ο</span> <span class='ocrx_word' id='word_1_341' title='bbox 751 2175 886 2217; x_wconf 88' lang='lat' dir='ltr'>virum</span> <span class='ocrx_word' id='word_1_342' title='bbox 920 2173 1174 2229; x_wconf 87' lang='lat' dir='ltr'>simplicem,</span> <span class='ocrx_word' id='word_1_343' title='bbox 1224 2173 1295 2228; x_wconf 90' lang='lat' dir='ltr'>qui</span> <span class='ocrx_word' id='word_1_344' title='bbox 1331 2187 1406 2215; x_wconf 90' lang='lat' dir='ltr'>nos</span> <span class='ocrx_word' id='word_1_345' title='bbox 1443 2173 1544 2215; x_wconf 91' lang='lat' dir='ltr'>nihil</span> <span class='ocrx_word' id='word_1_346' title='bbox 1585 2173 1713 2224; x_wconf 90' lang='lat' dir='ltr'>celet;</span> <span class='ocrx_word' id='word_1_347' title='bbox 1761 2172 2013 2229; x_wconf 88' lang='lat' dir='ltr'>sapientem,</span> 
     </span>
     <span class='ocr_line' id='line_1_33' title="bbox 260 2235 2018 2294; baseline -0.001 -14"><span class='ocrx_word' id='word_1_348' title='bbox 260 2238 331 2294; x_wconf 90' lang='lat' dir='ltr'>qui</span> <span class='ocrx_word' id='word_1_349' title='bbox 351 2237 615 2280; x_wconf 89' lang='lat' dir='ltr'>serviendum</span> <span class='ocrx_word' id='word_1_350' title='bbox 636 2237 870 2279; x_wconf 88' lang='lat' dir='ltr'>necessitati</span> <span class='ocrx_word' id='word_1_351' title='bbox 890 2238 1029 2293; x_wconf 71' lang='lat' dir='ltr'>putet!</span> <span class='ocrx_word' id='word_1_352' title='bbox 1064 2238 1144 2278; x_wconf 88' lang='lat' dir='ltr'>Sed</span> <span class='ocrx_word' id='word_1_353' title='bbox 1174 2235 1239 2277; x_wconf 90' lang='lat' dir='ltr'>hic</span> <span class='ocrx_word' id='word_1_354' title='bbox 1266 2236 1436 2279; x_wconf 89' lang='lat' dir='ltr'>omnino</span> <span class='ocrx_word' id='word_1_355' title='bbox 1465 2235 1594 2278; x_wconf 87' lang='lat' dir='ltr'>rudis.</span> <span class='ocrx_word' id='word_1_356' title='bbox 1655 2236 1785 2278; x_wconf 92' lang='lat' dir='ltr'>Nobis</span> <span class='ocrx_word' id='word_1_357' title='bbox 1810 2241 1948 2278; x_wconf 87' lang='lat' dir='ltr'>autem</span> <span class='ocrx_word' id='word_1_358' title='bbox 1973 2236 2018 2279; x_wconf 86' lang='lat' dir='ltr'>in</span> 
     </span>
     <span class='ocr_line' id='line_1_34' title="bbox 260 2297 2018 2356; baseline -0.001 -13"><span class='ocrx_word' id='word_1_359' title='bbox 260 2303 478 2343; x_wconf 91' lang='lat' dir='ltr'>scribendo</span> <span class='ocrx_word' id='word_1_360' title='bbox 507 2306 628 2356; x_wconf 87' lang='lat' dir='ltr'>atque</span> <span class='ocrx_word' id='word_1_361' title='bbox 648 2302 690 2342; x_wconf 91' lang='lat' dir='ltr'>in</span> <span class='ocrx_word' id='word_1_362' title='bbox 710 2299 883 2342; x_wconf 90' lang='lat' dir='ltr'>dicendo</span> <span class='ocrx_word' id='word_1_363' title='bbox 911 2298 1165 2341; x_wconf 90' lang='lat' dir='ltr'>necessitatis</span> <span class='ocrx_word' id='word_1_364' title='bbox 1188 2299 1399 2341; x_wconf 78' lang='lat' dir='ltr'>excusatio</span> <span class='ocrx_word' id='word_1_365' title='bbox 1434 2313 1516 2341; x_wconf 90' lang='lat' dir='ltr'>non</span> <span class='ocrx_word' id='word_1_366' title='bbox 1541 2297 1757 2354; x_wconf 90' lang='lat' dir='ltr'>probatur.</span> <span class='ocrx_word' id='word_1_367' title='bbox 1814 2300 1926 2342; x_wconf 90' lang='lat' dir='ltr'>Nihil</span> <span class='ocrx_word' id='word_1_368' title='bbox 1955 2305 2018 2342; x_wconf 90' lang='lat' dir='ltr'>est</span> 
     </span>
     <span class='ocr_line' id='line_1_35' title="bbox 262 2361 2016 2419; baseline -0.001 -13"><span class='ocrx_word' id='word_1_369' title='bbox 262 2367 370 2406; x_wconf 91' lang='lat' dir='ltr'>enim</span> <span class='ocrx_word' id='word_1_370' title='bbox 410 2378 599 2412; x_wconf 89' lang='lat' dir='ltr'>necesse,</span> <span class='ocrx_word' id='word_1_371' title='bbox 645 2368 685 2405; x_wconf 90' lang='lat' dir='ltr'>et</span> <span class='ocrx_word' id='word_1_372' title='bbox 713 2363 747 2405; x_wconf 92' lang='lat' dir='ltr'>si</span> <span class='ocrx_word' id='word_1_373' title='bbox 778 2363 877 2419; x_wconf 91' lang='lat' dir='ltr'>quid</span> <span class='ocrx_word' id='word_1_374' title='bbox 908 2368 1043 2411; x_wconf 90' lang='lat' dir='ltr'>essct,</span> <span class='ocrx_word' id='word_1_375' title='bbox 1089 2361 1131 2403; x_wconf 89' lang='lat' dir='ltr'>id</span> <span class='ocrx_word' id='word_1_376' title='bbox 1170 2375 1342 2404; x_wconf 88' lang='lat' dir='ltr'>necesse</span> <span class='ocrx_word' id='word_1_377' title='bbox 1382 2367 1523 2404; x_wconf 88' lang='lat' dir='ltr'>tamen</span> <span class='ocrx_word' id='word_1_378' title='bbox 1562 2375 1647 2404; x_wconf 89' lang='lat' dir='ltr'>non</span> <span class='ocrx_word' id='word_1_379' title='bbox 1687 2368 1776 2405; x_wconf 88' lang='lat' dir='ltr'>erat</span> <span class='ocrx_word' id='word_1_380' title='bbox 1814 2362 2016 2405; x_wconf 84' lang='lat' dir='ltr'>confiteri.</span> 
     </span>
     <span class='ocr_line' id='line_1_36' title="bbox 212 2424 2017 2482; baseline -0.002 -11"><span class='ocrx_word' id='word_1_381' title='bbox 212 2445 248 2472; x_wconf 76' lang='lat' dir='ltr'>ss</span> <span class='ocrx_word' id='word_1_382' title='bbox 260 2429 312 2469; x_wconf 89' lang='lat' dir='ltr'>Et</span> <span class='ocrx_word' id='word_1_383' title='bbox 335 2426 403 2468; x_wconf 90' lang='lat' dir='ltr'>hic</span> <span class='ocrx_word' id='word_1_384' title='bbox 427 2426 617 2482; x_wconf 89' lang='lat' dir='ltr'>quidem,</span> <span class='ocrx_word' id='word_1_385' title='bbox 649 2425 720 2480; x_wconf 87' lang='lat' dir='ltr'>qui</span> <span class='ocrx_word' id='word_1_386' title='bbox 746 2428 851 2467; x_wconf 89' lang='lat' dir='ltr'>hanc</span> <span class='ocrx_word' id='word_1_387' title='bbox 881 2441 905 2467; x_wconf 87' lang='lat' dir='ltr'>a</span> <span class='ocrx_word' id='word_1_388' title='bbox 934 2425 1096 2475; x_wconf 86' lang='lat' dir='ltr'>Laelio,</span> <span class='ocrx_word' id='word_1_389' title='bbox 1139 2425 1190 2467; x_wconf 91' lang='lat' dir='ltr'>ad</span> <span class='ocrx_word' id='word_1_390' title='bbox 1215 2438 1337 2481; x_wconf 89' lang='lat' dir='ltr'>quem</span> <span class='ocrx_word' id='word_1_391' title='bbox 1365 2425 1547 2480; x_wconf 88' lang='lat' dir='ltr'>scripsit,</span> <span class='ocrx_word' id='word_1_392' title='bbox 1579 2424 1644 2467; x_wconf 90' lang='lat' dir='ltr'>cui</span> <span class='ocrx_word' id='word_1_393' title='bbox 1674 2439 1718 2467; x_wconf 91' lang='lat' dir='ltr'>se</span> <span class='ocrx_word' id='word_1_394' title='bbox 1745 2432 1914 2482; x_wconf 87' lang='lat' dir='ltr'>purgat,</span> <span class='ocrx_word' id='word_1_395' title='bbox 1946 2441 2017 2468; x_wconf 88' lang='lat' dir='ltr'>ve·-</span> 
     </span>
     <span class='ocr_line' id='line_1_37' title="bbox 262 2488 2020 2546; baseline 0 -15"><span class='ocrx_word' id='word_1_396' title='bbox 262 2491 371 2532; x_wconf 89' lang='lat' dir='ltr'>niam</span> <span class='ocrx_word' id='word_1_397' title='bbox 392 2491 510 2545; x_wconf 87' lang='lat' dir='ltr'>petit,</span> <span class='ocrx_word' id='word_1_398' title='bbox 542 2494 582 2531; x_wconf 92' lang='lat' dir='ltr'>et</span> <span class='ocrx_word' id='word_1_399' title='bbox 601 2488 730 2531; x_wconf 88' lang='lat' dir='ltr'>utitur</span> <span class='ocrx_word' id='word_1_400' title='bbox 758 2503 807 2532; x_wconf 84' lang='lat' dir='ltr'>ea</span> <span class='ocrx_word' id='word_1_401' title='bbox 828 2490 1068 2532; x_wconf 86' lang='lat' dir='ltr'>traiectione</span> <span class='ocrx_word' id='word_1_402' title='bbox 1090 2493 1314 2533; x_wconf 85' lang='lat' dir='ltr'>verborum</span> <span class='ocrx_word' id='word_1_403' title='bbox 1342 2495 1383 2531; x_wconf 90' lang='lat' dir='ltr'>et</span> <span class='ocrx_word' id='word_1_404' title='bbox 1403 2490 1532 2532; x_wconf 88' lang='lat' dir='ltr'>nihilo</span> <span class='ocrx_word' id='word_1_405' title='bbox 1556 2495 1695 2533; x_wconf 88' lang='lat' dir='ltr'>tamen</span> <span class='ocrx_word' id='word_1_406' title='bbox 1722 2490 1857 2546; x_wconf 90' lang='lat' dir='ltr'>aptius</span> <span class='ocrx_word' id='word_1_407' title='bbox 1878 2491 2020 2544; x_wconf 85' lang='lat' dir='ltr'>explet</span> 
     </span>
     <span class='ocr_line' id='line_1_38' title="bbox 264 2552 2018 2608; baseline 0 -14"><span class='ocrx_word' id='word_1_408' title='bbox 264 2552 552 2607; x_wconf 90' lang='lat' dir='ltr'>concluditque</span> <span class='ocrx_word' id='word_1_409' title='bbox 588 2553 823 2597; x_wconf 83' lang='lat' dir='ltr'>sententias,</span> <span class='ocrx_word' id='word_1_410' title='bbox 881 2554 1002 2608; x_wconf 91' lang='lat' dir='ltr'>Apud</span> <span class='ocrx_word' id='word_1_411' title='bbox 1032 2552 1134 2594; x_wconf 86' lang='lat' dir='ltr'>alios</span> <span class='ocrx_word' id='word_1_412' title='bbox 1163 2558 1298 2594; x_wconf 90' lang='lat' dir='ltr'>autem</span> <span class='ocrx_word' id='word_1_413' title='bbox 1330 2558 1371 2595; x_wconf 92' lang='lat' dir='ltr'>et</span> <span class='ocrx_word' id='word_1_414' title='bbox 1399 2555 1601 2595; x_wconf 88' lang='lat' dir='ltr'>Asiaticos</span> <span class='ocrx_word' id='word_1_415' title='bbox 1635 2554 1815 2595; x_wconf 86' lang='lat' dir='ltr'>maxime</span> <span class='ocrx_word' id='word_1_416' title='bbox 1841 2565 2018 2595; x_wconf 90' lang='lat' dir='ltr'>numero</span> 
     </span>
     <span class='ocr_line' id='line_1_39' title="bbox 264 2614 2019 2672; baseline 0.001 -16"><span class='ocrx_word' id='word_1_417' title='bbox 264 2615 488 2657; x_wconf 89' lang='lat' dir='ltr'>servientes</span> <span class='ocrx_word' id='word_1_418' title='bbox 519 2614 721 2655; x_wconf 89' lang='lat' dir='ltr'>inculcata</span> <span class='ocrx_word' id='word_1_419' title='bbox 759 2616 946 2667; x_wconf 87' lang='lat' dir='ltr'>reperias</span> <span class='ocrx_word' id='word_1_420' title='bbox 980 2615 1114 2657; x_wconf 88' lang='lat' dir='ltr'>inania</span> <span class='ocrx_word' id='word_1_421' title='bbox 1154 2618 1356 2671; x_wconf 88' lang='lat' dir='ltr'>quaedam</span> <span class='ocrx_word' id='word_1_422' title='bbox 1392 2616 1519 2659; x_wconf 86' lang='lat' dir='ltr'>verba</span> <span class='ocrx_word' id='word_1_423' title='bbox 1559 2616 1677 2672; x_wconf 88' lang='lat' dir='ltr'>quasi</span> <span class='ocrx_word' id='word_1_424' title='bbox 1716 2615 2019 2672; x_wconf 87' lang='lat' dir='ltr'>complementa</span> 
     </span>
     <span class='ocr_line' id='line_1_40' title="bbox 265 2677 2014 2734; baseline 0.001 -16"><span class='ocrx_word' id='word_1_425' title='bbox 265 2690 550 2718; x_wconf 87' lang='lat' dir='ltr'>numerorum.</span> <span class='ocrx_word' id='word_1_426' title='bbox 613 2678 717 2717; x_wconf 86' lang='lat' dir='ltr'>Sunt</span> <span class='ocrx_word' id='word_1_427' title='bbox 746 2678 868 2718; x_wconf 88' lang='lat' dir='ltr'>etiam</span> <span class='ocrx_word' id='word_1_428' title='bbox 899 2677 970 2732; x_wconf 91' lang='lat' dir='ltr'>qui</span> <span class='ocrx_word' id='word_1_429' title='bbox 999 2677 1069 2718; x_wconf 93' lang='lat' dir='ltr'>illo</span> <span class='ocrx_word' id='word_1_430' title='bbox 1101 2677 1222 2728; x_wconf 86' lang='lat' dir='ltr'>vitio,</span> <span class='ocrx_word' id='word_1_431' title='bbox 1255 2678 1366 2734; x_wconf 91' lang='lat' dir='ltr'>quod</span> <span class='ocrx_word' id='word_1_432' title='bbox 1396 2678 1447 2721; x_wconf 92' lang='lat' dir='ltr'>ab</span> <span class='ocrx_word' id='word_1_433' title='bbox 1477 2679 1656 2734; x_wconf 84' lang='lat' dir='ltr'>Hegesia</span> <span class='ocrx_word' id='word_1_434' title='bbox 1676 2680 1857 2721; x_wconf 81' lang='lat' dir='ltr'>maxime</span> <span class='ocrx_word' id='word_1_435' title='bbox 1878 2677 2014 2728; x_wconf 85' lang='lat' dir='ltr'>fluxit,</span> 
     </span>
     <span class='ocr_line' id='line_1_41' title="bbox 219 2738 2019 2796; baseline 0.001 -15"><span class='ocrx_word' id='word_1_436' title='bbox 219 2756 254 2781; x_wconf 76' lang='lat'>40</span> <span class='ocrx_word' id='word_1_437' title='bbox 267 2738 535 2794; x_wconf 85' lang='lat' dir='ltr'>infringendis</span> <span class='ocrx_word' id='word_1_438' title='bbox 566 2738 915 2794; x_wconf 85' lang='lat' dir='ltr'>concidendisque</span> <span class='ocrx_word' id='word_1_439' title='bbox 945 2741 1126 2781; x_wconf 90' lang='lat' dir='ltr'>numeris</span> <span class='ocrx_word' id='word_1_440' title='bbox 1156 2740 1200 2781; x_wconf 89' lang='lat' dir='ltr'>in</span> <span class='ocrx_word' id='word_1_441' title='bbox 1231 2741 1438 2796; x_wconf 87' lang='lat' dir='ltr'>quoddam</span> <span class='ocrx_word' id='word_1_442' title='bbox 1463 2756 1591 2796; x_wconf 89' lang='lat' dir='ltr'>genus</span> <span class='ocrx_word' id='word_1_443' title='bbox 1612 2740 1819 2784; x_wconf 88' lang='lat' dir='ltr'>abiectum</span> <span class='ocrx_word' id='word_1_444' title='bbox 1838 2741 2019 2784; x_wconf 85' lang='lat' dir='ltr'>incidant</span> 
     </span>
     <span class='ocr_line' id='line_1_42' title="bbox 271 2801 2018 2859; baseline 0.002 -18"><span class='ocrx_word' id='word_1_445' title='bbox 271 2802 504 2844; x_wconf 89' lang='lat' dir='ltr'>Siculorum</span> <span class='ocrx_word' id='word_1_446' title='bbox 540 2801 807 2843; x_wconf 91' lang='lat' dir='ltr'>simillimum.</span> <span class='ocrx_word' id='word_1_447' title='bbox 868 2803 964 2843; x_wconf 88' lang='grc'><strong>231.</strong></span> <span class='ocrx_word' id='word_1_448' title='bbox 1013 2802 1197 2844; x_wconf 88' lang='lat' dir='ltr'>Tertium</span> <span class='ocrx_word' id='word_1_449' title='bbox 1235 2811 1318 2853; x_wconf 91' lang='lat' dir='ltr'>est,</span> <span class='ocrx_word' id='word_1_450' title='bbox 1363 2804 1408 2846; x_wconf 90' lang='lat' dir='ltr'>in</span> <span class='ocrx_word' id='word_1_451' title='bbox 1444 2819 1526 2859; x_wconf 89' lang='lat' dir='ltr'>quo</span> <span class='ocrx_word' id='word_1_452' title='bbox 1564 2805 1733 2846; x_wconf 85' lang='lat' dir='ltr'>fuerunt</span> <span class='ocrx_word' id='word_1_453' title='bbox 1769 2806 1921 2847; x_wconf 87' lang='lat' dir='ltr'>fratres</span> <span class='ocrx_word' id='word_1_454' title='bbox 1957 2803 2018 2846; x_wconf 94' lang='lat' dir='ltr'>illi</span> 
     </span>
    </p>
   </div>
   <div class='ocr_carea' id='block_1_3' title="bbox 270 2892 2025 2908">
    <p class='ocr_par' dir='ltr' id='par_1_4' title="bbox 270 2892 2025 2908">
     <span class='ocr_line' id='line_1_43' title="bbox 270 2892 2025 2908; baseline 0 854"><span class='ocrx_word' id='word_1_455' title='bbox 270 2892 2025 2908; x_wconf 95' lang='lat' dir='ltr'> </span> 
     </span>
    </p>
   </div>
   <div class='ocr_carea' id='block_1_4' title="bbox 274 2952 2017 3143">
    <p class='ocr_par' dir='ltr' id='par_1_5' title="bbox 274 2952 2017 3143">
     <span class='ocr_line' id='line_1_44' title="bbox 364 2952 2017 2990; baseline 0.004 -6"><span class='ocrx_word' id='word_1_456' title='bbox 364 2953 397 2984; x_wconf 88' lang='lat'>5.</span> <span class='ocrx_word' id='word_1_457' title='bbox 423 2954 569 2986; x_wconf 79' lang='lat' dir='ltr'>illustret</span> <span class='ocrx_word' id='word_1_458' title='bbox 597 2952 663 2985; x_wconf 90' lang='lat' dir='ltr'>Gu.</span> <span class='ocrx_word' id='word_1_459' title='bbox 692 2955 724 2985; x_wconf 90' lang='lat'>1.</span> <span class='ocrx_word' id='word_1_460' title='bbox 752 2954 785 2985; x_wconf 85' lang='grc'><strong>2.</strong></span> <span class='ocrx_word' id='word_1_461' title='bbox 814 2954 856 2985; x_wconf 88' lang='lat' dir='ltr'>R.</span> <span class='ocrx_word' id='word_1_462' title='bbox 900 2970 934 2976; x_wconf 87' lang='lat'>-</span> <span class='ocrx_word' id='word_1_463' title='bbox 977 2954 1033 2985; x_wconf 86' lang='grc'><strong>12.</strong></span> <span class='ocrx_word' id='word_1_464' title='bbox 1061 2955 1222 2989; x_wconf 78' lang='lat' dir='ltr'>adhibere</span> <span class='ocrx_word' id='word_1_465' title='bbox 1248 2956 1389 2989; x_wconf 85' lang='lat' dir='ltr'>Lamb.:</span> <span class='ocrx_word' id='word_1_466' title='bbox 1435 2960 1466 2988; x_wconf 79' lang='lat' dir='ltr'>et</span> <span class='ocrx_word' id='word_1_467' title='bbox 1491 2955 1654 2989; x_wconf 78' lang='lat' dir='ltr'>adhibere</span> <span class='ocrx_word' id='word_1_468' title='bbox 1680 2965 1756 2990; x_wconf 89' lang='lat' dir='ltr'>cum</span> <span class='ocrx_word' id='word_1_469' title='bbox 1783 2958 1878 2990; x_wconf 87' lang='lat' dir='ltr'>libris</span> <span class='ocrx_word' id='word_1_470' title='bbox 1904 2957 1945 2989; x_wconf 91' lang='lat' dir='ltr'>E.</span> <span class='ocrx_word' id='word_1_471' title='bbox 1971 2971 2017 2980; x_wconf 90' lang='lat'>-·</span> 
     </span>
     <span class='ocr_line' id='line_1_45' title="bbox 274 2997 2016 3045; baseline 0.005 -17"><span class='ocrx_word' id='word_1_472' title='bbox 274 2997 330 3029; x_wconf 86' lang='grc'><strong>20.</strong></span> <span class='ocrx_word' id='word_1_473' title='bbox 358 2997 435 3039; x_wconf 75' lang='lat' dir='ltr'>suit]</span> <span class='ocrx_word' id='word_1_474' title='bbox 475 3002 538 3041; x_wconf 83' lang='lat' dir='ltr'>fiat</span> <span class='ocrx_word' id='word_1_475' title='bbox 563 3001 632 3032; x_wconf 83' lang='lat' dir='ltr'>Vit.</span> <span class='ocrx_word' id='word_1_476' title='bbox 662 3001 757 3032; x_wconf 86' lang='lat' dir='ltr'>Eins.</span> <span class='ocrx_word' id='word_1_477' title='bbox 783 3001 910 3039; x_wconf 86' lang='lat' dir='ltr'>Peter,</span> <span class='ocrx_word' id='word_1_478' title='bbox 952 3002 999 3032; x_wconf 78' lang='lat' dir='ltr'>sit</span> <span class='ocrx_word' id='word_1_479' title='bbox 1030 3002 1071 3034; x_wconf 80' lang='lat' dir='ltr'>R.</span> <span class='ocrx_word' id='word_1_480' title='bbox 1113 3003 1170 3041; x_wconf 83' lang='lat' dir='ltr'>(Ut</span> <span class='ocrx_word' id='word_1_481' title='bbox 1204 3012 1290 3042; x_wconf 81' lang='lat' dir='ltr'>nOS,</span> <span class='ocrx_word' id='word_1_482' title='bbox 1327 3005 1454 3043; x_wconf 85' lang='lat' dir='ltr'>ceteri,</span> <span class='ocrx_word' id='word_1_483' title='bbox 1494 3006 1699 3035; x_wconf 82' lang='lat' dir='ltr'>nominatim</span> <span class='ocrx_word' id='word_1_484' title='bbox 1734 3004 1800 3037; x_wconf 90' lang='lat' dir='ltr'>Gu.</span> <span class='ocrx_word' id='word_1_485' title='bbox 1828 3007 1861 3037; x_wconf 90' lang='lat'>1.</span> <span class='ocrx_word' id='word_1_486' title='bbox 1889 3002 1938 3045; x_wconf 87' lang='grc'><strong>2.)</strong></span> <span class='ocrx_word' id='word_1_487' title='bbox 1976 3016 2016 3028; x_wconf 89' lang='grc'>-·</span> 
     </span>
     <span class='ocr_line' id='line_1_46' title="bbox 275 3045 2017 3093; baseline 0.005 -18"><span class='ocrx_word' id='word_1_488' title='bbox 275 3045 332 3075; x_wconf 80' lang='grc'><strong>21.</strong></span> <span class='ocrx_word' id='word_1_489' title='bbox 360 3049 443 3076; x_wconf 72' lang='lat' dir='ltr'>tecte,</span> <span class='ocrx_word' id='word_1_490' title='bbox 467 3048 597 3085; x_wconf 80' lang='lat' dir='ltr'>Aldus,</span> <span class='ocrx_word' id='word_1_491' title='bbox 625 3047 770 3086; x_wconf 86' lang='lat' dir='ltr'>Lamb.,</span> <span class='ocrx_word' id='word_1_492' title='bbox 797 3048 911 3079; x_wconf 88' lang='lat' dir='ltr'>Peter.</span> <span class='ocrx_word' id='word_1_493' title='bbox 955 3045 1051 3086; x_wconf 79' lang='lat' dir='ltr'>(tecti</span> <span class='ocrx_word' id='word_1_494' title='bbox 1075 3048 1200 3082; x_wconf 86' lang='lat' dir='ltr'>Dresd.</span> <span class='ocrx_word' id='word_1_495' title='bbox 1227 3050 1324 3082; x_wconf 88' lang='lat' dir='ltr'>Mon.</span> <span class='ocrx_word' id='word_1_496' title='bbox 1355 3050 1421 3082; x_wconf 92' lang='lat' dir='ltr'>Gu.</span> <span class='ocrx_word' id='word_1_497' title='bbox 1450 3051 1482 3082; x_wconf 90' lang='lat'>1.</span> <span class='ocrx_word' id='word_1_498' title='bbox 1511 3051 1544 3083; x_wconf 84' lang='lat'>2.</span> <span class='ocrx_word' id='word_1_499' title='bbox 1562 3075 1571 3091; x_wconf 89' lang='lat'>,</span> <span class='ocrx_word' id='word_1_500' title='bbox 1599 3054 1670 3083; x_wconf 78' lang='lat' dir='ltr'>tute</span> <span class='ocrx_word' id='word_1_501' title='bbox 1695 3052 1764 3084; x_wconf 85' lang='lat' dir='ltr'>Vit.</span> <span class='ocrx_word' id='word_1_502' title='bbox 1791 3052 1843 3090; x_wconf 87' lang='lat' dir='ltr'>R,</span> <span class='ocrx_word' id='word_1_503' title='bbox 1870 3052 2017 3093; x_wconf 81' lang='lat' dir='ltr'>Meyer.)</span> 
     </span>
     <span class='ocr_line' id='line_1_47' title="bbox 277 3091 2016 3143; baseline 0.007 -24"><span class='ocrx_word' id='word_1_504' title='bbox 277 3106 318 3112; x_wconf 90' lang='lat'>--</span> <span class='ocrx_word' id='word_1_505' title='bbox 343 3091 511 3132; x_wconf 73' lang='lat' dir='ltr'>incelliqat</span> <span class='ocrx_word' id='word_1_506' title='bbox 537 3094 605 3125; x_wconf 88' lang='lat' dir='ltr'>Vit.</span> <span class='ocrx_word' id='word_1_507' title='bbox 634 3095 731 3126; x_wconf 85' lang='lat' dir='ltr'>Eius.</span> <span class='ocrx_word' id='word_1_508' title='bbox 751 3094 802 3132; x_wconf 89' lang='lat' dir='ltr'>R,</span> <span class='ocrx_word' id='word_1_509' title='bbox 829 3094 944 3126; x_wconf 83' lang='lat' dir='ltr'>Peter.</span> <span class='ocrx_word' id='word_1_510' title='bbox 974 3093 1033 3134; x_wconf 86' lang='lat' dir='ltr'>(Ut</span> <span class='ocrx_word' id='word_1_511' title='bbox 1058 3104 1142 3136; x_wconf 84' lang='lat' dir='ltr'>nos,</span> <span class='ocrx_word' id='word_1_512' title='bbox 1171 3096 1238 3129; x_wconf 90' lang='lat' dir='ltr'>Gu.</span> <span class='ocrx_word' id='word_1_513' title='bbox 1260 3098 1292 3127; x_wconf 91' lang='lat'>1.</span> <span class='ocrx_word' id='word_1_514' title='bbox 1313 3099 1346 3127; x_wconf 79' lang='lat'>2.</span> <span class='ocrx_word' id='word_1_515' title='bbox 1368 3096 1525 3138; x_wconf 78' lang='lat' dir='ltr'>aliique.)</span> <span class='ocrx_word' id='word_1_516' title='bbox 1552 3114 1595 3120; x_wconf 89' lang='lat'>--</span> <span class='ocrx_word' id='word_1_517' title='bbox 1628 3098 1686 3129; x_wconf 91' lang='grc'>22.</span> <span class='ocrx_word' id='word_1_518' title='bbox 1713 3095 2016 3143; x_wconf 77' lang='grc' dir='ltr'><em>ἁπαλαίστρους]</em></span> 
     </span>
    </p>
   </div>
   <div class='ocr_carea' id='block_1_5' title="bbox 277 3137 2016 3281">
    <p class='ocr_par' dir='ltr' id='par_1_6' title="bbox 277 3137 2016 3281">
     <span class='ocr_line' id='line_1_48' title="bbox 278 3137 2014 3184; baseline 0.004 -16"><span class='ocrx_word' id='word_1_519' title='bbox 278 3137 496 3177; x_wconf 75' lang='lat' dir='ltr'>apalaestros</span> <span class='ocrx_word' id='word_1_520' title='bbox 522 3140 615 3171; x_wconf 83' lang='lat' dir='ltr'>Eius.</span> <span class='ocrx_word' id='word_1_521' title='bbox 642 3141 710 3172; x_wconf 89' lang='lat' dir='ltr'>Gu.</span> <span class='ocrx_word' id='word_1_522' title='bbox 740 3141 771 3174; x_wconf 90' lang='lat'>1.</span> <span class='ocrx_word' id='word_1_523' title='bbox 799 3141 835 3171; x_wconf 88' lang='grc'><strong>2.</strong></span> <span class='ocrx_word' id='word_1_524' title='bbox 862 3141 1014 3179; x_wconf 86' lang='lat' dir='ltr'>aliique,</span> <span class='ocrx_word' id='word_1_525' title='bbox 1054 3142 1104 3181; x_wconf 83' lang='lat' dir='ltr'>R,</span> <span class='ocrx_word' id='word_1_526' title='bbox 1147 3141 1411 3184; x_wconf 81' lang='grc' dir='ltr'><em>ἀπαλαίστους</em></span> <span class='ocrx_word' id='word_1_527' title='bbox 1448 3153 1526 3176; x_wconf 90' lang='lat' dir='ltr'>cum</span> <span class='ocrx_word' id='word_1_528' title='bbox 1552 3144 1673 3176; x_wconf 81' lang='lat' dir='ltr'>Lamb.</span> <span class='ocrx_word' id='word_1_529' title='bbox 1702 3146 1741 3177; x_wconf 93' lang='lat' dir='ltr'>E.</span> <span class='ocrx_word' id='word_1_530' title='bbox 1784 3161 1824 3168; x_wconf 93' lang='lat'><em>-</em></span> <span class='ocrx_word' id='word_1_531' title='bbox 1866 3145 1924 3176; x_wconf 68' lang='grc'><strong>24.</strong></span> <span class='ocrx_word' id='word_1_532' title='bbox 1962 3142 2014 3184; x_wconf 81' lang='lat' dir='ltr'>ut]</span> 
     </span>
     <span class='ocr_line' id='line_1_49' title="bbox 277 3183 2015 3232; baseline 0.005 -19"><span class='ocrx_word' id='word_1_533' title='bbox 277 3192 318 3214; x_wconf 74' lang='lat' dir='ltr'>ne</span> <span class='ocrx_word' id='word_1_534' title='bbox 345 3183 453 3214; x_wconf 85' lang='lat' dir='ltr'>Codd.</span> <span class='ocrx_word' id='word_1_535' title='bbox 480 3187 548 3215; x_wconf 86' lang='lat' dir='ltr'>noti</span> <span class='ocrx_word' id='word_1_536' title='bbox 576 3190 609 3217; x_wconf 87' lang='lat' dir='ltr'>et</span> <span class='ocrx_word' id='word_1_537' title='bbox 632 3188 674 3219; x_wconf 87' lang='lat' dir='ltr'>R.</span> <span class='ocrx_word' id='word_1_538' title='bbox 703 3188 906 3220; x_wconf 83' lang='lat' dir='ltr'>Emendavit</span> <span class='ocrx_word' id='word_1_539' title='bbox 930 3189 1121 3221; x_wconf 83' lang='lat' dir='ltr'>Manutius.</span> <span class='ocrx_word' id='word_1_540' title='bbox 1145 3205 1184 3212; x_wconf 89' lang='lat'>-</span> <span class='ocrx_word' id='word_1_541' title='bbox 1211 3191 1268 3221; x_wconf 90' lang='lat'>31.</span> <span class='ocrx_word' id='word_1_542' title='bbox 1296 3191 1381 3222; x_wconf 78' lang='lat' dir='ltr'>celat</span> <span class='ocrx_word' id='word_1_543' title='bbox 1407 3191 1437 3222; x_wconf 92' lang='lat' dir='ltr'>R</span> <span class='ocrx_word' id='word_1_544' title='bbox 1463 3195 1497 3223; x_wconf 85' lang='lat' dir='ltr'>et</span> <span class='ocrx_word' id='word_1_545' title='bbox 1516 3190 1626 3223; x_wconf 90' lang='lat' dir='ltr'>Codd.</span> <span class='ocrx_word' id='word_1_546' title='bbox 1648 3194 1720 3224; x_wconf 86' lang='lat' dir='ltr'>noti</span> <span class='ocrx_word' id='word_1_547' title='bbox 1748 3195 1885 3232; x_wconf 85' lang='lat' dir='ltr'>praeter</span> <span class='ocrx_word' id='word_1_548' title='bbox 1903 3191 2015 3229; x_wconf 63' lang='lat' dir='ltr'>Eius„</span> 
     </span>
     <span class='ocr_line' id='line_1_50' title="bbox 279 3230 2016 3281; baseline 0.006 -22"><span class='ocrx_word' id='word_1_549' title='bbox 279 3231 338 3269; x_wconf 83' lang='lat' dir='ltr'>qui</span> <span class='ocrx_word' id='word_1_550' title='bbox 365 3230 476 3261; x_wconf 84' lang='lat' dir='ltr'>firmat</span> <span class='ocrx_word' id='word_1_551' title='bbox 501 3236 625 3263; x_wconf 85' lang='lat' dir='ltr'>rectam</span> <span class='ocrx_word' id='word_1_552' title='bbox 651 3234 770 3265; x_wconf 87' lang='lat' dir='ltr'>Lamb.</span> <span class='ocrx_word' id='word_1_553' title='bbox 809 3235 1005 3267; x_wconf 84' lang='lat' dir='ltr'>lectionem.</span> <span class='ocrx_word' id='word_1_554' title='bbox 1042 3252 1087 3258; x_wconf 80' lang='lat'>--</span> <span class='ocrx_word' id='word_1_555' title='bbox 1128 3236 1184 3268; x_wconf 88' lang='lat'>35.</span> <span class='ocrx_word' id='word_1_556' title='bbox 1211 3237 1329 3268; x_wconf 78' lang='lat' dir='ltr'>scribit</span> <span class='ocrx_word' id='word_1_557' title='bbox 1357 3238 1477 3278; x_wconf 61' lang='lat' dir='ltr'>Eius„</span> <span class='ocrx_word' id='word_1_558' title='bbox 1509 3238 1570 3271; x_wconf 85' lang='lat' dir='ltr'>sed</span> <span class='ocrx_word' id='word_1_559' title='bbox 1595 3241 1630 3271; x_wconf 88' lang='lat' dir='ltr'>in</span> <span class='ocrx_word' id='word_1_560' title='bbox 1655 3248 1762 3281; x_wconf 83' lang='lat' dir='ltr'>marg.</span> <span class='ocrx_word' id='word_1_561' title='bbox 1798 3239 1946 3278; x_wconf 76' lang='lat' dir='ltr'>scripsit.</span> <span class='ocrx_word' id='word_1_562' title='bbox 1973 3253 2016 3262; x_wconf 88' lang='lat'>—·</span> 
     </span>
    </p>
   </div>
   <div class='ocr_carea' id='block_1_6' title="bbox 279 3275 1418 3323">
    <p class='ocr_par' dir='ltr' id='par_1_7' title="bbox 279 3275 1418 3323">
     <span class='ocr_line' id='line_1_51' title="bbox 279 3275 1418 3323; baseline 0.008 -15"><span class='ocrx_word' id='word_1_563' title='bbox 279 3275 335 3308; x_wconf 89' lang='lat'>38.</span> <span class='ocrx_word' id='word_1_564' title='bbox 361 3277 508 3317; x_wconf 69' lang='lat' dir='ltr'>reperies</span> <span class='ocrx_word' id='word_1_565' title='bbox 533 3277 652 3310; x_wconf 85' lang='lat' dir='ltr'>Lamb.</span> <span class='ocrx_word' id='word_1_566' title='bbox 679 3296 721 3303; x_wconf 89' lang='lat'>—</span> <span class='ocrx_word' id='word_1_567' title='bbox 745 3281 802 3314; x_wconf 70' lang='lat'>41.</span> <span class='ocrx_word' id='word_1_568' title='bbox 832 3280 998 3323; x_wconf 78' lang='lat' dir='ltr'>Tertium]</span> <span class='ocrx_word' id='word_1_569' title='bbox 1027 3282 1199 3322; x_wconf 78' lang='lat' dir='ltr'>Quartum</span> <span class='ocrx_word' id='word_1_570' title='bbox 1225 3284 1418 3318; x_wconf 74' lang='lat' dir='ltr'>Schtnzius.</span> 
     </span>
    </p>
   </div>
  </div>
 </body>
</html>
