2117 3762
225 259 317 302 310⁷
929 253 999 294 DE
1033 252 1279 296 ORATORE

223 367 306 408 Sed
334 364 427 421 plus
458 376 608 420 operae
638 361 730 403 foro
759 355 992 406 tribuebat,
1023 357 1186 407 amicis,
1218 361 1281 402 rei
1311 358 1518 402 familiari.
1579 359 1770 401 Valerius
1803 359 1987 416 quotidie

223 430 436 477 cantabat3
470 431 558 467 erat
590 423 699 465 enim
732 421 946 463 scenicus:
981 420 1082 475 quid
1111 419 1266 463 faceret
1293 422 1432 464 aliud?
1472 423 1540 463 87.
1574 422 1627 461 At
1655 423 1876 463 Numerius
1908 425 1988 465 Fu-

220 491 328 539 rius,
365 495 505 531 noster
531 484 768 532 familiaris,
809 497 903 525 cum
934 488 996 524 est
1028 485 1314 532 commodum,
1354 490 1504 526 cantat.
1566 486 1639 525 Est
1669 483 1780 525 enim
1810 484 1987 539 paterfa-

221 553 380 601 milias,
415 556 476 592 est
499 562 625 604 eques
653 551 888 597 Romanus3
931 559 1037 599 puer
1065 543 1229 593 didicit,
1263 551 1374 603 quod
1406 546 1648 589 discendum
1680 546 1771 588 fuit.
1831 546 1987 589 Eadem

193 616 328 656 sratio
359 619 421 655 est
451 613 593 653 harum
627 611 776 651 artium
807 608 1100 650 maximarum.
1160 606 1259 649 Dies
1293 615 1335 650 et
1364 615 1507 651 noctes
1542 608 1677 652 virum
1709 622 1870 650 summa
1904 610 1988 650 vir-

219 681 305 718 tute
337 680 377 716 et
405 674 625 728 prudentia
654 674 922 721 videbamus,
970 671 1222 725 philosopho
1255 685 1349 712 cum
1379 686 1549 727 operam
1580 674 1715 720 daret,
1765 673 1814 722 Q.
1852 671 1989 714 Tube-

219 752 381 781 ronem.
440 737 492 776 At
523 737 612 776 eius
644 735 892 776 avunculum
922 736 991 775 vix
1021 732 1273 787 intelligeres
1303 732 1345 773 id
1375 748 1517 788 agere,
1550 748 1641 775 cum
1672 740 1814 789 ageret
1834 740 1986 784 tamen,

219 800 475 842 Africanum.
537 800 619 840 Ista
661 799 874 839 discuntur
915 796 1058 845 facile,
1108 795 1143 837 si
1176 800 1215 836 et
1251 800 1409 836 tantum
1439 810 1601 845 sumas,
1650 802 1850 851 quantum
1882 811 1988 851 opus

221 865 292 912 sit,
335 867 375 903 et
408 863 591 911 habeas,
633 862 705 916 qui
739 864 890 902 docere
923 858 1104 900 fideliter
1136 858 1291 913 possit,
1335 862 1376 898 et
1402 859 1505 900 scias
1539 859 1661 900 etiam
1692 859 1781 913 ipse
1810 860 1985 902 discere.

171 939 207 963 10
221 929 286 968 88.
327 926 408 965 Sed
445 925 479 964 si
515 929 600 965 tota
636 924 721 966 vita
761 922 864 964 nihil
906 923 1008 964 velis
1048 920 1160 961 aliud
1198 933 1340 975 agere,
1391 922 1479 975 ipsa
1511 923 1699 963 tractatio
1728 927 1768 963 et
1801 921 1986 976 quaestio

221 986 406 1043 quotidie
438 1001 492 1028 ex
522 1000 565 1027 se
598 986 729 1041 gignit
760 985 936 1040 aliquid,
979 985 1091 1039 quod
1122 996 1215 1024 cum
1247 982 1459 1024 desidiosa
1490 984 1762 1025 delectatione
1792 985 1985 1039 vestiges.

219 1053 281 1092 Ita
310 1049 375 1096 fit,
419 1054 465 1090 ut
494 1048 665 1104 agitatio
696 1062 840 1090 rerum
870 1049 923 1089 sit
951 1045 1127 1092 infinita,
1159 1045 1342 1100 cognitio
1372 1045 1524 1092 facilis,
1566 1048 1600 1087 si
1630 1060 1728 1088 usus
1758 1046 1988 1089 doctrinam

219 1111 455 1161 confirmet,
502 1111 726 1153 mediocris
756 1124 884 1165 opera
912 1109 1141 1158 tribuatur,
1190 1109 1394 1149 memoria
1432 1109 1695 1163 studiumque
1725 1116 1983 1163 permaneat.

218 1175 341 1217 Libet
378 1179 517 1216 autem
554 1188 719 1228 semper
757 1176 938 1223 discere;
989 1177 1052 1214 ut'·
1074 1171 1109 1213 si
1146 1173 1272 1214 velim
1313 1185 1390 1225 ego
1433 1171 1524 1212 talis
1558 1172 1714 1224 optime
1745 1172 1887 1214 ludere
1917 1178 1989 1214 aut

168 1254 204 1279 15
219 1238 328 1294 pilae
360 1237 495 1279 studio
527 1242 690 1286 tenear,
723 1235 849 1278 etiam
877 1237 1076 1282 fortasse,
1110 1234 1145 1276 si
1176 1235 1340 1290 assequi
1372 1247 1456 1275 non
1485 1235 1667 1287 possim3
1701 1239 1741 1275 at
1765 1234 1856 1284 alii,
1890 1236 1987 1291 quia

218 1300 430 1356 praeclare
461 1299 643 1348 faciunt,
691 1299 1005 1345 vehementius,
1053 1311 1175 1353 quam
1209 1310 1329 1338 causa
1359 1295 1566 1349 postulat,
1617 1294 1895 1347 delectantur,
1944 1303 1990 1339 ut

219 1363 350 1405 Titius
380 1365 491 1417 pila,
523 1361 664 1404 Brulla
692 1362 799 1403 talis.
858 1361 927 1403 89.
963 1361 1102 1410 Quare
1132 1360 1234 1401 nihil
1266 1365 1350 1409 est,
1395 1360 1507 1414 quod
1539 1360 1757 1414 quisquam
1787 1360 1991 1415 magnitu-

219 1426 358 1467 dinem
379 1427 530 1467 artium
552 1438 605 1466 ex
626 1439 676 1465 eo
691 1456 702 1473 ‚
737 1422 850 1480 quod
871 1437 993 1464 senes
1012 1424 1191 1471 discunt,
1222 1423 1503 1478 pertimescat.
1564 1423 1752 1477 Namque
1774 1427 1845 1463 aut
1865 1437 1986 1464 senes

219 1488 272 1530 ad
313 1503 383 1530 eas
425 1492 691 1530 accesserunt
730 1492 800 1529 aut
835 1499 969 1541 usque
1007 1485 1060 1527 ad
1099 1490 1353 1527 senectutem
1396 1487 1436 1526 in
1474 1485 1620 1525 studiis
1651 1484 1890 1526 detinentur
1919 1491 1990 1526 aut

168 1567 205 1593 20
221 1556 314 1593 sunt
343 1552 583 1593 tardissimi.
644 1551 726 1591 Res
758 1547 927 1605 quidem
957 1561 1001 1589 se
1030 1561 1124 1589 mea
1156 1547 1361 1589 sententia
1391 1547 1450 1589 sic
1479 1548 1627 1594 habet,
1665 1552 1730 1596 ut,
1769 1548 1846 1588 nisi
1878 1549 1990 1603 quod

220 1615 396 1670 quisque
430 1613 512 1655 cito
543 1613 752 1668 potuerit,
799 1624 1012 1665 nunquam
1051 1609 1221 1652 omnino
1252 1611 1384 1667 possit
1414 1610 1669 1667 perdiscere.
1730 1612 1884 1654 XXIV.
1917 1613 1986 1652 90.

218 1679 328 1726 Iam,
361 1678 465 1725 iam,
498 1675 633 1729 inquit
653 1673 844 1722 Catulus,
877 1673 1089 1727 intelligo,
1120 1675 1288 1724 Crasse,
1312 1673 1411 1730 quid
1436 1673 1571 1724 dicas;
1603 1679 1644 1715 et
1663 1673 1831 1715 hercule
1853 1687 1992 1715 assen-

218 1741 314 1782 tior.
374 1739 479 1782 Satis
510 1737 633 1780 video
665 1737 768 1786 tibi,
800 1736 962 1778 homini
993 1735 1044 1777 ad
1065 1737 1387 1791 perdiscendum
1410 1738 1639 1787 acerrimo,
1672 1739 1724 1778 ad
1755 1750 1804 1778 ea
1835 1750 1989 1792 cogno-

221 1801 394 1851 scenda,
444 1814 549 1857 quae
589 1799 714 1849 dicis,
762 1798 891 1841 fuisse
931 1801 1146 1854 temporis.
1208 1799 1428 1854 Pergisne,
1481 1799 1615 1855 inquit
1652 1799 1849 1847 Crassus,
1896 1813 1986 1848 me,

169 1881 208 1906 25
221 1879 326 1919 quae
358 1866 513 1913 dicam,
548 1866 599 1905 de
630 1877 719 1912 me,
752 1876 837 1904 non
868 1862 918 1904 de
948 1877 994 1903 re
1024 1868 1172 1916 putare
1204 1862 1368 1904 dicere?
1421 1862 1502 1904 Sed
1531 1865 1638 1912 iam,
1679 1863 1713 1905 si
1743 1865 1904 1918 placet,
1938 1862 1989 1904 ad

219 1927 403 1969 instituta
434 1929 669 1968 redeamus,
726 1926 829 1968 Mihi
859 1939 986 1975 vero,
1019 1925 1185 1966 Catulus
1218 1925 1374 1980 inquit,
1407 1926 1555 1979 placet.

331 1992 400 2031 91.
444 1993 549 2031 Tum
581 1990 775 2037 Crassus,
809 1990 1020 2038 Quorsum
1051 1989 1176 2042 igitur
1206 1987 1308 2028 haec
1338 1994 1521 2042 spectat,
1555 1987 1715 2043 inquit,
1749 1992 1832 2028 tam
1863 1989 1990 2041 longa

219 2058 374 2095 ettam
415 2055 496 2094 alte
536 2052 713 2107 repetita
755 2053 921 2093 oratio?
972 2053 1061 2092 Hae
1106 2052 1211 2091 duae
1251 2057 1413 2104 partes,
1462 2065 1569 2105 quae
1600 2052 1703 2091 mihi
1749 2056 1986 2105 supersunt,

219 2115 491 2157 illustrandae
524 2116 726 2157 orationis
765 2128 813 2155 ac
852 2115 981 2155 totius
1014 2112 1280 2169 eloquentiae
1314 2113 1612 2161 cumulandae,
1654 2127 1829 2168 quarum.
1861 2114 1991 2153 altera

170 2192 208 2217 ³0
223 2178 305 2219 dici
334 2180 519 2231 postulat
548 2183 721 2226 ornate,
754 2177 884 2218 altera
914 2182 1033 2232 apte,
1064 2178 1171 2216 hanc
1202 2178 1356 2216 habent
1385 2176 1493 2224 vim,
1526 2181 1574 2216 ut
1593 2177 1645 2216 sit
1665 2189 1789 2230 quam
1811 2176 1989 2216 maxime

219 2241 425 2290 iucunda,
461 2255 583 2296 quam
614 2240 796 2282 maxime
825 2239 868 2280 in
899 2252 1045 2280 sensus
1077 2252 1246 2286 eorum,
1279 2239 1350 2293 qui
1380 2238 1578 2287 audiunt,
1611 2240 1759 2279 influat
1789 2243 1829 2278 et
1864 2252 1989 2293 quam

219 2303 410 2358 plurimis
454 2306 506 2344 sit
551 2305 678 2345 rebus
722 2304 941 2343 instructa.
1004 2303 1073 2342 92.
1119 2303 1443 2342 Instrumentum
1490 2306 1632 2342 autem
1672 2302 1754 2342 hoc
1796 2299 1986 2350 forense,

219 2365 473 2420 litigiosum,
517 2380 639 2414 acre,
680 2370 860 2406 tractum
901 2379 954 2405 ex
983 2364 1097 2418 vulgi
1129 2363 1396 2418 opinionibus
1428 2365 1628 2417 exiguum
1660 2377 1844 2418 saneque
1874 2377 1989 2405 men·

222 2428 359 2471 dicum
389 2434 464 2471 est.
538 2429 645 2470 Illud
674 2442 819 2470 rursus
849 2429 1010 2483 ipsum,
1059 2429 1170 2481 quod
1204 2426 1374 2469 tradunt
1403 2428 1498 2475 isti,
1546 2428 1618 2482 qui
1662 2425 1914 2480 profitentur
1943 2440 1987 2467 se

171 2504 208 2532 :35
223 2491 385 2534 dicendi
415 2493 659 2546 magistros,
693 2505 776 2532 non
807 2492 985 2531 multum
1017 2497 1080 2531 est
1109 2491 1243 2530 maius
1265 2503 1387 2545 quarn
1409 2491 1514 2531 illud
1534 2489 1704 2543 vulgare
1724 2503 1772 2529 ac
1801 2488 1983 2529 forense.

221 2557 434 2611 Apparatu
464 2556 586 2595 nobis
616 2567 722 2607 opus
744 2559 808 2595 est
830 2558 870 2594 et
890 2551 1015 2594 rebus
1038 2553 1255 2607 exquisitis
1270 2584 1281 2601 ,
1314 2551 1500 2607 undique
1523 2552 1729 2598 collectis,
1762 2552 1984 2598 arcessitis,

222 2619 515 2673 comportatis,
550 2622 597 2657 ut
627 2618 726 2665 tibi,
761 2617 934 2662 Caesar,
967 2616 1204 2656 faciendum
1235 2620 1297 2655 est
1327 2617 1379 2656 ad
1409 2628 1586 2664 annum;
1617 2619 1665 2655 ut
1695 2627 1771 2668 ego
1802 2615 1845 2654 in
1875 2613 1988 2654 aedi-

221 2683 339 2722 litate
362 2679 572 2728 laboravi,
605 2681 718 2734 quod
749 2679 1003 2734 quotidianis
1034 2683 1075 2719 et
1104 2677 1338 2719 vernaculis
1369 2677 1495 2720 rebus
1517 2678 1754 2719 satisfacere
1777 2690 1844 2717 me
1863 2689 1988 2732 posse

221 2746 321 2785 huic
349 2744 508 2797 populo
539 2755 624 2784 non
653 2740 866 2797 putabam.
930 2743 998 2781 93.
1040 2742 1278 2782 Verborum
1318 2741 1606 2794 eligendorum
1643 2745 1682 2782 et
1724 2738 1988 2780 collocando-

175 2816 211 2842 40
225 2821 317 2849 rum
347 2812 389 2847 et
418 2804 801 2847 concludendorum
839 2802 970 2845 facilis
1013 2809 1076 2845 est
1105 2805 1172 2845 vel
1201 2803 1306 2844 ratio
1338 2803 1405 2845 vel
1436 2804 1523 2844 sine
1552 2803 1715 2843 ratione
1747 2803 1837 2857 ipsa
1867 2815 1987 2843 exer-

317 2977 350 3008 ἶι.
379 2977 448 3017 fuit
475 2986 544 3009 om.
572 2977 612 3007 B.
643 2994 680 3000 -
727 2976 762 3010 5.
786 2979 903 3007 noctes
929 2975 1082 3016 quotidie
1109 2975 1198 3006 enim
1221 2975 1336 3005 virum
1362 2973 1433 3004 BR.
1475 2989 1516 2994 —
1553 2973 1609 3004 11.
1639 2973 1750 3014 yiynit
1776 2973 1803 3003 B
1829 2973 1983 3012 aliique,

226 3023 280 3054 R:
309 3025 432 3065 gyiqnat
458 3025 650 3056 Ernestius.
683 3039 721 3045 —-
769 3023 953 3062 ivzvestiqes
980 3031 1019 3054 ex
1044 3022 1127 3062 Lag.
1157 3023 1313 3061 quinque
1341 3020 1573 3052 deterioribus
1600 3019 1641 3050 T.
1681 3035 1722 3041 —-
1763 3020 1818 3050 12.
1852 3020 1910 3060 fit,
1948 3022 1986 3049 ut

227 3071 376 3109 αῃίεαῑῐο
403 3079 521 3102 rerum
544 3072 590 3101 sic
613 3070 778 3111 infinita,
807 3070 963 3109 cognitio
990 3068 1102 3108 facilis
1119 3093 1127 3104 ,
1163 3070 1192 3099 st
1217 3076 1300 3098 usus
1326 3067 1522 3099 Mulierus:
1558 3067 1596 3108 fit
1621 3067 1659 3097 in
1685 3065 1747 3106 (Rz
1774 3070 1812 3097 ut
1839 3065 1879 3103 E)
1911 3066 1986 3105 aqi-

227 3118 357 3148 tatione
392 3125 508 3148 rerum
539 3118 585 3149 sit
619 3117 759 3158 infinita
792 3117 967 3157 coynicio,
1007 3115 1125 3154 facilis
1156 3123 1237 3145 usus
1262 3114 1334 3145 RE.
1384 3112 1455 3155 (fit,
1494 3117 1532 3144 ut
1566 3114 1762 3153 aquatione
1792 3121 1909 3143 rerum
1941 3111 1986 3143 sit

226 3163 365 3203 infinita
391 3165 541 3203 coquitto
560 3187 567 3201 ‚
595 3162 734 3202 facilis,
761 3163 793 3193 si
815 3172 895 3194 usus
922 3163 1134 3196 Schiitzius.)
1164 3178 1201 3184 —
1230 3162 1286 3192 15.
1314 3159 1431 3200 etiam]
1460 3166 1490 3191 et
1516 3160 1555 3190 B.
1588 3177 1625 3182 —
1654 3157 1704 3199 at]
1733 3163 1771 3190 uc
1789 3159 1828 3190 B.
1856 3175 1900 3179 —
1925 3158 1982 3189 17.

227 3210 465 3248 maqnitudine
491 3210 531 3241 B.
562 3227 598 3233 —
629 3210 685 3241 18.
712 3214 751 3242 uc
777 3218 870 3241 senes
895 3209 935 3240 B.
964 3226 1004 3231 -
1031 3209 1088 3240 20.
1116 3217 1150 3239 se
1173 3208 1220 3239 sic
1244 3216 1319 3239 mea
1344 3208 1512 3239 sententia
1538 3207 1580 3238 R.
1609 3222 1649 3228 —
1683 3205 1738 3237 30.
1767 3205 1836 3236 dici
1862 3210 1984 3236 ornate

224 3255 383 3296 postulat
419 3255 444 3285 B
462 3278 470 3292 ‚
511 3260 632 3288 ornate
658 3256 728 3287 dici
750 3257 909 3295 postulat
934 3256 975 3287 R.
1015 3271 1060 3277 ——
1099 3254 1157 3285 31.
1185 3255 1336 3285 audiant
1361 3255 1399 3285 B.
1435 3270 1474 3275 -
1513 3253 1569 3284 33.
1599 3261 1748 3292 saneque
1773 3252 1799 3282 B
1825 3251 1982 3291 aliique:

229 3310 311 3333 sane
336 3307 439 3341 atquc
464 3302 535 3333 RE.
562 3318 606 3324 —
642 3302 699 3334 35.
725 3303 836 3334 multo
861 3304 1042 3335 Manutius
1069 3305 1102 3334 et
1131 3301 1328 3335 Lambinus.
1356 3317 1401 3322 -
1438 3300 1495 3333 36.
1523 3300 1671 3332 collectis
1696 3298 1722 3329 B
1748 3297 1877 3337 aliique
1895 3321 1903 3337 ,
1931 3299 1982 3330 R:

230 3354 262 3382 ct
287 3348 438 3381 collectis
463 3348 504 3379 E.
531 3365 575 3370 —
599 3351 773 3382 accersitis
799 3358 816 3382 e
844 3350 953 3383 Codd.
980 3349 1061 3389 aliq.
1088 3347 1129 3380 T.
