2117 3762
235 256 315 298 256
944 255 1013 294 DE
1047 254 1292 296 ORATORE

235 361 317 403 sint
345 375 368 403 a
397 375 463 403 me
494 361 725 417 proposita,
776 360 827 399 de
857 372 939 400 uno
973 360 1147 410 dictum;
1200 375 1293 401 cum
1333 361 1383 401 de
1420 357 1581 401 duobus
1612 358 1783 415 reliquis
1814 359 1979 410 dixero,

234 431 320 467 tum
353 425 429 467 erit
459 425 635 478 denique
666 421 716 462 de
748 420 1008 475 disponenda
1039 426 1125 462 tota
1155 423 1343 464 oratione
1376 423 1673 478 quaerendum.

344 488 491 529 XLIII.
534 487 624 528 182.
675 482 792 527 Valet
821 484 946 537 igitur
976 482 1150 525 multum
1181 484 1234 526 ad
1270 487 1518 527 vincendum
1556 486 1726 541 probari
1765 499 1902 528 mores
1947 490 1988 527 et

233 550 418 592 instituta
448 555 488 590 et
515 547 618 589 facta
649 551 690 587 et
719 545 845 587 vitam
877 559 1040 594 eorum,
1073 545 1145 602 qui
1176 553 1297 601 agent
1326 562 1489 597 causas,
1522 554 1562 590 et
1593 562 1764 598 eorum,
1797 562 1875 602 pro
1897 548 1988 604 qui-

205 615 334 662 sbus,
388 617 428 653 et
456 611 552 652 item
582 610 809 664 improbari
839 608 1194 656 adversariorum,
1239 610 1482 667 animosque
1522 624 1689 660 eorum,
1739 609 1849 666 apud
1881 623 1984 665 quos

233 682 399 731 agetur,
443 671 651 715 conciliari
693 685 815 727 quam
844 671 1024 713 maxime
1055 673 1105 712 ad
1136 672 1467 714 benevolentiam
1500 686 1591 714 cum
1623 685 1719 728 erga
1751 678 1986 721 oratorem,

232 747 317 782 tum
349 752 445 792 erga
475 736 614 785 illum‘,
648 750 726 790 pro
757 750 839 792 quo
871 737 980 777 dicet
1010 738 1163 775 orator.
1223 733 1501 776 Conciliantur
1531 740 1667 776 autem
1699 735 1825 776 animi
1855 734 1988 789 digni-

230 809 311 844 tate
340 798 541 847 hominis,
574 800 698 840 rebus
729 798 879 854 gestis,
911 796 1217 840 existimatione
1248 795 1380 846 vitae;
1414 811 1518 852 quae
1547 797 1706 840 facilius
1730 797 1870 839 ornari
1892 811 1986 853 pos-

231 870 346 912 sunt,
393 862 427 904 si
457 860 581 902 modo
614 866 731 910 sunt,
780 875 903 916 quam
934 860 1055 915 fingi,
1100 859 1134 899 si
1164 857 1275 899 nulla
1306 863 1413 899 sunt.
1476 859 1557 901 Sed
1587 863 1688 902 haec
1719 860 1916 903 adiuvant
1943 861 1988 902 in

181 939 216 965 10
232 932 420 968 oratore:
452 924 597 966 lenitas
628 925 768 973 vocis,
801 923 935 965 vultus
965 923 1136 978 pudoris
1167 919 1435 974 significatio,
1468 925 1690 965 verborum
1723 923 1919 974 comitas;
1953 924 1988 965 si

230 989 328 1046 quid
357 1000 608 1043 persequare
639 986 789 1035 acrius,
826 993 871 1027 ut
899 986 1051 1027 invitus
1083 990 1122 1026 et
1152 989 1318 1025 coactus
1347 984 1486 1024 facere
1507 986 1690 1027 videare.
1752 987 1986 1036 FacilitatiS‚

228 1050 508 1099 liberalitatis,
558 1050 907 1098 mansuetudinis,
948 1049 1135 1105 pietatis,
1176 1047 1281 1101 grati
1311 1045 1461 1096 animi,
1502 1060 1586 1089 non
1615 1053 1869 1104 appetentiS‚
1903 1063 1989 1092 non

228 1116 338 1157 avidi
367 1114 483 1169 signa
510 1113 691 1168 proferri
720 1112 903 1166 perutile
934 1117 1019 1161 est;
1065 1124 1198 1165 eaque
1230 1108 1389 1156 omnia,
1422 1122 1527 1163 quae
1557 1110 1804 1165 proborum,
1837 1111 1990 1153 demis-

229 1192 390 1224 sorum,
421 1189 506 1217 non
531 1174 714 1223 acrium,
748 1188 831 1216 non
861 1173 1153 1230 pertinacium,
1184 1185 1266 1213 non
1299 1170 1601 1226 litigiosorum,
1634 1186 1718 1213 non
1738 1176 1985 1216 acerborum

178 1252 214 1277 1⁵
228 1245 339 1289 sunt,
368 1239 488 1281 valde
519 1236 851 1279 benevolentiam
881 1235 1100 1278 conciliant
1130 1234 1445 1289 abalienantque
1470 1232 1521 1274 ab
1544 1233 1618 1283 iis,
1650 1234 1693 1276 in
1714 1237 1863 1291 quibus
1885 1236 1985 1279 haec

228 1318 311 1345 non
341 1307 449 1344 sunt.
510 1302 655 1355 Itaque
700 1302 844 1341 eadem
885 1304 979 1340 sunt
1016 1298 1059 1339 in
1099 1295 1357 1339 adversarios
1397 1311 1447 1337 ex
1477 1298 1685 1339 contrario
1717 1298 1983 1341 eonferenda.

231 1368 322 1409 183.
369 1366 449 1407 Sed
490 1377 619 1418 genus
665 1361 743 1404 hoc
781 1367 913 1404 totum
957 1362 1155 1404 orationis
1194 1361 1235 1400 111
1274 1358 1323 1400 115
1355 1358 1487 1400 0311515
1518 1360 1708 1410 excellit,
1760 1362 1803 1402 in
1833 1361 1984 1417 quibus

227 1430 363 1471 minus
402 1431 541 1483 potest
578 1424 822 1467 inflammari
859 1425 1020 1466 animus
1049 1422 1197 1465 iudicis
1227 1422 1312 1463 acri
1344 1427 1383 1463 et
1411 1422 1645 1466 vehementi
1677 1423 1853 1480 quadam
1883 1424 1985 1466 inci-

226 1493 397 1534 tatione.
453 1492 545 1530 Non
585 1489 695 1530 enim
738 1502 905 1542 semper
941 1488 1060 1529 fortis
1100 1487 1232 1528 oratio
1275 1484 1485 1539 quaeritur
1524 1487 1597 1527 sed
1637 1499 1759 1542 saepe
1797 1486 1984 1541 placida,

178 1553 469 1600 2osummissa‚
512 1551 642 1600 lenis,
689 1565 793 1606 quae
831 1552 1010 1592 maxime
1049 1546 1312 1590 commendat
1340 1561 1449 1589 reos.
1511 1550 1618 1590 Reos
1650 1555 1788 1591 autem
1818 1549 1983 1605 appello

227 1631 313 1659 non
343 1629 414 1657 eos
445 1612 591 1661 modo,
638 1613 707 1669 qui
738 1619 986 1668 arguuntur,
1029 1613 1102 1653 sed
1133 1624 1301 1659 omnes,
1342 1623 1519 1666 quorum
1552 1612 1603 1652 de
1634 1626 1679 1653 re
1709 1613 1984 1668 disceptatur3

228 1681 285 1722 sic
315 1678 425 1720 enim
455 1676 555 1718 olim
584 1676 877 1730 loquebantur.
938 1677 1031 1716 184.
1080 1676 1241 1715 Horum
1286 1673 1413 1727 igitur
1453 1675 1688 1729 exprimere
1723 1689 1861 1717 mores
1893 1688 1987 1717 ora-

226 1743 340 1784 tione
369 1740 518 1790 iustos,
550 1739 755 1791 integros,
788 1737 1025 1791 religiosos,
1058 1737 1247 1785 timidos,
1282 1736 1539 1792 perferentes
1569 1737 1813 1780 iniuriarum
1834 1739 1986 1779 mirum

227 1803 422 1860 quiddam
451 1801 582 1852 valet;
624 1805 665 1841 et
694 1801 775 1842 1100
805 1799 871 1841 vel
903 1799 946 1841 iu
975 1799 1186 1857 principiis
1217 1798 1280 1840 vel
1311 1799 1353 1840 in
1383 1813 1428 1840 re
1458 1800 1664 1842 narranda
1692 1800 1759 1842 vel
1788 1799 1832 1841 in
1861 1813 1986 1856 pero-

176 1868 356 1908 251311ᾱο
398 1870 552 1906 tantam
592 1865 719 1905 habet
754 1862 862 1912 vim,
915 1862 949 1903 si
990 1869 1050 1904 est
1092 1861 1274 1904 suaviter
1304 1867 1467 1903 etcum
1497 1876 1621 1904 sensu
1651 1868 1889 1910 tractatum,
1939 1866 1986 1903 ut

116 1923 119 1925 ”
227 1943 348 1986 saepe
387 1928 478 1983 plus
516 1941 639 1981 quam
682 1939 803 1967 causa
841 1925 989 1967 valeat.
1050 1927 1225 1966 Tantum
1264 1930 1400 1966 autem
1442 1924 1620 1966 efficitur
1649 1939 1772 1967 sensu
1803 1927 1984 1981 quodam

227 2006 275 2034 30
306 1990 465 2032 ratione
497 1990 683 2037 dicendi,
714 1994 760 2030 ut
789 1988 904 2043 quasi
934 2001 1072 2029 mores
1098 1987 1276 2029 oratoris
1299 1986 1464 2041 effingat
1484 1989 1631 2029 oratio.
1691 1989 1851 2029 Genere
1874 1988 1984 2028 enim

227 2056 408 2110 quodam
439 2053 733 2094 sententiarum
765 2056 806 2091 et
835 2064 988 2104 genere
1019 2052 1265 2098 verborum,
1317 2048 1497 2090 adhibita
1538 2050 1659 2091 etiam
1698 2049 1860 2091 actione
1900 2049 1983 2089 leni

229 2117 552 2171 facilitatemque
583 2112 825 2169 significanti
856 2112 1055 2162 efficitur,
1103 2118 1149 2152 ut
1190 2111 1333 2167 probi,
1378 2118 1422 2153 ut
1451 2114 1559 2154 bene
1589 2112 1762 2161 morati,
1810 2117 1854 2153 ut
1882 2111 1984 2152 boni

177 2181 305 2222 aoviri
336 2192 427 2221 esse
455 2179 690 2221 videantur.
751 2177 893 2218 XLIV.
943 2179 1035 2218 185.
1082 2175 1189 2217 Huic
1230 2180 1366 2216 autem
1407 2179 1468 2216 est
1504 2174 1575 2215 illa
1614 2173 1754 2229 dispar
1789 2173 1981 2215 adiuncta

225 2244 331 2284 ratio
364 2241 587 2290 orationis,
621 2254 727 2296 quae
758 2241 840 2281 alio
870 2239 1050 2295 quodam
1082 2251 1234 2292 genere
1264 2242 1423 2279 mentes
1452 2236 1635 2278 iudicum
1665 2241 1883 2291 permovet
1907 2237 1984 2278 im-

225 2305 446 2361 pellitque,
477 2309 524 2346 ut
552 2308 622 2345 aut
652 2304 817 2344 oderint
846 2308 916 2344 aut
946 2303 1120 2355 diligant
1150 2306 1220 2342 aut
1248 2299 1460 2341 invideant
1490 2304 1561 2340 aut
1585 2301 1744 2341 salvum
1765 2298 1893 2341 velint
1912 2303 1983 2340 aut

225 2373 411 2410 metuant
445 2372 516 2409 aut
554 2371 723 2422 sperent
753 2371 823 2407 aut
853 2365 1022 2421 cupiant
1050 2370 1121 2405 aut
1150 2362 1405 2404 abhorreant
1434 2368 1503 2403 aut
1532 2363 1739 2403 laetentur
1768 2366 1838 2402 aut
1867 2375 1980 2403 mae-

225 2435 343 2474 reant
385 2434 454 2472 aut
496 2430 768 2471 misereantur
806 2433 875 2470 aut
913 2429 1061 2481 punire
1091 2426 1220 2469 velint
1249 2430 1319 2466 aut
1349 2424 1400 2466 ad
1430 2438 1501 2466 eos
1532 2430 1669 2466 motus
1700 2423 1978 2474 deducantur,

179 2497 258 2537 3551
290 2495 360 2551 qui
399 2492 560 2534 finitimi
597 2497 690 2534 sunt
728 2496 768 2532 et
803 2490 1026 2547 propinqui
1064 2490 1127 2531 his
1172 2503 1218 2531 ac
1262 2489 1412 2529 talibus
1456 2487 1581 2530 animi
1627 2488 1975 2542 permotionibus.

229 2558 321 2599 186.
352 2557 486 2612 Atque
516 2555 617 2597 illud
646 2556 871 2608 optandum
909 2558 969 2595 est
1012 2553 1191 2601 oratori,
1241 2556 1287 2593 ut
1326 2551 1505 2607 aliquam
1549 2550 1854 2606 permotionem
1893 2550 1982 2592 ani-

225 2633 391 2662 morum
421 2632 494 2661 sua
523 2622 669 2674 sponte
698 2616 777 2673 ipsi
808 2616 983 2658 afferant
1011 2618 1063 2658 ad
1093 2629 1258 2657 causam
1288 2615 1445 2656 iudices
1476 2615 1527 2655 ad
1563 2613 1628 2662 id,
1674 2614 1785 2669 quod
1824 2612 1980 2655 utilitas

227 2681 403 2725 oratoris
432 2682 559 2730 feret,
601 2682 965 2722 accommodatam.
1026 2678 1202 2719 Facilius
1233 2682 1295 2718 est
1325 2678 1435 2718 enim
1468 2681 1732 2726 currentem,
1764 2680 1809 2717 ut
1838 2675 1977 2725 aiunt,

229 2750 1970 2767 Μ

320 2790 353 2821 1.
380 2789 496 2828 posita
520 2786 563 2820 A.
594 2804 629 2811 -
663 2796 740 2818 cum
765 2784 818 2826 de]
848 2786 938 2826 quod
963 2786 1003 2817 de
1028 2784 1068 2816 A.
1100 2802 1137 2808 —
1166 2784 1200 2815 3.
1228 2784 1411 2816 dicendum
1436 2783 1512 2814 AR.
1540 2797 1582 2803 -
1607 2787 1639 2814 et
1663 2783 1828 2814 instituta
1852 2783 1879 2813 B
1906 2783 1980 2815 alli-

229 2845 320 2877 que,
347 2836 402 2868 R:
429 2835 593 2867 instituta
619 2832 701 2875 (Αἳ)
721 2834 762 2866 Ε.
786 2850 822 2856 -
850 2832 886 2865 4.
913 2837 945 2865 et
967 2832 1063 2871 sacta
1090 2835 1120 2863 et
1144 2833 1252 2863 vitam
1279 2841 1346 2863 om.
1374 2831 1447 2869 AB,
1474 2830 1575 2861 voss.
1602 2830 1643 2860 In
1669 2839 1735 2870 mg.
1763 2832 1861 2870 ponit
1878 2829 1977 2863 Leid.

228 2900 270 2905 —-
297 2884 330 2915 5.
359 2886 390 2914 et
414 2880 508 2923 item]
536 2882 639 2913 etiam
663 2881 737 2912 AB.
768 2896 806 2902 —-
834 2879 866 2911 6.
897 2884 1022 2920 ayetur
1047 2879 1130 2910 AB:
1161 2881 1282 2919 aqitur
1306 2878 1381 2910 RE.
1410 2893 1450 2899 -
1492 2874 1582 2915 cum]
1611 2881 1683 2908 tum
1707 2877 1750 2908 R.
1779 2892 1818 2899 —
1860 2876 1893 2908 8.
1918 2877 1980 2908 ho-

228 2931 345 2969 minis]
373 2931 482 2961 omnis
506 2929 579 2961 AB.
608 2944 648 2950 -
675 2928 778 2959 rebus
803 2925 920 2967 qesta]
946 2926 1096 2957 robustis
1122 2925 1194 2957 AB.
1225 2942 1262 2947 —-
1289 2925 1323 2956 9.
1351 2923 1497 2956 adiuvat
1522 2924 1561 2954 B.
1592 2940 1629 2946 —
1672 2924 1729 2955 10.
1755 2923 1890 2958 vultus,
1914 2932 1980 2964 pu—

231 2977 326 3007 doris
353 2977 389 3008 E.
419 2976 503 3017 (Cfr.
532 2975 620 3007 infra
645 2973 682 3014 §.
710 2972 806 3014 333.)
832 2974 949 3006 vulcus
971 2974 1104 3012 pudor,
1132 2972 1263 3004 doloris
1290 2973 1438 3004 coniecit
1465 2970 1610 3003 Hanow·
1634 2988 1671 2994 —
1700 2971 1755 3003 11.
1780 2978 1979 3011 persequere

229 3022 270 3054 Β.
299 3039 338 3044 -
365 3023 420 3054 13.
445 3021 605 3063 proferre
630 3021 735 3052 ABR.
763 3037 808 3042 --
834 3022 888 3052 15.
916 3022 1127 3052 concinnant
1151 3019 1222 3050 AB.
1254 3034 1290 3040 —-
1328 3019 1412 3049 haec
1437 3021 1518 3048 sunt
1544 3017 1647 3049 ABR.
1677 3034 1717 3040 —
1755 3017 1812 3048 17.
1841 3017 1979 3049 eoecellic

230 3069 290 3099 AB
316 3069 468 3108 aliique:
496 3069 634 3101 excellet
660 3069 731 3100 RE.
754 3084 793 3090 -
821 3067 878 3099 20.
906 3068 1043 3098 summis
1069 3066 1191 3097 alienis
1209 3065 1251 3097 A.
1273 3081 1314 3087 —
1340 3065 1605 3096 commendatos,
1632 3072 1708 3096 reos
1733 3069 1852 3095 autem
1875 3063 1918 3095 A.
1937 3079 1975 3086 -

229 3115 288 3146 23.
315 3115 524 3155 perferendis
548 3116 620 3147 AB.
650 3131 686 3137 —
728 3115 784 3146 24.
820 3118 850 3145 et
874 3114 927 3145 vel
952 3114 1011 3145 hoc
1035 3113 1075 3144 B.
1102 3129 1146 3134 —
1183 3112 1382 3152 perorando
1416 3111 1442 3141 B
1479 3111 1631 3151 aliique:
1667 3110 1868 3150 peroranda
1893 3109 1934 3145 (A
1947 3110 1977 3148 ‘?)

230 3161 306 3193 RE.
332 3176 376 3184 —
416 3162 472 3192 27.
500 3163 552 3202 ac]
580 3166 610 3193 et
635 3162 678 3193 R.
705 3178 745 3183 —
788 3161 845 3192 29.
872 3161 1110 3201 facilitateque
1133 3159 1357 3200 significandi
1383 3158 1424 3189 R.
1464 3173 1499 3179 —
1538 3163 1569 3190 et
1597 3158 1678 3189 boni
1701 3158 1743 3189 R.
1773 3174 1810 3180 —
1854 3155 1911 3187 32.
1938 3160 1979 3189 ut

232 3207 367 3240 oderint
391 3207 462 3240 AB.
491 3226 529 3231 -
557 3209 612 3240 33.
639 3211 805 3248 spernant
830 3208 902 3239 AB.
934 3224 970 3230 —
1000 3210 1062 3238 aut
1086 3209 1123 3237 ut
1148 3207 1290 3246 cupiant
1314 3205 1354 3236 B.
1384 3220 1424 3226 -
1450 3204 1506 3236 34.
1533 3205 1745 3236 deducantur
1769 3202 1880 3235 Codd.
1907 3203 1975 3235 aL:

231 3255 395 3287 diducant
420 3254 473 3292 A,
514 3255 683 3287 deducant
708 3256 756 3296 B,
800 3255 1026 3286 adducantur
1050 3254 1124 3285 RE.
1167 3269 1200 3275 -
1246 3253 1302 3284 35.
1329 3255 1361 3283 et
1384 3252 1423 3282 de
1442 3252 1652 3291 propinquis
1677 3260 1718 3282 ac
1743 3250 1815 3281 ΑΒ.
1845 3265 1884 3272 -
1927 3250 1978 3281 his

232 3311 300 3334 om.
328 3301 368 3334 A.
397 3317 438 3323 —-
460 3303 731 3340 permotionibus
755 3302 813 3334 AB
840 3302 993 3342 aliique:
1016 3299 1338 3342 perturbationibus
1364 3298 1436 3331 RE.
1464 3315 1508 3320 —-
1548 3298 1604 3333 37.
1631 3296 1782 3339 afferant
1807 3305 1876 3330 om.
1902 3296 1974 3330 AB.

235 3365 272 3376 ·-
301 3348 357 3382 38.
383 3349 640 3381 accommodata
664 3350 736 3382 ΑΒ.
