2117 3762
545 319 614 363 AD
645 320 697 362 M.
727 319 938 361 BRUTUM
970 319 1013 361 C.
1050 321 1113 364 12.
1149 320 1212 360 13.
1249 317 1315 360 15.
1722 317 1801 360 411

54 426 298 471 Theodorus
328 432 464 470 autem
493 424 767 484 praefractior
795 439 871 466 nec
902 425 1012 474 satis,
1044 431 1089 467 ut
1119 427 1174 467 ita
1205 425 1350 473 dicam,
1380 421 1585 467 rotundus
1605 454 1615 472 ,
1645 424 1804 479 primus

54 490 230 533 instituit
269 491 442 533 dilatare
480 490 618 532 verbis
656 494 697 529 et
735 487 995 529 mollioribus
1032 490 1217 530 numeris
1254 488 1420 543 explere
1460 487 1698 528 sententias.
1759 487 1806 527 In

54 567 139 608 quo
170 567 263 594 cum
295 555 464 594 doceret
493 565 587 598 eos,
620 552 690 605 qui
721 551 868 604 partim
899 551 940 591 in
971 549 1168 598 dicendo,
1199 550 1348 604 partim
1379 552 1420 591 in
1452 547 1673 591 scribendo
1695 548 1808 601 prin-

55 615 166 671 cipes
197 616 464 663 exstiterunt‚
496 613 643 655 domus
674 614 762 654 eius
796 612 960 654 officina
982 612 1118 654 habita
1140 613 1400 668 eloquentiae
1431 618 1504 656 est.
1562 611 1628 652 hl.
1660 612 1803 664 ltaque

53 685 99 719 ut
129 690 231 731 ego,
280 691 373 719 cum
412 690 436 719 a
471 682 615 717 nostro
657 676 810 716 Catone
852 674 1067 722 laudabar,
1119 675 1183 716 vel
1225 677 1471 729 reprehendi
1509 687 1574 715 me
1604 686 1626 714 a
1658 672 1831 713 ceteriss

53 739 173 783 facile
203 739 415 796 patiebar,
456 740 513 779 sic
542 740 745 779 Isocrates
775 737 939 779 videtur
969 737 1206 779 testimonio
1239 737 1417 779 Platonis
1447 737 1625 778 aliorum
1657 734 1808 776 iudicia

55 805 211 845 debere
241 808 523 844 contemnere.
584 803 657 842 Est
686 801 819 848 enim,
852 806 898 842 ut
917 801 1022 848 scis,
1056 800 1170 856 quasi
1192 800 1234 842 in
1256 806 1437 841 extrema
1459 799 1609 855 pagina
1630 796 1808 839 Phaedri

53 867 118 908 his
146 864 248 919 ipsis
277 862 416 906 verbis
446 862 621 918 loquens
659 865 876 904 Socrates:
931 861 1207 904 «Adolescens
1244 862 1496 908 etiamnunc,
1547 876 1571 902 o
1602 860 1806 907 Phaedre,

55 930 259 970 Isocrates
289 930 379 974 est;
431 925 504 967 sed
534 927 633 981 quid
665 927 715 966 de
746 925 815 966 illo
847 939 1049 979 augurer,
1095 925 1210 966 lubet
1247 925 1399 966 dicere.
1462 923 1570 974 Quid
1611 921 1807 964 tandem?

53 991 187 1046 inquit
205 988 289 1034 ille.
348 989 506 1030 Maiore
535 988 635 1029 mihi
667 987 836 1041 ingenio
865 987 1028 1028 videtur
1056 1001 1169 1036 esse,
1203 1001 1326 1042 quam
1357 993 1401 1028 ut
1431 1000 1523 1028 cum
1546 985 1859 1028 orationibusw

52 1052 199 1107 Lysiae
228 1058 510 1105 comparetur.
570 1052 795 1092 Praeterea
824 1049 876 1091 ad
915 1051 1112 1091 virtutem
1155 1051 1289 1091 maior
1328 1049 1509 1096 indoles,
1553 1055 1599 1090 ut
1641 1047 1809 1089 minime

53 1115 206 1156 mirum
235 1114 424 1155 futurum
455 1113 531 1162 sit,
579 1115 631 1159 si,
679 1126 771 1154 cum
808 1117 941 1153 aetate
978 1111 1249 1166 processerit,
1294 1118 1365 1153 aut
1393 1113 1434 1153 in
1464 1114 1544 1152 hoc
1572 1113 1810 1153 orationum

54 1189 231 1232 genere,
277 1176 344 1217 cui
383 1190 492 1217 nunc
533 1175 692 1222 studet,
737 1180 920 1223 tantum,
969 1180 1166 1230 quantum
1209 1174 1370 1229 pueris,
1415 1174 1588 1230 reliquis
1629 1177 1810 1228 praestet

53 1236 264 1285 omnihus,
314 1238 386 1294 qui
423 1251 604 1293 unquam
645 1237 854 1279 orationes
883 1237 1131 1290 attigerunt;
1181 1241 1272 1284 aut,
1322 1237 1356 1277 si
1388 1242 1604 1277 contentus
1633 1235 1696 1276 his
1726 1248 1811 1276 non

51 1300 198 1348 suerit,
230 1300 370 1342 divino
400 1300 539 1355 aliquo
570 1299 695 1341 animi
725 1304 839 1341 motu
870 1298 1026 1340 maiora
1057 1299 1337 1353 concupiscat.
1399 1300 1511 1340 Inest
1532 1300 1642 1340 enim
1662 1301 1859 1340 natura¹⁵

51 1362 317 1419 philosophia
362 1365 403 1404 in
445 1362 568 1404 buius
615 1361 694 1403 viri
735 1366 873 1402 mente
915 1359 1159 1416 quaedam.»
1221 1363 1290 1402 42.
1324 1362 1437 1402 Haec
1467 1362 1518 1402 de
1550 1359 1809 1402 adolescente

54 1427 247 1468 Socrates
277 1431 514 1479 auguratur.
573 1427 623 1466 At
668 1438 715 1466 ea
756 1423 807 1466 de
846 1425 1011 1465 seniore
1049 1423 1194 1465 scribit
1222 1424 1337 1465 Plato
1369 1429 1411 1465 et
1440 1425 1583 1465 scribit
1611 1422 1809 1477 aequalis,

53 1494 95 1530 et
114 1490 281 1544 quidem
313 1489 545 1542 exagitator
575 1487 761 1528 omnium
791 1488 1006 1528 rhetorum
1035 1489 1144 1528 hunc
1173 1488 1346 1528 miratur
1365 1500 1508 1528 unum.
1568 1489 1634 1528 Me
1655 1490 1808 1533 autem,

53 1552 124 1607 qui
153 1551 380 1592 Isocratem
411 1564 496 1591 non
540 1549 740 1603 diligunt,
789 1563 871 1591 una
913 1563 1006 1590 cum
1051 1551 1220 1590 Socrate
1259 1556 1432 1590 etcum
1462 1550 1633 1590 Platone
1670 1560 1810 1588 errare

52 1612 275 1669 patiantur.
331 1613 462 1653 Dulce
493 1613 620 1666 igitur
649 1611 850 1653 orationis
881 1625 1011 1666 genus
1043 1618 1083 1653 et
1104 1611 1284 1653 solutum
1306 1618 1345 1653 et
1367 1611 1564 1660 esssuens,
1597 1608 1858 1652 sententiiszo

53 1681 267 1729 argutum,
316 1676 456 1716 verbis
497 1688 648 1716 sonans
689 1679 750 1715 est
787 1675 829 1714 in
866 1674 939 1715 illo
981 1678 1249 1727 ἐπιδεικτικῷ
1285 1688 1437 1728 genere
1468 1673 1581 1729 quod
1611 1673 1808 1719 diximus,

52 1738 270 1793 proprium
301 1737 606 1791 sophistarum,
654 1749 832 1792 pompae
864 1750 985 1792 quam
1015 1751 1178 1793 pugnae
1217 1738 1373 1792 aptius,
1421 1736 1641 1792 gymnasiis
1672 1741 1712 1776 et
1740 1747 1812 1789 pa-

52 1800 231 1842 laestrae
274 1799 471 1848 dicatum,
522 1804 708 1854 spretum
752 1805 792 1840 et
829 1799 993 1854 pulsum
1031 1798 1136 1844 soro.
1204 1801 1286 1841 Sed
1326 1801 1438 1855 quod
1477 1800 1649 1840 educata
1689 1798 1811 1839 huius

52 1863 315 1904 nutrimentis
353 1861 592 1918 eloquentia
637 1862 726 1917 ipsa
764 1876 808 1903 se
839 1869 983 1915 postea
1014 1861 1172 1903 colorat
1202 1868 1244 1903 et
1273 1864 1464 1908 roborat,
1515 1874 1598 1902 non
1628 1859 1807 1902 alienum

52 1924 129 1967 suit
158 1923 210 1966 de
241 1926 421 1966 oratoris
450 1925 568 1980 quasi
597 1924 856 1966 incunabulis
902 1923 1056 1965 dicere.
1117 1926 1272 1966 Verum
1315 1927 1416 1965 haec
1453 1922 1645 1965 ludorum
1684 1928 1807 1978 atque
1824 1937 1861 1965 2⁵

52 2000 254 2042 pompae;
286 2000 362 2028 nos
392 1993 530 2028 autem
561 1989 642 2028 iam
672 1988 715 2027 in
745 1988 876 2027 aciem
907 1986 1303 2042 dimicationemque
1333 1985 1562 2028 veniamus.

163 2050 274 2091 XIV.
322 2052 390 2092 43.
437 2049 644 2099 Quoniam
688 2050 765 2090 tria
804 2050 983 2090 videnda
1019 2055 1115 2090 sunt
1154 2050 1334 2097 oratori,
1382 2049 1480 2104 quid
1520 2049 1629 2090 dicat
1658 2052 1699 2089 et
1727 2059 1812 2102 quo

53 2112 236 2168 quidque
264 2111 356 2154 loco
389 2118 431 2153 et
461 2125 545 2168 quo
576 2114 723 2159 modo,
756 2113 978 2153 dicendum
1009 2113 1178 2153 omnino
1209 2118 1297 2161 est,
1331 2111 1429 2167 quid
1460 2111 1511 2152 sit
1540 2110 1740 2166 optimum
1770 2110 1813 2150 in

53 2175 254 2229 singulis,
306 2176 379 2216 sed
422 2175 633 2230 aliquanto
673 2188 792 2216 secus
822 2180 945 2229 atque
975 2174 1016 2215 in
1046 2176 1248 2216 tradenda
1277 2180 1366 2216 arte
1399 2174 1479 2215 dici
1510 2173 1631 2215 solet.
1693 2171 1814 2213 Nulla

53 2242 275 2293 praecepta
290 2250 492 2292 ponemus
508 2260 562 2267 —-
576 2251 711 2293 neque
730 2238 840 2278 enim
858 2237 898 2278 id
916 2239 1174 2293 suscepimus
1191 2261 1258 2286 —-‚
1275 2239 1347 2278 sed
1362 2235 1600 2278 excellentis
1617 2235 1814 2290 eloquen-
1826 2249 1862 2276 so

54 2299 136 2340 tiae
166 2299 347 2355 speciem
378 2305 419 2340 et
448 2298 627 2340 sormam
658 2298 1024 2349 adumbrabimus3
1069 2314 1165 2348 nec,
1212 2300 1364 2357 quibus
1393 2302 1519 2341 rebus
1549 2312 1597 2340 ea
1625 2302 1809 2353 paretur,

54 2375 336 2417 exponemus,
367 2359 440 2403 sed
470 2360 602 2416 qualis
632 2361 754 2403 nobis
784 2374 876 2403 esse
905 2361 1111 2403 videatur.
1173 2363 1241 2403 144.
1275 2366 1332 2404 Ac
1353 2364 1436 2403 duo
1458 2360 1639 2402 breviter
1659 2361 1811 2415 prima;

54 2428 150 2466 sunt
190 2426 301 2465 enim
341 2436 425 2464 non
468 2430 551 2464 tam
591 2422 768 2477 insignia
805 2426 858 2465 ad
899 2425 1120 2467 maximam
1161 2423 1323 2467 laudem
1355 2438 1478 2481 quam
1508 2421 1744 2466 necessaria
1773 2426 1814 2463 et

54 2494 193 2529 tamen
224 2500 319 2527 cum
349 2485 488 2526 multis
519 2499 652 2538 paene
682 2487 930 2529 communia.

166 2551 270 2590 Nam
301 2553 342 2590 et
370 2547 557 2589 invenire
594 2553 637 2588 et
674 2547 882 2598 iudicare,
930 2548 1030 2604 quid
1059 2551 1193 2598 dicas,
1239 2563 1388 2603 magna
1424 2551 1495 2590 illa
1523 2550 1688 2604 quidem
1719 2550 1812 2589 sunt
1826 2559 1861 2588 σε

54 2617 96 2654 et
132 2617 343 2667 tamquam
379 2610 504 2652 animi
546 2611 678 2651 instar
715 2611 759 2651 in
804 2625 1011 2665 corpore,
1064 2615 1136 2654 sed
1177 2613 1349 2666 propria
1391 2611 1520 2666 magis
1569 2612 1811 2667 prudentiae

149 2758 182 2790 1.
213 2754 424 2798 Theodorus]
457 2756 669 2797 Thucydides
695 2755 771 2788 libri
808 2761 842 2789 et
865 2757 908 2789 R.
944 2757 1100 2790 Correxit
1127 2758 1333 2792 Ernestius:
1372 2757 1604 2790 memorabilis
1632 2759 1680 2786 est
1708 2754 1811 2786 lectio

44 2804 259 2841 ,Theodectes
299 2804 393 2843 apud
428 2804 580 2836 Nonium
620 2812 653 2842 p.
693 2803 751 2836 60.
789 2804 866 2840 Μ..
910 2805 970 2836 sed
1013 2805 1120 2838 salsa.
1163 2807 1263 2845 quia*
1286 2805 1341 2836 hic
1375 2805 1438 2836 fult.
1476 2803 1636 2836 Isocratis
1670 2802 1812 2832 auditor

55 2850 108 2892 (ss.
138 2851 235 2889 172.)
254 2874 263 2888 ,
289 2860 357 2883 non
384 2860 426 2882 eo
452 2852 643 2890 antiquior.
672 2849 738 2882 Oti.
768 2868 809 2873 —
837 2851 893 2882 14.
922 2856 1082 2883 oratores
1107 2851 1148 2883 R.
1191 2867 1228 2874 —
1269 2852 1325 2884 16.
1356 2851 1396 2882 de
1421 2852 1633 2882 adolescente
1658 2849 1811 2881 Isocrate

55 2898 213 2930 Socrates
238 2905 278 2929 ex
305 2897 406 2938 gloss.
435 2897 503 2929 Vit.
532 2897 652 2929 Lamb.
681 2897 770 2935 (non
798 2897 918 2935 Eins.,
946 2898 1013 2930 Gu.
1042 2899 1075 2929 1.
1103 2898 1136 2929 2.
1159 2895 1216 2937 R.)
1243 2914 1286 2922 —-
1314 2898 1369 2929 19.
1398 2902 1428 2929 et
1454 2897 1596 2927 Platone
1623 2903 1672 2934 pr.
1696 2895 1809 2933 Eius„

54 2945 144 2976 Ven.
175 2952 226 2983 pr.
256 2945 354 2982 prob.
384 2943 486 2976 nand
513 2943 616 2975 Turs.
645 2943 689 2973 ΙΙ.
720 2953 752 2983 p.
781 2944 886 2980 170..
925 2945 985 2976 sed
1024 2948 1076 2976 est
1102 2944 1264 2976 debilius.
1297 2960 1334 2967 —
1379 2944 1435 2975 20.
1463 2943 1609 2985 affluens
1636 2949 1714 2973 cum
1743 2940 1810 2973 Gu.

55 2992 90 3023 2.
120 2990 270 3023 Goeller.
322 2989 427 3029 (Sane
452 2989 490 3031 §.
518 2991 576 3022 79.
603 2998 708 3021 suave
745 2993 776 3021 et
801 2990 971 3032 affluens,·
1013 2995 1132 3022 contra
1162 2990 1199 3030 §.
1227 2990 1283 3022 66.
1313 2993 1427 3021 tracta
1453 2988 1624 3029 quaedam
1648 2993 1679 3020 et
1704 2987 1811 3030 fluens

55 3038 196 3074 oratio,
240 3040 277 3068 ut.
300 3037 356 3069 hic
381 3046 523 3078 quoque
552 3038 695 3069 tortasse
724 3037 920 3077 legendum.
950 3036 1033 3076 On.)
1060 3053 1101 3059 —
1142 3037 1199 3068 21.
1227 3035 1484 3079 ἐπιδεικτικῴι
1528 3035 1707 3075 epidictico
1735 3035 1811 3066 libri

55 3089 91 3118 et
117 3083 205 3115 Edd.
235 3087 373 3123 praeter
406 3083 617 3117 Goellerum.
654 3084 703 3121 (in
736 3084 797 3115 illo
835 3091 955 3124 yenere
986 3082 1245 3116 ἐπιδεικτικὸν
1283 3083 1376 3123 quod
1399 3082 1550 3114 diximus
1576 3085 1607 3112 et
1629 3082 1813 3122 proprium

56 3130 232 3164 Leutschil
267 3131 421 3170 suspicio
462 3139 582 3171 parum
610 3128 826 3169 probabilis.)
854 3130 920 3162 On·
962 3145 1003 3152 --
1044 3129 1102 3161 24.
1137 3131 1351 3161 nutrimento
1376 3129 1470 3160 Eins.
1501 3145 1540 3151 -—
1563 3132 1684 3167 postea
1708 3137 1740 3160 se
1767 3128 1810 3160 R.

57 3196 94 3203 —
125 3177 183 3209 26.
209 3173 296 3216 iam]
323 3185 392 3209 om.
420 3176 487 3209 Gu.
517 3179 548 3209 1.
576 3178 609 3208 2.
629 3199 638 3214 ,
665 3179 694 3208 R
712 3200 720 3214 ,
747 3186 837 3208 nunc
863 3176 959 3208 Eins.
988 3192 1027 3198 —
1053 3177 1236 3208 veniamus
1263 3176 1337 3206 libri
1365 3177 1462 3212 nott,
1491 3175 1536 3213 R,
1563 3175 1712 3206 Lamb.:
1756 3176 1813 3207 de-

53 3224 263 3258 scendamus
289 3223 378 3255 Ven.
406 3231 459 3263 pr.
487 3223 528 3254 E.
572 3222 726 3263 (Scilicet
751 3223 793 3255 ab
822 3222 1021 3254 Editoribus
1047 3223 1134 3255 Ven.
1163 3231 1214 3261 pr.
1243 3230 1313 3254 sec.
1340 3222 1559 3261 aliarumque
1587 3226 1663 3260 post
1687 3221 1812 3253 Rome-

54 3281 135 3305 nam
176 3271 261 3302 alios
287 3270 425 3301 codices
461 3271 496 3301 in
533 3270 659 3301 talibus
691 3278 710 3301 a
746 3272 870 3301 nostris
904 3270 1056 3301 diversos
1097 3277 1172 3301 esse
1209 3267 1408 3306 consultos,
1453 3271 1596 3300 minime
1633 3268 1811 3307 probabile

57 3322 127 3354 est,
170 3317 230 3350 sed
258 3317 292 3348 in
319 3315 447 3355 quibus
473 3317 537 3348 hae
564 3315 764 3348 notabiliter
797 3316 994 3356 discrepant
1029 3316 1071 3347 ab
1107 3316 1193 3351 illis,
1237 3316 1458 3347 coniecturae
1496 3319 1600 3356 atque
1626 3314 1812 3353 interpola-

56 3369 170 3398 tiones
194 3368 275 3396 sunt
301 3363 573 3399 existimandam
615 3365 716 3393 sicuti
744 3363 777 3394 h.
807 3362 829 3394 1.
856 3362 1108 3396 descendamus
1133 3361 1324 3404 elegantius
1357 3371 1462 3405 quam
1489 3363 1667 3396 veniamus
1692 3363 1810 3395 nescio

57 3414 113 3445 cui
137 3413 249 3446 visum
275 3409 354 3452 est.)
380 3426 424 3432 —
449 3409 506 3442 29.
534 3410 723 3442 tractanda
747 3409 842 3442 Eins.
