2117 3762
251 219 330 261 174
941 216 1010 255 DE
1043 214 1288 258 ORATORE

247 328 344 367 dum
374 322 633 380 potissimum
666 319 893 363 conferam.
951 320 991 359 [ι.
1026 320 1119 360 Tibi
1148 334 1271 368 vero,
1311 319 1462 367 frater,
1496 331 1632 374 neque
1662 319 1844 361 hortanti
1875 319 2002 362 deero

245 402 381 443 neque
412 388 597 440 roganti3
628 399 722 425 nam
752 397 888 437 neque
920 381 1166 422 auctoritate
1197 383 1415 438 quisquam
1447 380 1555 436 apud
1585 395 1651 422 me
1683 381 1774 434 plus
1803 384 1942 424 valere
1963 389 2003 423 te

243 455 382 505 potest
424 462 559 503 neque
603 446 828 488 voluntate.
890 447 942 486 ΙΙ.
990 446 1048 485 Ac
1080 444 1182 485 mihi
1223 446 1451 498 repetenda
1499 450 1561 486 est
1603 443 1755 486 veteris
1790 444 2004 486 cuiusdam

244 512 471 553 memoriae
502 523 587 550 non
617 522 715 549 sane
746 508 844 549 satis
875 506 1079 562 explicata
1108 509 1365 555 recordatio,
1397 506 1489 554 sed,
1523 512 1568 548 ut
1598 508 1803 555 arbitror,
1836 511 1929 562 apta
1952 508 2003 547 ad

213 574 306 623 sid,
341 575 453 628 quod
484 572 684 625 requiris,
732 575 777 611 ut
807 583 1058 624 cognoscas,
1101 583 1208 625 quae
1238 571 1315 610 viri
1347 569 1531 610 omnium
1563 568 1891 625 eloquentissimi
1922 570 2004 609 cla-

240 637 478 690 rissimique
520 633 728 675 senserint
770 631 820 674 de
860 634 974 674 omni
1011 631 1171 673 ratione
1211 631 1390 673 dicendi.
1453 635 1491 674 5.
1535 633 1605 674 Vis
1638 633 1774 681 enim,
1825 636 1872 673 ut
1901 630 2004 671 mihi

242 712 366 751 saepe
397 695 558 744 dixisti,
606 696 803 751 quoniam
835 695 862 747 †
881 709 986 750 quae
1023 695 1164 750 pueris
1206 700 1275 734 aut
1304 693 1619 736 adolescentulis
1650 693 1772 736 nobis
1804 708 1858 735 ex
1888 708 2002 734 com-

241 759 495 802 mentariolis
525 759 677 799 nostris
707 759 902 799 inchoata
933 771 980 799 ac
1008 757 1128 799 rudia
1169 757 1436 805 exciderunt,
1484 758 1554 798 vix
1593 759 1669 798 hac
1708 761 1840 798 aetate
1880 755 2004 809 digna

241 828 281 864 et
321 825 400 863 hoc
439 835 542 870 usu,
593 834 717 876 quem
757 835 810 862 ex
849 821 1006 868 causis,
1052 833 1152 876 quas
1194 818 1399 866 diximus,
1444 823 1506 859 tot
1544 821 1750 875 tantisque
1791 818 2003 860 consecuti

190 906 225 931 10
239 898 401 932 sumus,
449 884 607 939 aliquid
637 884 784 924 iisdem
817 886 867 924 de
898 881 1023 924 rebus
1054 881 1224 936 politius
1255 895 1279 922 a
1307 879 1430 921 nobis
1459 881 1766 938 perfectiusque
1797 881 2000 937 proferri;

238 946 431 1002 solesque
461 959 761 1001 nonnunquam
791 947 867 986 hac
899 947 949 986 dc
980 959 1025 986 re
1057 959 1081 984 a
1111 958 1177 984 me
1209 943 1253 984 in
1284 943 1631 998 disputationibus
1663 946 1815 986 nostris
1846 946 2004 985 dissen-

236 1012 335 1058 tire,
377 1011 490 1065 quod
522 1022 601 1064 ego
635 1008 1013 1050 eruditissimorum
1043 1008 1262 1048 hominum
1293 1007 1453 1047 artibus
1484 1007 1767 1060 eloquentiam
1798 1005 2003 1049 contineri

237 1077 432 1118 statuam,
464 1075 509 1112 tu
538 1077 676 1113 autem
707 1071 820 1112 illam
851 1070 902 1112 ab
934 1071 1139 1125 elegantia
1169 1070 1383 1111 doctrinae
1415 1071 1714 1122 segregandam
1743 1076 1865 1125 putes
1896 1070 2001 1111 etin

237 1137 419 1192 quodam
448 1133 606 1188 ingenii
637 1140 759 1190 atque
790 1133 1101 1175 exercitationis
1132 1145 1285 1187 genere
1316 1130 1568 1185 ponendam.

188 1217 221 1243 15
349 1200 389 1239 6.
436 1199 495 1238 Ac
535 1197 638 1238 mihi
678 1199 846 1252 quidem
886 1210 1187 1253 saepenumero
1226 1196 1269 1235 in
1308 1207 1492 1235 summos
1529 1193 1720 1237 homines
1749 1210 1796 1237 ac
1828 1196 2000 1238 summis

234 1260 414 1316 ingeniis
446 1261 659 1315 praeditos
689 1259 863 1301 intuenti
895 1259 1179 1315 quaerendum
1212 1270 1302 1298 esse
1334 1256 1470 1298 visum
1501 1262 1586 1306 est,
1634 1259 1734 1313 quid
1765 1265 1894 1308 esset,
1928 1273 2001 1299 cur

233 1324 374 1379 plures
413 1323 456 1365 in
496 1323 691 1364 omnibus
738 1322 895 1363 artibus
941 1336 1065 1377 quam
1106 1322 1148 1362 in
1195 1321 1372 1361 dicendo
1418 1321 1684 1361 admirabiles
1730 1323 1997 1363 exstitissent.

234 1388 358 1440 Nam,
397 1399 645 1441 quocunque
676 1391 714 1426 te
746 1385 886 1426 animo
918 1390 959 1426 et
989 1383 1241 1439 cogitatione
1281 1383 1559 1431 converteris,
1604 1384 1834 1438 permultos
1865 1382 2002 1425 excel-

233 1448 364 1490 lentes
394 1449 438 1489 in
468 1462 636 1504 quoque
669 1461 821 1502 genere
852 1449 1013 1488 videbis
1044 1461 1129 1487 non
1159 1444 1438 1486 mediocrium
1469 1446 1619 1486 artium
1648 1448 1722 1487 sed
1751 1459 1882 1502 prope
1915 1459 2002 1487 ma·-

184 1529 220 1555 20
233 1512 455 1552 ximarum.
517 1513 555 1551 7.
589 1510 691 1560 Quis
723 1512 832 1552 enim
855 1515 938 1557 est,
970 1510 1063 1564 qui,
1097 1508 1132 1549 si
1153 1510 1361 1549 clarorum
1382 1509 1599 1549 hominum
1621 1509 1837 1550 scientiam
1858 1522 2000 1550 rerum

235 1579 444 1628 gestarum
474 1575 543 1615 vel
572 1575 746 1614 utilitate
776 1575 843 1614 vel
873 1571 1156 1627 magnitudine
1187 1570 1324 1611 metiri
1355 1572 1479 1619 velit,
1527 1584 1612 1612 non
1653 1576 1878 1626 anteponat
1908 1584 2001 1612 ora-

233 1638 313 1678 tori
344 1637 672 1690 imperatorem?
704 1637 807 1686 Quis
828 1641 967 1677 autem
990 1634 1173 1682 dubitet,
1208 1634 1308 1689 quin
1336 1632 1437 1674 belli
1468 1632 1593 1675 duces
1625 1635 2001 1689 praestantissimos

234 1714 289 1740 ex.
317 1700 394 1740 hac
424 1713 507 1741 una
537 1698 702 1741 civitate
734 1712 866 1752 paene
897 1695 1249 1745 innumerabiles,
1298 1697 1341 1737 in
1371 1697 1549 1738 dicendo
1579 1702 1718 1738 autem
1749 1695 2000 1738 excellentes

231 1761 303 1803 vix
331 1775 486 1816 paucos
517 1761 707 1817 proferre
738 1760 972 1817 possimus?
1022 1762 1061 1801 8.
1095 1761 1181 1801 Iam
1223 1772 1350 1807 vere,
1398 1760 1571 1799 consilio
1611 1772 1658 1800 ac
1697 1760 1898 1814 sapientia
1928 1757 2001 1813 qui

181 1842 216 1868 2⁵
231 1838 379 1879 regere
409 1838 457 1866 ac
485 1826 718 1879 gubernare
747 1838 837 1865 rem
867 1823 1077 1878 publicam
1106 1826 1296 1877 possent,
1329 1821 1449 1862 multi
1478 1826 1639 1869 nostra,
1670 1823 1813 1876 plures
1833 1826 1999 1876 patrum

231 1886 435 1929 memoria
464 1892 587 1943 atque
618 1888 741 1928 etiam
773 1885 978 1927 maiorum
1010 1886 1284 1932 exstiterunt,
1330 1898 1423 1924 cum
1455 1885 1555 1924 honi
1585 1885 1736 1938 perdiu
1765 1883 1888 1931 nulli,
1926 1881 1999 1924 vix

230 1955 370 1992 autem
415 1951 587 2004 singulis
627 1950 833 1990 aetatibus
873 1947 1023 2003 singuli
1062 1945 1300 1988 tolerabiles
1331 1952 1520 1987 oratores
1550 1947 1853 1987 invenirentur.
1914 1947 1993 1992 Ac,

229 2028 282 2054 ne
313 2013 384 2068 qui
412 2011 521 2053 forte
551 2025 645 2053 cum
675 2013 764 2052 aliis
795 2010 961 2057 studiis,
1012 2023 1118 2065 quae
1148 2009 1375 2050 reconditis
1405 2009 1448 2048 in
1479 2009 1635 2049 artibus
1667 2013 1790 2062 atque
1821 2009 1864 2049 in
1894 2021 1996 2063 qua-

230 2077 324 2117 dam
353 2075 552 2116 varietate
581 2075 812 2116 litterarum
842 2078 1076 2120 versentur,
1128 2071 1258 2125 magis
1298 2072 1405 2110 hanc
1436 2070 1602 2112 dicendi
1632 2070 1839 2112 rationem
1871 2084 1995 2125 quam

178 2156 214 2181 30
229 2153 324 2180 cum
360 2137 624 2193 imperatoris
663 2139 786 2178 laude
825 2142 895 2177 aut
935 2149 1028 2177 cum
1057 2135 1158 2176 boni
1190 2133 1393 2175 senatoris
1423 2132 1643 2186 prudentia
1672 2134 1995 2186 comparandam

226 2207 366 2258 putet:
401 2202 472 2256 qui
501 2205 714 2242 convertat
743 2201 926 2241 animum
956 2200 1007 2240 ad
1038 2213 1087 2240 ea
1117 2199 1206 2251 ipsa
1235 2197 1386 2237 artium
1417 2209 1570 2250 genera
1591 2195 1993 2252 circumspiciatque‚

226 2265 298 2320 qui
327 2265 370 2304 in
399 2264 450 2304 iis
485 2261 715 2304 floruerunt
755 2276 879 2318 quam
921 2261 1040 2302 multi
1079 2261 1180 2308 sint,
1233 2258 1445 2307 facillime,
1497 2264 1649 2314 quanta
1690 2265 1904 2300 oratorum
1942 2257 1996 2299 sit

226 2339 474 2381 semperque
504 2324 629 2366 fuerit
657 2325 863 2380 paucitas,
911 2321 1124 2364 iudicabit.
1186 2323 1258 2363 III.
1289 2323 1329 2362 9.
1378 2324 1522 2377 Neque
1555 2321 1665 2363 enim
1696 2327 1736 2362 te
1765 2320 1875 2375 fugit
1903 2335 1995 2362 om-

225 2388 342 2430 nium
371 2386 627 2429 laudatarum
657 2387 807 2429 artium
837 2387 1161 2443 procreatricem
1194 2386 1403 2440 quandam
1435 2389 1476 2425 et
1506 2385 1624 2438 quasi
1654 2389 1866 2439 parentem
1888 2397 1991 2432 eam,

177 2467 211 2494 35
228 2465 353 2506 quam
384 2455 657 2504 φιλοσοφίαν
689 2452 833 2492 Graeci
865 2454 1031 2498 vocant,
1063 2451 1113 2490 ab
1145 2449 1384 2490 hominibus
1417 2448 1667 2488 doctissimis
1704 2445 1898 2496 iudicari;
1948 2446 1993 2486 in

318 2559 353 2592 2.
380 2559 564 2601 quisquam
589 2558 673 2590 BR:
702 2558 876 2598 quispiam
901 2557 943 2588 E.
974 2574 1012 2580 -
1055 2556 1090 2588 7.
1118 2552 1220 2597 quae]
1252 2554 1428 2595 quaedam
1453 2554 1599 2592 Lamb.,
1637 2561 1729 2593 quae
1763 2561 1840 2584 cum
1875 2552 1989 2585 Oxou.

225 2606 267 2639 U.
296 2606 565 2647 expungendum
593 2609 711 2638 censet
739 2605 889 2636 Ellendt.
915 2621 952 2627 —
982 2604 1168 2636 Schuetzio
1194 2607 1338 2634 auctore
1382 2602 1526 2633 sortasse
1544 2624 1552 2638 ,
1585 2609 1654 2632 non
1681 2601 1824 2641 quidem
1854 2604 1930 2638 post
1954 2609 1988 2633 v.

225 2655 302 2691 hac,
329 2658 368 2685 ut
386 2655 439 2685 ille
458 2653 606 2689 volebat,
635 2651 695 2684 sed
716 2657 792 2690 post
811 2661 841 2683 v.
863 2651 1064 2683 exciderunt
1089 2650 1315 2682 inserendum
1333 2649 1421 2684 sint,
1443 2649 1645 2687 absorptum
1666 2655 1683 2677 a
1706 2647 1779 2688 syll.
1800 2650 1897 2678 runt.
1919 2647 1988 2680 OR.

228 2718 266 2724 ·—
293 2701 393 2732 nobis
418 2703 481 2730 aut
505 2709 547 2731 ea:
572 2699 645 2731 BR.
674 2713 713 2721 —
741 2699 996 2730 commentariis
1021 2698 1062 2736 B,
1091 2697 1202 2728 Codd.
1232 2696 1315 2736 aliq.
1343 2695 1384 2726 T.
1413 2695 1470 2731 (Ut.
1495 2704 1579 2731 nos,
1607 2694 1731 2730 BRE.)
1762 2711 1799 2717 —
1829 2694 1886 2725 12.
1916 2702 1992 2725 eru-

225 2748 477 2779 ditissimorum
500 2747 562 2787 Lg.
591 2753 711 2778 omnes
738 2745 880 2785 aliique,
908 2745 955 2775 R:
982 2744 1331 2784 prudentissimorum
1358 2742 1428 2773 BE.
1448 2758 1492 2763 -
1519 2741 1575 2772 15.
1603 2741 1641 2772 *in
1667 2750 1734 2772 om.
1763 2740 1790 2771 B
1817 2737 1902 2780 (non
1928 2738 1986 2781 R).

228 2811 266 2817 -
295 2795 352 2827 17.
381 2794 516 2825 artibus
541 2793 602 2834 Lg.
624 2801 734 2833 paene
761 2800 902 2828 omnes,
929 2792 980 2822 R:
1007 2791 1105 2822 rebus
1132 2791 1202 2822 BE.
1226 2805 1265 2812 -·
1293 2789 1349 2821 18.
1374 2788 1562 2828 permultos
1585 2792 1617 2819 et
1643 2787 1840 2819 excellentes
1865 2787 1987 2827 Steph.

225 2840 346 2873 Lamb.
375 2840 475 2880 prob.
504 2840 609 2872 Hand
635 2839 738 2872 Tui-s.
765 2839 810 2870 ΙΙ.
841 2847 875 2878 p.
902 2838 984 2869 475.
1013 2855 1055 2860 —
1083 2837 1137 2869 19.
1167 2844 1371 2878 quocunque
1396 2836 1425 2865 R
1452 2835 1537 2872 (non
1563 2832 1621 2874 B.)
1652 2851 1692 2856 —
1735 2835 1793 2865 20.
1821 2838 1871 2865 est
1895 2835 1988 2866 enim

225 2887 268 2918 R.
296 2887 378 2928 (non
404 2885 460 2928 B).
489 2903 528 2910 —
555 2888 612 2918 21.
640 2886 827 2918 utilitatem
851 2885 904 2916 vel
927 2885 1204 2925 magnitudinem
1229 2884 1268 2913 B.
1299 2882 1383 2921 (non
1409 2879 1468 2922 R.)
1499 2897 1536 2903 —
1564 2881 1622 2912 22.
1651 2890 1693 2912 ea:
1717 2881 1781 2912 hac
1805 2890 1879 2912 una
1903 2881 1989 2913 civi-

226 2937 295 2966 tate
318 2935 635 2976 praestantissimos
660 2933 702 2963 R.
730 2934 815 2970 (non
842 2929 899 2972 B.)
938 2947 980 2953 —
1021 2931 1078 2962 25.
1106 2932 1243 2971 possint
1278 2929 1350 2960 BR.
1387 2945 1427 2950 —
1466 2927 1523 2959 28.
1566 2928 1625 2968 qui
1651 2927 1717 2959 Gu.
1747 2929 1780 2959 1.
1807 2927 1921 2960 Havn.
1949 2928 1982 2958 1.

226 2980 298 3012 Erl.
328 2983 359 3013 1.
387 2981 440 3021 (ex
468 2981 539 3012 Erl.
567 2982 600 3012 2.
629 2979 715 3011 nihil
741 2983 897 3011 notatum
925 2976 990 3017 est)
1019 2977 1119 3009 Em:
1148 2978 1225 3017 quis
1250 2975 1355 3006 RET.
1385 2975 1454 3007 Ctr.
1484 2975 1526 3006 de
1553 2975 1627 3006 Inv.
1655 2975 1701 3012 2,
1729 2972 1766 3014 §.
1795 2973 1896 3009 167..
1924 2973 1985 3006 ubi

227 3029 347 3066 optimi
375 3029 505 3068 quique
529 3037 571 3060 ne
596 3028 686 3068 forte
711 3027 782 3067 qui.
812 3042 851 3048 —
879 3027 916 3055 in
942 3033 1011 3056 om.
1039 3024 1113 3055 BR.
1143 3040 1186 3046 -
1219 3019 1386 3062 quadam]
1414 3022 1537 3062 aliqua
1562 3021 1602 3052 B.
1630 3021 1728 3059 (Scil.
1756 3020 1826 3052 Erl.
1853 3021 1886 3052 1.
1916 3029 1986 3061 qua

225 3082 399 3113 superscr.
428 3073 505 3113 alt.)
536 3091 581 3096 —
618 3073 676 3105 31.
703 3073 763 3113 qui
788 3074 964 3104 convertat
992 3071 1101 3103 Codd.
1130 3069 1309 3105 meliores,
1338 3069 1387 3100 R:
1427 3071 1607 3100 convertat
1633 3069 1716 3107 (om.
1743 3066 1817 3108 qui)
1841 3067 1914 3098 BE.
1943 3084 1981 3091 —

226 3120 283 3152 32.
311 3121 364 3151 his
388 3120 428 3151 T.
457 3120 538 3160 (non
563 3121 652 3157 BR.)
679 3135 719 3143 —
756 3118 951 3162 floruerunt
984 3118 1062 3149 BR:
1090 3116 1276 3159 floruerint
1301 3115 1340 3146 E.
1371 3131 1407 3137 —
1436 3124 1542 3155 quam
1568 3115 1680 3147 Codd.
1715 3114 1836 3146 multi:
1864 3122 1985 3154 quam-

226 3175 331 3207 quam
355 3167 395 3205 B,
423 3176 590 3208 quamque
616 3167 689 3199 RE.
719 3183 759 3189 —
801 3165 904 3197 multi
927 3166 1014 3201 sint,
1055 3163 1219 3204 facillime
1245 3161 1356 3194 Codd.
1383 3161 1465 3202 aliq.
1492 3162 1548 3193 R:
1581 3162 1708 3193 multi:
1739 3161 1787 3192 sic
1810 3159 1879 3199 fac.
1907 3161 1980 3192 BE.

224 3230 271 3235 --
306 3213 364 3245 33.
392 3215 544 3244 omnium
569 3214 798 3245 laudatarum
823 3213 954 3244 artium
979 3212 1040 3251 Lg.
1069 3218 1207 3246 omnes,
1241 3210 1271 3240 R
1287 3232 1296 3246 ,
1323 3209 1375 3240 L:
1411 3209 1545 3241 arcium
1570 3209 1725 3240 omnium
1751 3206 1983 3240 laudatarum

225 3260 298 3292 BE.
328 3278 364 3284 —
395 3259 450 3292 35.
476 3260 729 3300 philosophiam
753 3261 796 3291 R.
834 3276 871 3282 —
913 3259 955 3289 ab
980 3257 1136 3289 omnibus
1162 3264 1239 3288 cum
1265 3256 1376 3287 Libris
1403 3258 1494 3288 notis
1520 3256 1592 3289 BR.
1645 3255 1845 3289 Correctum
1878 3254 1981 3290 video

225 3309 349 3344 vitium
374 3308 442 3340 iam
470 3308 505 3339 in
528 3306 652 3339 Aldina
680 3307 809 3348 1521.‚
836 3306 992 3339 nondum
1017 3314 1098 3339 vero
1124 3306 1160 3336 in
1185 3303 1399 3336 Ascensiana
1424 3304 1526 3336 1511.
