2117 3762
245 229 324 272 &058
1029 223 1061 262 T
1065 222 1219 265 OPICA

244 337 348 380 nihil
392 341 568 391 oportet.
626 335 693 374 20.
736 332 768 372 A
808 326 1182 382 consequentibus:
1231 328 1275 371 Si
1318 328 1489 378 mulier,
1541 342 1634 370 cum
1678 330 1824 372 fuisset
1857 338 1985 388 nupta

245 414 338 442 cum
368 413 444 448 eo,
477 398 640 454 quicum
670 393 920 434 connubium
950 404 1034 431 non
1065 395 1195 439 esset,
1227 394 1415 433 nuntium
1446 392 1633 443 remisit3
1666 394 1884 447 quoniam,
1916 396 1988 450 qui

244 462 328 504 nati
373 466 485 509 sunt,
531 463 689 512 patrem
728 467 810 495 non
851 457 1104 507 sequuntur,
1147 466 1226 505 pro
1265 454 1407 495 liberis
1449 467 1616 495 manere
1658 454 1761 496 nihil
1805 463 1984 510 oportet.

245 527 311 566 21.
352 527 384 566 A
427 519 770 577 repugnantibus:
820 516 862 557 Si
903 514 1197 568 paterfamilias
1236 517 1357 557 uxori
1397 516 1638 558 ancillarum
1684 518 1989 560 usumfructum

216 585 395 639 slegavit
437 598 460 624 a
503 581 588 623 filio
627 592 760 634 neque
800 593 823 619 a
865 579 1045 619 secundo
1083 578 1239 618 herede
1277 577 1451 631 legavit,
1514 585 1677 621 mortuo
1716 578 1802 621 filio
1839 582 1992 623 mulier

243 649 539 690 usumfructum
577 656 661 684 non
705 640 868 683 amittit.
943 638 1066 690 Quod
1106 640 1215 680 enim
1255 640 1382 682 semel
1422 646 1667 683 testamento
1697 641 1820 683 alicui
1850 641 1990 685 datum

244 716 327 758 est,
372 708 414 749 id
444 709 496 748 ab
528 719 579 747 eo
615 703 769 754 invito,
816 704 881 745 cui
919 704 1060 744 datum
1101 707 1190 751 est,
1242 702 1398 743 auferri
1436 717 1521 744 non
1562 709 1712 758 potest.
1773 706 1992 760 Repugnat

244 771 348 813 enim
377 774 488 810 recte
519 769 735 823 accipere,
776 771 816 807 et
845 766 1020 806 invitum
1051 766 1242 807 reddere.
1321 767 1389 806 22.
1423 763 1484 806 Ab
1515 765 1789 808 efficientibus
1823 766 1987 822 [causis]

242 836 320 874 hoc
349 833 495 873 modo:
529 831 732 871 Omnibus
763 834 823 870 est
851 827 915 869 ius
945 826 1146 882 parietem
1178 826 1382 868 directum
1413 829 1463 868 ad
1495 830 1694 881 parietem
1727 843 1991 871 communem

194 896 462 948 wadiungere
504 892 568 934 vel
613 891 790 934 solidum
832 889 897 931 vel
936 889 1197 931 fornicatum.
1258 888 1336 930 Sed
1380 889 1451 943 qui
1490 891 1533 930 in
1573 890 1733 944 pariete
1780 893 1991 932 communi

243 957 502 1000 demoliendo
534 954 671 997 damni
702 952 842 994 infecti
864 953 1125 1007 promiserit,
1156 966 1240 993 non
1261 950 1430 993 debebit
1450 958 1684 1004 praestare,
1716 956 1827 1008 quod
1849 953 1991 996 fornix

240 1019 328 1061 vitii
360 1018 515 1060 fecerit.
574 1020 666 1059 Non
699 1017 808 1057 enim
839 1016 927 1056 eius
958 1014 1124 1069 parietis
1156 1014 1280 1062 vitio,
1323 1015 1392 1068 qui
1424 1014 1645 1056 demolitus
1677 1021 1760 1063 est,
1796 1018 1991 1057 damnum

239 1080 390 1122 sactum
421 1086 507 1129 est,
540 1082 613 1122 sed
644 1079 731 1121 eius
762 1078 899 1133 operis
930 1078 1052 1124 vitio,
1086 1076 1197 1132 quod
1226 1076 1282 1118 ita
1311 1075 1571 1118 aedificatum
1604 1082 1689 1126 est,
1721 1084 1767 1120 ut
1796 1080 1993 1136 suspendi

241 1157 323 1185 non
351 1149 505 1198 posset.
585 1144 651 1183 23.
696 1142 757 1181 Ab
803 1139 960 1180 effectis
1003 1141 1129 1181 rebus
1172 1139 1250 1180 hoc
1291 1138 1440 1180 modo:
1492 1140 1595 1180 Cum
1636 1141 1784 1183 mulier
1819 1144 1909 1184 viro
1949 1144 1993 1184 in

195 1214 228 1241 ¹⁵
241 1219 408 1247 manum
439 1205 648 1253 convenit,
681 1201 843 1251 onmia,
876 1215 982 1257 quae
1012 1202 1199 1243 mulieris
1229 1200 1422 1250 fuerunt,
1454 1202 1533 1243 viri
1555 1202 1658 1244 fiunt
1677 1204 1786 1246 dotis
1808 1207 1990 1247 nomine.

239 1272 302 1312 Ex
332 1269 641 1323 comparatione
673 1271 811 1308 autem
843 1265 980 1306 omnia
1010 1264 1171 1314 valent,
1213 1278 1319 1319 quae
1351 1270 1446 1307 sunt
1474 1266 1743 1308 huiusmodi:
1796 1267 1919 1317 Quod
1949 1269 1994 1309 in

239 1345 286 1374 re
317 1333 474 1373 maiore
506 1331 642 1379 valet,
687 1328 821 1371 valeat
849 1327 892 1369 in
921 1327 1106 1376 minore,
1150 1332 1216 1376 ut,
1250 1329 1292 1368 Si
1321 1327 1364 1369 in
1394 1326 1498 1368 urbe
1527 1326 1631 1369 fines
1660 1342 1745 1371 non
1776 1336 1992 1384 reguntur,

241 1408 315 1435 nec
345 1407 450 1448 aqua
479 1393 521 1436 in
551 1395 655 1434 urbe
686 1396 890 1433 arceatur.
950 1392 1053 1431 Item
1084 1395 1254 1432 contra:
1288 1389 1409 1440 Quod
1440 1390 1482 1431 in
1514 1389 1675 1432 minore
1697 1391 1829 1440 valet,
1862 1393 1996 1434 valeat

243 1457 285 1498 in
315 1459 485 1499 maiore.
544 1458 660 1497 Licet
689 1456 798 1495 idem
830 1453 1065 1508 exemplum
1097 1459 1360 1494 convertere.
1421 1455 1550 1494 Item:
1600 1455 1723 1503 Quod
1753 1456 1795 1496 in
1825 1469 1872 1497 re
1903 1455 1994 1511 pari

193 1531 228 1556 20
243 1519 372 1568 valet,
405 1519 538 1561 valeat
567 1518 609 1559 in
639 1521 740 1566 hac,
785 1530 889 1571 quae
921 1530 995 1571 par
1026 1520 1106 1563 est,
1146 1522 1213 1565 ut,
1257 1516 1467 1567 Quoniam
1498 1529 1596 1557 usus
1626 1519 1849 1559 auctoritas
1878 1519 1995 1559 fundi

242 1583 451 1624 biennium
483 1586 568 1630 est,
612 1582 663 1622 sit
692 1580 815 1621 etiam
846 1579 1025 1620 aedium.
1085 1582 1135 1620 At
1163 1578 1205 1619 in
1235 1578 1328 1632 lege
1359 1580 1484 1620 aedes
1513 1592 1597 1619 non
1628 1580 1910 1634 appellantur,
1957 1585 1998 1621 et

240 1650 334 1685 sunt
353 1650 584 1686 ceterarum
613 1657 754 1684 rerum
777 1644 989 1690 omnium,
1023 1655 1202 1696 quarum
1231 1655 1388 1682 annuus
1421 1647 1484 1682 est
1513 1654 1626 1682 uSuS.
1688 1642 1833 1683 Valeat
1853 1643 1997 1698 aequi-

240 1711 325 1755 tas,
371 1721 474 1761 quae
504 1706 673 1762 paribus
705 1707 746 1746 in
777 1705 910 1746 causis
940 1705 1058 1758 paria
1088 1705 1179 1745 iura
1218 1705 1439 1745 desiderat.
1500 1705 1569 1744 24.
1613 1704 1729 1753 Quae
1765 1710 1902 1746 autem
1933 1718 1999 1746 as-

241 1774 458 1810 sumuntur
501 1770 780 1817 extrinsecus,
835 1782 884 1809 ea
928 1768 1108 1808 maxime
1163 1780 1216 1808 ex
1262 1766 1506 1808 auctoritate
1551 1765 1771 1808 ducuntur.
1851 1769 1997 1821 Itaque

193 1842 226 1868 2⁵
245 1830 391 1872 Graeci
432 1831 532 1872 tales
573 1831 954 1885 argumentationes
993 1831 1198 1880 ἀτέχνους
1230 1834 1404 1878 vocant,
1450 1830 1491 1870 id
1524 1834 1604 1876 est,
1651 1829 1751 1870 artis
1782 1835 1994 1884 expertes,

242 1899 288 1934 ut
316 1893 350 1934 si
380 1894 435 1934 ita
463 1896 716 1949 respondeas
737 1909 745 1934 :
781 1895 987 1944 Quoniam
1008 1894 1050 1937 P.
1074 1893 1272 1933 Scaevola
1302 1891 1343 1932 id
1365 1891 1499 1932 solum
1523 1905 1612 1932 esse
1634 1890 1810 1933 ambitus
1832 1891 1996 1933 aedium

243 1955 411 2003 dixerit,
457 1971 538 2013 quo
577 1958 745 2012 parietis
777 1957 1008 1997 communis
1038 1954 1205 2008 tegendi
1238 1968 1359 1995 causa
1398 1959 1547 1995 tectum
1592 1954 1895 2007 proiiceretur,
1945 1968 1997 1996 ex

244 2032 325 2073 quo
366 2024 472 2060 tecto
510 2019 552 2060 in
594 2020 683 2061 eius
719 2023 864 2068 aedes,
911 2020 980 2074 qui
1019 2019 1289 2074 protexisset,
1336 2030 1443 2071 aqua
1483 2018 1709 2065 deflueret,
1757 2018 1799 2058 id
1831 2015 1904 2058 tibi
1934 2018 1998 2058 ius

243 2082 389 2123 videri.

195 2153 230 2180 ³0
352 2146 418 2185 25.
449 2143 522 2185 His
552 2145 678 2199 igitur
706 2145 832 2193 locis,
867 2144 938 2199 qui
970 2148 1064 2185 sunt
1095 2141 1272 2197 expositi
1304 2144 1355 2182 ad
1387 2155 1510 2183 omne
1540 2146 1831 2194 argumentum
1852 2172 1863 2189 ‚
1895 2146 2000 2182 tam-

245 2219 367 2261 quam
407 2207 619 2249 elemcntis
658 2208 904 2262 quibusdam
943 2204 1188 2259 significatio
1219 2211 1259 2246 et
1290 2204 1588 2246 demonstratio
1621 2203 1672 2244 ad
1702 2205 1998 2259 reperiendum

245 2271 377 2310 datur.
436 2270 577 2310 Utrum
607 2270 734 2325 igitur
763 2271 963 2310 hactenus
995 2268 1091 2309 satis
1122 2271 1211 2308 est?
1256 2266 1347 2308 Tibi
1380 2266 1547 2321 quidem
1579 2271 1663 2306 tam
1694 2272 1817 2307 acuto
1848 2271 1888 2307 et
1917 2272 1999 2307 tam

245 2336 442 2385 occupato
480 2338 596 2385 puto.
657 2334 706 2374 V.
757 2334 864 2379 Sed,
917 2332 1111 2385 quoniam
1152 2329 1319 2371 avidum
1356 2328 1564 2370 hominem
1605 2328 1656 2369 ad
1695 2331 1768 2369 has
1815 2327 2000 2370 discendi

246 2394 385 2448 epulas
415 2395 573 2450 recepi,
615 2395 673 2436 sic
703 2395 924 2449 accipiam,
967 2399 1013 2434 ut
1042 2393 1312 2448 reliquiarum
1345 2393 1396 2432 sit
1426 2392 1565 2445 potius
1597 2390 1776 2446 aliquid,
1808 2404 1930 2445 quam
1961 2396 1999 2431 te

197 2457 340 2498 ³⁵hinc
378 2459 509 2512 patiar
549 2471 632 2498 non
676 2458 865 2498 satiatum
911 2455 1136 2497 discedere.
1196 2458 1263 2495 26.
1314 2456 1490 2504 Quando
1536 2467 1636 2507 ergo
1679 2467 1784 2495 unus
1826 2453 2000 2508 quisque

246 2532 389 2560 eorum
421 2519 631 2568 locorum,
677 2533 780 2574 quos
811 2520 1004 2574 exposui,
1045 2532 1119 2559 sua
1150 2520 1353 2573 quaedam
1384 2516 1507 2559 habet
1538 2518 1751 2564 membra,
1797 2529 1846 2556 ea
1875 2529 2000 2571 quam

248 2581 509 2623 subtilissime
540 2596 857 2638 persequamur,
909 2587 948 2623 et
978 2581 1156 2636 primum
1190 2583 1240 2621 de
1271 2580 1359 2636 ipsa
1391 2579 1629 2621 definitione
1660 2579 1833 2620 dicatur.
1893 2577 2002 2620 Defi-

248 2643 348 2683 nitio
379 2651 439 2686 est
469 2645 620 2692 oratio,
661 2659 765 2699 quae
796 2647 856 2692 id,
896 2647 1008 2699 quod
1039 2643 1255 2691 definitur,
1300 2642 1499 2698 explicat,
1532 2642 1632 2698 quid
1661 2641 1725 2684 sit.
1785 2639 2002 2682 Definitio-

250 2719 346 2745 num
376 2711 511 2746 autem
543 2705 624 2747 duo
655 2720 809 2759 genera
839 2707 993 2762 prima:
1024 2721 1151 2747 unum
1184 2719 1326 2747 earum
1347 2719 1513 2753 rerum,
1548 2717 1653 2758 quae
1674 2708 1793 2753 sunt3
1825 2704 2001 2744 alterum

344 2838 377 2869 8.
405 2840 517 2870 causis
543 2848 610 2870 om.
639 2840 658 2870 b
688 2849 736 2876 pr.
766 2849 822 2875 ηις
855 2849 872 2871 a
901 2848 970 2872 sec.
999 2840 1100 2870 rebus
1128 2844 1162 2871 et
1187 2841 1235 2871 sic
1260 2839 1399 2875 aede,
1441 2837 1500 2869 Gr.
1529 2838 1569 2869 Β.
1607 2837 1679 2869 Nos
1706 2838 1929 2870 seclusimus.
1960 2853 1999 2861 —

255 2884 309 2915 10.
334 2885 396 2916 Sed
422 2887 481 2926 qui
506 2893 523 2915 a
540 2885 559 2915 b
576 2886 648 2923 de,
679 2886 756 2930 Bp,
793 2886 837 2916 At
862 2888 891 2917 si
919 2888 998 2927 quis
1025 2887 1084 2918 dE
1111 2896 1188 2918 cum
1215 2888 1337 2917 ceteris
1363 2886 1451 2916 Edd.
1488 2884 1571 2915 mibi
1600 2887 1690 2916 notis
1707 2908 1715 2920 ,
1754 2885 1792 2916 Si
1816 2886 1876 2925 qui
1901 2893 1930 2915 c.
1958 2897 2001 2905 —-

256 2931 309 2961 12.
337 2933 406 2961 eius
427 2933 574 2970 parietis
607 2933 722 2964 abed
750 2933 800 2963 13:
840 2934 911 2964 eius
938 2938 1017 2967 (om.
1048 2943 1078 2964 v.
1102 2932 1264 2972 parietis)
1291 2941 1308 2963 e
1327 2932 1390 2962 [Ε.
1420 2948 1455 2953 -
1504 2931 1559 2961 16.
1589 2931 1786 2962 huiusmodi
1812 2931 1889 2968 bc,
1917 2930 1999 2961 BV:

257 2977 421 3008 eiusmodi
445 2979 470 3009 E
497 2987 574 3009 cum
603 2981 742 3011 ceteris.
770 2994 810 3001 —
846 2979 902 3010 ⁶23.
930 2984 1154 3011 assumuntur
1181 2980 1391 3010 eoetrinsecus
1418 2977 1552 3011 abed,
1580 2977 1696 3012 Valla.
1727 2978 1805 3009 BV:
1835 2977 2003 3008 extrinse-

257 3031 313 3053 cus
338 3030 557 3055 assumuntur
584 3026 660 3062 NE,
694 3030 878 3057 sumuntur
904 3028 1114 3057 extrinsecus
1141 3026 1163 3057 f.
1207 3042 1242 3047 —
1285 3025 1342 3055 27.
1370 3033 1436 3064 quo
1463 3024 1506 3055 b:
1542 3025 1634 3064 quod
1660 3024 1731 3061 ab,
1758 3024 1874 3065 quoad
1893 3024 2000 3059 Vana,

256 3068 395 3105 Lamb.,
422 3077 588 3108 quantum
614 3081 630 3103 e
659 3071 857 3110 (manifesto
885 3082 924 3104 cx
949 3073 1125 3106 Boethio).
1155 3087 1196 3094 ·-
1223 3081 1264 3102 em
1292 3079 1359 3109 quo
1387 3074 1473 3101 tecto
1499 3071 1536 3101 in
1561 3072 1631 3102 eius
1658 3071 1760 3101 aedes
1784 3072 1842 3110 qui
1867 3069 1939 3101 BV.
1969 3073 2003 3100 et.

257 3115 420 3146 Boethius
453 3118 485 3147 in
523 3118 776 3150 Commentario
804 3129 843 3152 ex
870 3120 1017 3150 lectione
1046 3119 1131 3150 Cod.
1159 3118 1353 3151 Einsiedl.:
1394 3126 1435 3148 ea:
1460 3126 1527 3157 quo
1553 3118 1591 3147 in
1616 3121 1740 3149 tectum
1766 3119 1859 3155 eius,
1900 3115 2002 3148 aedes

259 3162 319 3200 qui
345 3161 369 3191 E
397 3169 471 3192 cum
499 3162 606 3194 Codd.
636 3168 736 3196 notis.
767 3183 806 3188 —
845 3166 900 3196 30.
929 3167 1078 3205 expositi
1104 3170 1184 3197 cett.
1213 3173 1324 3204 usque
1351 3164 1391 3194 ad
1420 3172 1450 3195 v.
1481 3163 1588 3194 datur
1613 3164 1753 3200 ahod,
1783 3163 1862 3207 Βρ,
1887 3162 2000 3197 Valla,

258 3207 340 3238 BV:
368 3209 532 3245 ompositi.
561 3211 606 3240 ad
631 3221 725 3243 omne
750 3216 992 3252 aryumemum
1016 3211 1251 3249 reperiendum
1276 3216 1452 3251 tamquam
1480 3212 1652 3241 elementis
1671 3210 1878 3249 quibusdam
1894 3209 2002 3249 siqni-

258 3254 373 3295 ficacio
400 3259 431 3284 ec
457 3253 705 3288 demonstratio
731 3259 836 3289 datur
862 3259 929 3290 eE.
958 3275 1000 3280 -—
1027 3259 1083 3289 36.
1112 3258 1210 3288 habet
1235 3258 1385 3288 membra
1411 3256 1531 3288 abes:
1566 3257 1719 3288 membra
1744 3255 1843 3286 habet
1867 3255 1893 3287 E
1921 3263 2001 3286 cum

260 3304 340 3333 cett.
369 3304 474 3332 nostr·
508 3315 540 3321 -
570 3302 625 3334 39-
652 3305 720 3335 duo
746 3314 795 3336 ac
821 3304 903 3343 Gr.,
931 3305 978 3337 B:
1006 3305 1072 3336 duo
1097 3307 1178 3336 sanc
1203 3312 1280 3336 cum
1307 3305 1382 3335 aliis
1410 3303 1521 3335 Codd.
1550 3303 1575 3335 E
1593 3326 1601 3342 ,
1627 3306 1707 3335 sant
1729 3302 1796 3334 duo
1816 3302 1857 3341 d,
1890 3301 1998 3334 Valla.
