2117 3762
291 257 345 299 54
961 252 1030 292 AD
1063 252 1378 294 HERENNIUM

291 377 376 405 non
405 363 483 404 isto
515 362 639 402 modo
672 358 843 405 didicit,
891 361 937 398 ut
966 355 1170 411 Lysippus
1200 362 1323 411 caput
1352 361 1589 401 ostenderet
1618 361 1802 416 Myronis
1822 392 1833 410 ,
1879 363 2047 405 brachia

292 425 553 472 Praxitelae,
604 427 746 478 pectus
782 419 1008 474 Polycleti,
1058 423 1245 460 ventrem
1282 424 1323 460 et
1359 433 1477 462 crura
1508 422 1522 438 *
1544 422 1583 471 *3
1636 425 1709 464 sed
1741 422 1879 464 omnia
1908 437 2047 466 coram

293 487 536 541 magistrum
574 485 792 526 facientem
835 483 1025 528 videbat,
1077 486 1312 523 ceterorum
1351 497 1480 536 opera
1510 484 1576 525 vel
1607 499 1680 525 sua
1711 490 1856 539 sponte
1886 491 2049 538 poterat

296 548 575 591 considerare.
636 545 707 587 Isti
737 546 910 585 credunt
940 558 1012 584 eos
1031 575 1040 591 ‚
1075 542 1146 597 qui
1177 545 1278 584 haec
1307 544 1434 586 velint
1463 546 1650 594 discere,
1683 547 1761 588 alia
1788 546 1946 588 ratione
1977 551 2049 589 do-

265 611 379 653 ⁵ceri
409 624 530 666 posse
561 606 832 650 commodius.
896 607 983 647 VII.
1033 608 1098 646 10.
1146 606 1366 648 Praeterea
1395 622 1445 649 ne
1466 614 1637 663 possunt
1658 609 1822 665 quidem
1846 623 1909 658 ea,
1944 624 2049 664 quae

295 678 511 715 sumuntur
554 670 604 712 ab
650 669 770 717 aliis,
823 670 1013 723 exempla
1058 673 1139 708 tam
1178 682 1268 709 esse
1306 674 1616 713 accommodata
1657 671 1707 712 ad
1751 678 1881 713 artem
1927 687 2050 728 quam

294 736 495 790 propria3
546 737 796 787 propterea,
848 733 959 787 quod
998 733 1039 771 in
1080 729 1254 770 dicendo
1292 731 1440 772 leviter
1474 747 1580 774 unus
1615 734 1789 790 quisque
1820 734 1935 775 locus
1964 737 2052 790 ple-

295 810 470 851 rumque
501 795 709 847 tangitur,
741 807 793 834 ne
824 808 890 835 ars
921 797 1143 848 appareat,
1191 791 1234 832 in
1264 794 1556 849 praecipiendo
1597 811 1791 852 expresse
1822 799 2053 853 conscripta

295 871 453 915 ponere
484 861 650 912 oportet
680 855 894 911 exempla,
926 857 985 896 uti
1016 855 1058 896 in
1088 854 1185 896 artis
1215 856 1393 897 formam
1425 859 1647 901 convenire
1678 862 1856 915 possint,
1890 865 1931 900 et
1960 864 2054 914 post

247 933 283 958 1⁰
297 923 338 964 in
369 921 542 962 dicendo
561 951 572 967 ,
605 933 657 960 ne
688 919 820 972 possit
850 933 916 960 ars
948 920 1131 960 eminere
1163 922 1202 959 et
1232 920 1282 958 ab
1315 920 1507 960 omnibus
1536 922 1698 970 videri,
1736 922 1928 964 facultate
1960 935 2053 962 ora-

295 985 396 1026 toris
428 982 667 1024 occultatur.
725 984 835 1035 Ergo
879 983 1002 1022 etiam
1045 987 1089 1022 ut
1128 980 1259 1034 magis
1291 995 1357 1022 ars
1389 989 1689 1035 cognoscatur,
1738 986 1821 1026 suis
1852 984 2053 1037 exemplis

294 1046 443 1090 melius
474 1051 534 1087 est
562 1045 635 1090 uti.
692 1047 908 1086 Postremo
939 1047 1042 1086 haec
1074 1057 1240 1099 quoque
1271 1058 1339 1085 res
1369 1058 1444 1085 nos
1477 1047 1595 1086 duxit
1624 1046 1674 1088 ad
1705 1050 1810 1088 hanc
1829 1049 2050 1095 rationem,

297 1108 408 1164 quod
438 1109 605 1150 nomina
636 1121 779 1149 rerum
811 1109 965 1148 Graeca
985 1139 996 1156 ,
1030 1120 1134 1162 quae
1165 1106 1444 1147 convertimus
1463 1139 1474 1155 ,
1517 1121 1563 1148 ea
1595 1115 1754 1151 remota
1784 1116 1878 1151 sunt
1906 1123 1928 1150 a
1958 1123 2056 1151 con-

297 1170 527 1213 suetudine.
586 1172 703 1220 Quae
734 1170 842 1211 enim
874 1183 940 1211 res
966 1169 1074 1225 apud
1096 1174 1260 1210 nostros
1282 1183 1365 1210 non
1388 1174 1530 1217 erant,
1564 1184 1706 1212 earum
1728 1185 1865 1212 rerum
1888 1173 2056 1213 nomina

247 1242 282 1268 1⁵
297 1249 380 1277 non
409 1239 601 1288 poterant
631 1247 721 1275 esse
750 1232 912 1274 usitata.
970 1235 1082 1287 Ergo
1112 1234 1214 1273 haec
1243 1231 1454 1285 asperiora
1485 1233 1620 1287 primo
1647 1233 1866 1275 videantur
1886 1247 2056 1275 necesse

299 1304 383 1346 est,
419 1298 544 1351 idque
575 1295 646 1337 fiet
673 1295 758 1344 rei,
798 1308 883 1337 non
915 1301 1055 1337 nostra
1085 1294 1339 1336 difficultate.
1401 1296 1618 1351 Reliquum
1653 1297 1879 1351 scripturae
1909 1309 2059 1337 consu-

297 1365 434 1402 metur
463 1360 506 1399 in
537 1360 765 1414 exempli83
798 1359 903 1399 11000
934 1359 1071 1399 0110110
1100 1359 1133 1398 51
1163 1358 1472 1412 posuissemus,
1505 1359 1657 1399 factum
1681 1364 1817 1407 esset,
1849 1363 1914 1404 ut,
1946 1360 2058 1413 quod

300 1423 558 1464 commodius
591 1426 700 1462 esset
728 1420 771 1461 in
802 1422 883 1462 hoc
913 1422 1046 1469 libro,
1080 1421 1122 1461 id
1152 1426 1338 1461 nostrum
1368 1434 1452 1462 non
1483 1427 1615 1469 esset;
1660 1423 1771 1476 quod
1803 1421 1988 1475 asperius
2019 1426 2060 1461 et

298 1487 564 1532 inusitatum,
610 1485 651 1524 id
682 1485 851 1538 proprie
883 1482 1004 1524 nobis
1036 1482 1344 1525 attribueretur.
1406 1486 1516 1538 Ergo
1557 1485 1664 1524 hanc
1706 1497 1871 1539 quoque
1901 1484 2060 1523 incom-

249 1557 285 1582 20
300 1547 541 1589 moditatem
571 1545 766 1600 fugimus.
846 1547 921 1586 His
952 1544 1002 1586 de
1035 1546 1190 1593 causiS,
1237 1560 1330 1586 cum
1361 1547 1458 1586 artis
1489 1547 1772 1586 inventionem
1805 1548 2058 1588 Graecorum

298 1612 619 1666 probassemu5‚
656 1609 943 1664 exemplorum
974 1609 1179 1648 rationem
1211 1609 1340 1648 secuti
1371 1621 1456 1649 non
1487 1623 1642 1649 sumus.

410 1674 527 1712 Nunc
571 1675 732 1725 tempus
784 1669 985 1724 postulat,
1034 1674 1080 1709 ut
1125 1671 1176 1710 ad
1227 1671 1473 1711 elocutionis
1518 1676 1735 1726 praecepta
1785 1676 2056 1712 transeamus.

300 1736 496 1788 Bipartita
526 1732 652 1788 igitur
684 1733 762 1773 erit
792 1733 913 1773 nobis
947 1731 1193 1773 elocutionis
1214 1733 1467 1788 praeceptio.
1530 1733 1710 1774 Primum
1733 1732 1938 1780 dicemus,
1971 1733 2061 1788 qui-

301 1799 379 1838 bus
410 1797 452 1838 in
485 1797 705 1850 generibus
737 1808 901 1850 semper
940 1795 1073 1836 omnis
1114 1795 1297 1837 oratoria
1337 1797 1517 1837 elocutio
1558 1794 1709 1837 debeat
1748 1809 1866 1845 esse;
1912 1795 2060 1837 deinde

252 1868 287 1893 2⁵
304 1861 591 1906 ostendemus,
626 1871 728 1912 quas
760 1871 824 1898 res
856 1871 1021 1913 semper
1050 1859 1207 1899 habere
1240 1861 1403 1899 debeat.
1464 1860 1572 1899 VIII.
1611 1861 1675 1899 11.
1712 1859 1814 1899 Sunt
1839 1860 1964 1912 igitur
1981 1858 2061 1899 tria

302 1936 482 1976 genera,
529 1935 634 1976 quae
680 1935 833 1974 genera
870 1934 946 1961 nos
988 1919 1140 1975 figuras
1181 1921 1455 1976 appellamus,
1503 1920 1541 1961 in
1584 1919 1731 1976 quibus
1762 1922 1896 1961 omnis
1928 1922 2060 1962 oratio

301 1998 387 2026 non
425 1985 572 2026 vitiosa
616 1984 897 2031 consumitur;
949 1997 1074 2025 unam
1114 1997 1309 2038 gravem,
1362 1986 1532 2024 alteram
1563 1984 1844 2031 mediocrem,
1896 1983 2061 2024 tertiam

303 2052 553 2088 attenuatam
584 2059 794 2088 vocamus.
858 2047 1000 2088 Gravis
1033 2052 1121 2095 est,
1175 2061 1281 2101 quae
1321 2052 1480 2087 constat
1520 2060 1572 2086 ex
1609 2048 1834 2087 verborum
1875 2047 2061 2100 gravium

304 2111 385 2150 levi
417 2115 457 2151 et
487 2115 629 2150 ornata
661 2111 981 2151 constructione.
1042 2110 1263 2150 Mediocris
1305 2115 1386 2158 est,
1435 2122 1539 2165 quae
1571 2113 1730 2150 constat
1759 2121 1810 2148 ex
1840 2107 2061 2149 humiliore

256 2185 442 2227 seneque
474 2177 609 2213 tamen
643 2187 694 2213 ex
724 2172 861 2213 infima
896 2179 935 2213 et
954 2173 1312 2228 pervulgatissima
1332 2170 1554 2213 verborum
1578 2170 1791 2225 dignitate.
1843 2173 2061 2212 Attenuata

306 2240 382 2283 est,
406 2248 511 2289 quae
535 2236 710 2275 demissa
732 2241 792 2276 est
813 2249 944 2291 usque
966 2237 1017 2276 ad
1036 2235 1342 2276 usitatissimam
1363 2236 1455 2290 puri
1478 2233 1819 2276 consuetudinem
1841 2235 2058 2275 sermonis.

418 2298 463 2337 In
496 2297 611 2350 gravi
641 2295 770 2350 figura
802 2303 1068 2338 consumetur
1099 2299 1252 2345 oratio,
1300 2299 1359 2346 si,
1403 2311 1507 2352 quae
1538 2299 1738 2351 cuiusque
1776 2297 1837 2337 rei
1866 2302 2064 2351 poterunt

308 2359 566 2401 ornatissima
604 2362 731 2401 verba
768 2361 940 2415 reperiri
982 2361 1067 2402 sive
1105 2362 1275 2415 propria
1305 2360 1392 2401 sive
1425 2365 1648 2408 extranea,
1700 2373 1823 2400 unam
1856 2372 2062 2414 quamque

306 2425 350 2465 in
372 2437 458 2465 rem
480 2421 929 2472 accommodabuntur3
965 2428 1019 2471 et,
1053 2422 1086 2464 si
1109 2437 1254 2477 graves
1276 2424 1518 2471 sententiae,
1554 2437 1661 2477 quae
1682 2423 1722 2463 in
1744 2422 2062 2477 amplificatione

258 2497 292 2522 ³⁵
309 2492 350 2528 et
381 2486 741 2528 commiseratione
771 2491 1021 2534 tractantur,
1066 2485 1295 2539 eligentur3
1342 2490 1406 2532 et,
1453 2487 1487 2526 si
1519 2484 1811 2526 exornationes
1843 2483 2064 2525 sententia-

309 2564 398 2590 rum
431 2553 502 2589 aut
533 2550 776 2596 verborum,
812 2562 917 2602 quae
952 2548 1192 2603 gravitatem
1224 2547 1463 2597 habebunt,
1498 2551 1548 2590 de
1580 2547 1727 2603 quibus
1747 2553 1843 2602 post
1862 2546 2061 2595 dicemus,

309 2611 633 2653 adhibebuntur.
698 2612 763 2650 12.
798 2612 844 2650 In
874 2613 952 2651 1100
984 2625 1134 2665 genere
1166 2609 1320 2664 figurae
1351 2611 1429 2652 erit
1458 2613 1539 2653 hoc
1564 2612 1818 2666 exemplum:
1849 2611 1951 2651 Nam
1973 2611 2064 2665 quis

310 2681 372 2715 est
401 2677 610 2721 vestrum,
656 2674 836 2721 iudices,
881 2675 949 2728 qui
981 2677 1077 2715 satis
1107 2672 1299 2714 idoneam
1330 2675 1460 2728 possit
1490 2675 1531 2714 in
1565 2687 1659 2715 eum
1689 2685 1865 2727 poenam
1898 2673 2065 2726 excogi-

310 2744 418 2786 tare,
453 2738 524 2792 qui
552 2738 733 2792 prodere
766 2737 954 2777 hostibus
985 2738 1159 2792 patriam
1192 2737 1409 2790 cogitarit?
1442 2738 1553 2791 quod
1584 2734 1830 2776 maleficium
1862 2748 1955 2774 cum
1986 2736 2064 2775 1100

261 2808 295 2833 40
312 2800 466 2841 scelere
499 2798 755 2853 comparari,
800 2798 910 2852 quod
952 2799 1045 2840 huic
1087 2798 1290 2840 maleficio
1334 2799 1501 2853 dignum
1543 2798 1788 2853 supplicium
1829 2801 1966 2851 potest
2004 2797 2066 2836 in-

311 2863 476 2904 veniri?
507 2865 553 2904 In
585 2862 656 2911 iis,
692 2861 761 2917 qui
790 2861 1016 2902 violassent
1046 2862 1293 2916 ingenuam,
1327 2861 1678 2903 matremfamilias
1710 2863 2060 2914 constuprassent,

403 2970 435 3000 2.
465 2970 650 3009 Polycleti,
689 2973 842 3000 ventrem
867 2973 898 2999 et
925 2977 1029 2999 crura
1055 2991 1063 2999 .
1095 2991 1102 2998 .
1133 2991 1140 2998 .
1171 2993 1179 3001 .
1207 2970 1266 3000 sed
1302 2969 1383 3000 BT:
1423 2968 1587 3008 Polycleti
1622 2967 1680 2998 sed
1713 2966 1870 2998 PABFE.
1910 2966 2004 3006 (Post
2029 2974 2060 2996 v.

312 3025 419 3048 crura
444 3020 568 3048 excidit
595 3017 734 3048 artificis
761 3014 916 3050 nomen.)
945 3031 984 3036 ·—
1024 3015 1055 3046 3.
1084 3020 1220 3053 poterat
1246 3017 1464 3047 considerare
1490 3015 1656 3046 PBFRT:
1686 3014 1903 3044 considerare
1924 3016 2063 3052 poterat

313 3063 385 3095 ΑΕ.
416 3079 454 3084 -
481 3063 514 3094 9.
543 3065 595 3094 uti
620 3063 789 3094 PABFT:
819 3067 857 3092 ut
883 3061 954 3092 RE.
983 3078 1024 3082 —
1051 3062 1105 3093 18.
1134 3064 1302 3094 commodi
1327 3061 1453 3093 PAFT.
1486 3078 1522 3084 -
1552 3061 1606 3093 19.
1633 3062 1835 3092 inusitatius
1861 3059 1887 3090 B
1915 3063 1947 3091 et
1973 3067 2060 3089 corr.

313 3110 357 3146 P,
386 3109 424 3140 L.
456 3125 493 3131 —-
521 3109 576 3140 23.
608 3112 714 3151 ἱρέων
740 3110 806 3141 erit
831 3109 966 3140 PAFT:
996 3109 1059 3140 erit
1084 3110 1193 3148 iyitur
1219 3110 1300 3147 RE,
1327 3117 1407 3149 erqo
1427 3109 1492 3139 erit
1513 3108 1548 3140 B.
1581 3125 1617 3131 —
1646 3107 1702 3138 22.
1731 3107 1863 3138 debeat.
1912 3105 2063 3145 Fiyurae

315 3157 488 3187 orationis
520 3160 599 3186 sunt
637 3161 714 3187 tres.
750 3159 831 3187 sunt
866 3160 930 3187 cet..
965 3154 1039 3190 ΡΑ,
1084 3155 1214 3185 debeat.
1242 3156 1397 3195 Fiqurae
1423 3155 1594 3185 orationis
1619 3158 1699 3184 sunt
1725 3154 1791 3184 ΙΙΙ.
1820 3159 1907 3192 quas
1930 3152 2063 3193 figJuras

314 3204 378 3234 alii
401 3211 527 3242 yenera
543 3205 821 3235 nominaverunt.
850 3203 886 3233 in
905 3202 943 3233 B.
964 3219 1007 3222 —
1033 3202 1089 3232 28.
1111 3205 1328 3233 attenuatam
1346 3203 1373 3233 R
1401 3206 1435 3233 ct
1452 3210 1540 3232 corr.
1561 3201 1585 3232 P
1603 3202 1731 3240 aliique
1751 3202 1869 3238 pauci:
1900 3202 2063 3229 extenua-

315 3255 386 3280 tam
407 3249 431 3280 E
452 3257 528 3279 cum
548 3249 661 3279 ABF'I'
683 3255 716 3281 et
735 3258 784 3288 pr.
807 3250 843 3281 P.
868 3267 901 3272 —
926 3248 981 3279 29.
1004 3248 1068 3279 levi
1086 3248 1189 3279 PAF:
1211 3249 1277 3279 lem·
1295 3249 1335 3285 T,
1354 3258 1481 3290 magna
1499 3248 1602 3279 BRE.
1619 3264 1659 3269 —
1686 3247 1740 3277 30.
1761 3249 1947 3277 extenuata
1961 3244 2003 3275 R.
2021 3260 2062 3266 —

316 3297 372 3327 31.
408 3297 682 3327 consuetudinem
706 3297 868 3328 sermonis
891 3295 1093 3327 PABFR‘I':
1133 3304 1160 3326 s.
1189 3304 1280 3326 cons.
1318 3296 1357 3326 E.
1394 3312 1437 3316 —
1475 3295 1531 3326 33.
1566 3298 1732 3326 eas—tronea
1757 3291 1839 3322 PFT
1871 3295 1904 3322 et
1931 3299 1981 3329 pr.
2010 3290 2060 3322 A:

315 3343 494 3374 translata
518 3342 544 3373 E
573 3351 650 3374 cum
677 3343 736 3374 BR
762 3349 795 3375 et
821 3352 908 3375 corr.
935 3343 979 3374 Α.
1006 3359 1050 3363 -
1074 3342 1131 3374 [41.
1158 3342 1347 3382 ingenuum
1364 3340 1390 3373 P
1419 3346 1451 3374 et
1469 3350 1557 3374 corr.
1574 3342 1619 3378 F,
1646 3340 1821 3381 inqenium
1839 3337 1867 3369 T
1894 3341 1927 3369 et
1953 3346 2005 3379 pr.
2023 3338 2061 3369 F.
