2117 3762
246 259 328 300 400
1036 256 1235 298 BRUTUS

246 369 386 419 specta
418 366 479 404 est
507 362 726 416 utriusque
756 359 949 400 nostrum
981 359 1226 402 exercitatio
1259 360 1400 414 paullo
1432 363 1553 407 ante,
1586 371 1711 413 quam
1740 357 2011 413 perterritum

246 427 375 467 armis
406 427 487 466 hoc
517 424 721 469 studium,
755 423 901 467 Brute,
945 426 1133 462 nostrum
1165 422 1363 464 conticuit
1393 420 1530 462 subito
1563 426 1604 462 et
1634 420 1865 470 obmutuit3
1917 433 2011 462 cum

247 488 339 543 lege
369 488 567 540 Pompeia
596 485 723 525 ternis
753 483 870 524 horis
902 481 953 523 ad
984 482 1204 524 dicendum
1235 484 1359 533 datis,
1393 485 1444 524 ad
1475 497 1619 524 causas
1649 483 1876 524 simillimas
1902 483 2011 524 inter

248 564 293 592 se
323 550 390 592 vel
419 548 556 604 potius
587 545 752 587 easdem
782 545 880 586 novi
909 544 1177 587 veniebamus
1209 547 1410 600 quotidie.
1473 544 1635 594 Quibus
1676 544 1844 599 quidem
1883 545 2016 586 causis

217 625 231 650 5
250 618 292 654 tu
322 612 462 658 ctiam,
495 613 644 656 Brute,
675 613 844 661 praesto
877 606 991 648 fuisti
1022 606 1339 662 compluresque
1361 614 1402 649 et
1420 607 1641 649 nobiscum
1672 613 1714 648 et
1735 607 1847 648 solus
1869 605 2014 660 egisti,

247 682 294 717 ut
334 676 403 730 qui
443 687 526 714 non
569 671 666 713 satis
698 671 769 712 diu
799 671 950 712 vixerit
980 670 1229 710 Hortensius
1260 674 1399 711 tamen
1430 673 1538 712 hunc
1569 683 1738 711 cursum
1771 667 2015 710 confecerit.

248 740 375 778 Annis
406 742 499 777 ante
530 734 674 776 decem
706 747 849 774 causas
880 745 1005 786 agere
1037 731 1197 785 coepit,
1230 745 1354 785 quam
1388 737 1431 773 tu
1464 747 1507 774 es
1541 739 1682 783 natus;
1726 731 1838 773 idem
1869 736 2017 788 quarto

248 806 289 841 et
317 798 575 852 sexagesimo
605 810 740 844 anno,
772 795 990 851 perpaucis
1020 799 1114 835 ante
1145 799 1323 835 mortem
1355 793 1526 844 diebus,
1560 810 1643 837 una
1662 800 1799 836 tecum
1821 807 2016 836 socerum

247 869 362 904 tuum
402 859 587 901 defendit
624 859 820 914 Appium.
882 855 1056 899 Dicendi
1096 861 1234 897 autem
1274 870 1404 910 genus
1445 859 1556 911 quod
1587 857 1787 899 fueritin
1817 862 2016 913 utroque,

198 936 233 961 10
251 923 462 967 orationes
492 923 712 976 utriusque
743 920 869 962 etiam
898 918 1078 973 posteris
1109 918 1263 960 nostris
1294 919 1550 960 indicabunt.

358 987 485 1029 XCV.
518 987 613 1026 325.
645 986 747 1030 Sed,
779 983 813 1025 si
834 982 1072 1039 quaerimus
1087 1012 1099 1030 ,
1122 994 1197 1022 cur
1217 979 1458 1023 adolescens
1479 984 1609 1036 magis
1630 981 1820 1025 floruerit
1840 982 2017 1025 dicendo

249 1064 373 1106 quam
404 1049 545 1090 senior
575 1045 846 1096 Hortensius,
894 1059 1037 1087 causas
1079 1045 1337 1099 reperiemus
1368 1045 1603 1085 verissimas
1635 1047 1750 1088 duas.
1809 1047 2018 1094 Primum,
2080 1056 2083 1060 ·

249 1113 362 1168 quod
407 1124 538 1166 genus
581 1115 669 1151 erat
712 1108 916 1151 orationis
957 1106 1209 1155 Asiaticum,
1257 1105 1562 1148 adolescentiae
1604 1109 1736 1160 magis
1775 1121 2021 1150 conc-essum

250 1188 374 1232 quam
405 1174 623 1216 senectuti.
686 1174 854 1235 Genera!
880 1176 1017 1212 autem
1048 1169 1254 1211 Asiaticae
1285 1168 1477 1211 dictionis
1508 1169 1592 1211 duo
1622 1175 1738 1211 sunt:
1770 1185 1899 1213 unum
1931 1184 2025 1212 sen-

199 1239 476 1279 1⁵tentiosum
526 1241 567 1277 et
607 1239 827 1289 argutum,
879 1232 1094 1275 sententiis
1135 1245 1220 1273 non
1260 1236 1342 1273 tam
1384 1231 1578 1287 gravibus
1619 1237 1659 1274 ct
1693 1233 1847 1275 severis
1897 1247 2020 1288 quam

252 1299 465 1343 concinnis
506 1304 549 1340 et
589 1296 797 1346 venustis3
848 1295 980 1350 qualis
1021 1297 1064 1337 in
1103 1294 1282 1336 historia
1322 1294 1536 1344 Timaeus,
1581 1296 1625 1336 in
1666 1295 1844 1337 dicendo
1884 1301 2023 1337 autem

251 1365 394 1420 pueris
423 1362 546 1403 nohis
579 1358 794 1402 Hierocles
824 1357 1110 1407 Alabandeus,
1160 1357 1293 1411 magis
1324 1357 1448 1399 etiam
1478 1357 1708 1406 Menecles,
1755 1357 1884 1400 frater
1913 1357 2023 1407 eius,

252 1427 350 1476 fuit;
396 1437 575 1481 quorum
606 1422 824 1476 utriusque
855 1420 1068 1462 orationes
1099 1424 1193 1461 sunt
1223 1420 1452 1476 imprimis,
1484 1426 1529 1461 ut
1558 1421 1738 1462 Asiatico
1769 1420 1813 1461 in
1844 1434 2023 1474 genere,

254 1486 497 1531 laudabiles.
558 1483 681 1526 Aliud
725 1488 863 1524 autem
910 1496 1040 1537 genus
1086 1487 1148 1524 est
1190 1498 1273 1527 non
1318 1489 1399 1525 tam
1455 1482 1674 1524 sententiis
1721 1482 2027 1539 frequentatum

204 1566 240 1591 20
256 1565 379 1607 quam
408 1549 549 1591 verbis
579 1547 749 1589 volucre
779 1551 903 1601 atque
933 1545 1171 1595 incitatum,
1205 1546 1318 1603 quali
1351 1551 1413 1587 est
1442 1560 1550 1587 nunc
1575 1547 1671 1587 Asia
1700 1551 1809 1594 tota,
1843 1560 1920 1587 nec
1950 1543 2026 1586 ssu-

255 1614 366 1655 mine
397 1612 532 1654 solum
563 1610 788 1657 orationis,
840 1610 912 1649 sed
953 1608 1078 1649 etiam
1118 1615 1323 1651 exornato
1355 1614 1396 1650 et
1423 1607 1560 1649 faceto
1592 1621 1745 1663 genere
1775 1610 2024 1658 verborum;

255 1678 298 1717 in
329 1688 413 1730 quo
443 1673 521 1715 fuit
549 1672 778 1727 Aeschylus
811 1670 980 1712 Cnidius
1011 1676 1052 1713 et
1082 1685 1198 1713 meus
1238 1671 1423 1728 aequalis
1465 1671 1648 1713 Milesius
1678 1672 1919 1712 Aeschines.
1981 1671 2029 1711 In

255 1740 319 1781 his
355 1743 445 1779 erat
483 1735 736 1778 admirabilis
780 1734 979 1776 orationis
1021 1749 1189 1783 cursus,
1241 1740 1389 1776 ornata
1429 1733 1729 1775 sententiarum
1771 1733 2028 1775 concinnitas

256 1815 341 1843 non
373 1806 475 1842 crat.
537 1801 634 1840 326.
668 1799 782 1838 Haec
812 1802 971 1845 autem,
1004 1802 1050 1839 ut
1081 1797 1191 1846 dixi,
1229 1811 1384 1851 genera
1415 1796 1579 1838 dicendi
1610 1798 1773 1850 aptiora
1806 1801 1900 1838 sunt
1929 1797 2030 1837 ado-

207 1861 530 1911 2⁵lescentibus3
562 1861 604 1902 in
635 1859 803 1902 senibus
837 1859 1083 1914 gravitatem
1114 1874 1198 1901 non
1229 1859 1395 1901 habent.
1455 1861 1600 1915 Itaque
1632 1860 1883 1901 Hortensius
1913 1863 2031 1901 utro-

258 1940 340 1982 que
370 1938 522 1980 genere
552 1922 705 1965 ssorens
736 1924 938 1963 clamores
969 1921 1150 1963 faciebat
1188 1922 1447 1963 adolescens.
1508 1924 1701 1963 Habebat
1733 1923 1843 1963 enim
1874 1926 1916 1963 et
1944 1923 2031 1963 Me—

257 1988 438 2031 neclium
468 1986 571 2028 illud
597 1985 777 2027 studium
800 1986 1041 2026 crebrarum
1064 1990 1415 2039 venustarumque
1437 1984 1760 2035 sententiarum3
1795 1984 1838 2026 in
1859 1982 2026 2039 quibus,

258 2058 303 2094 ut
332 2053 374 2092 in
404 2050 476 2092 illo
511 2052 687 2097 Graeco,
733 2047 792 2089 sic
829 2049 871 2088 in
908 2049 990 2088 hoc
1027 2053 1145 2089 erant
1174 2047 1379 2102 quaedam
1412 2050 1541 2101 magis
1572 2052 1770 2089 venustae
1803 2048 2030 2102 dulcesque

259 2115 491 2156 sententiae
522 2125 645 2168 quam
677 2116 748 2152 aut
777 2111 1036 2151 necessariae
1067 2115 1137 2150 aut
1167 2109 1376 2150 interdum
1407 2111 1556 2160 utiles;
1592 2115 1632 2151 et
1654 2115 1744 2151 erat
1769 2111 1904 2151 oratio
1936 2122 2031 2151 cum

210 2189 246 2215 ³0
260 2178 428 2218 incitata
459 2180 500 2217 et
528 2173 722 2222 vibrans,
753 2178 840 2214 tum
872 2174 997 2214 etiam
1025 2177 1215 2214 accurata
1237 2177 1277 2213 et
1298 2171 1443 2225 polita.
1506 2174 1598 2213 Non
1618 2170 1907 2226 probabantur
1927 2170 2031 2213 haec

260 2239 429 2282 senibus
459 2260 512 2267 —-
555 2249 680 2291 saepe
720 2234 914 2276 videbam
953 2247 1045 2275 cum
1086 2233 1352 2284 irridentem,
1401 2240 1488 2275 tum
1530 2236 1655 2275 etiam
1697 2236 1944 2277 irascentem
1991 2239 2032 2275 et

260 2301 590 2343 stomachantem
628 2297 867 2351 Philippum
909 2312 989 2347 —3
1038 2298 1111 2338 sed
1152 2298 1413 2339 mirabantur
1453 2298 1762 2346 adolescentes,
1809 2294 2030 2339 multitudo

260 2364 532 2412 movebatur3
599 2362 694 2402 327.
739 2365 828 2401 erat
866 2359 1076 2401 excellens
1115 2359 1270 2401 iudicio
1312 2359 1425 2414 vulgi
1455 2365 1496 2400 et
1525 2358 1644 2402 facile
1674 2361 1831 2414 primas
1860 2360 2032 2401 tenebat

261 2423 518 2466 adolescenS.
579 2424 667 2465 Etsi
707 2424 816 2465 enim
856 2437 986 2478 genus
1025 2422 1126 2464 illud
1158 2422 1323 2464 dicendi
1353 2423 1610 2464 auctoritatis
1639 2421 1823 2464 habebat
1850 2436 2028 2476 parum,

212 2500 248 2527 as
262 2494 401 2530 tamen
430 2493 572 2543 aptum
605 2499 696 2527 esse
726 2487 850 2527 aetati
881 2483 1121 2535 videbatur3
1171 2490 1212 2526 et
1243 2489 1378 2535 certe,
1426 2484 1538 2541 quod
1568 2491 1608 2527 et
1638 2485 1794 2540 ingenii
1827 2486 2031 2540 quaedam

262 2550 398 2593 forma
429 2551 597 2592 lucebat
626 2554 664 2590 et
696 2547 991 2589 exercitatione
1021 2546 1207 2603 perfecta
1237 2553 1325 2588 erat
1354 2550 1666 2603 verborumque
1693 2548 1887 2589 adstricta
1917 2560 2032 2589 com-

262 2612 510 2669 prehensio,
557 2624 760 2652 summam
789 2609 1004 2651 hominum
1036 2609 1355 2651 admirationem
1387 2611 1608 2655 excitabat.
1668 2611 1775 2659 Sed,
1823 2624 1917 2651 cum
1947 2609 2032 2651 iam

263 2678 448 2718 honores
479 2680 520 2716 et
549 2675 620 2714 illa
651 2674 791 2715 senior
820 2672 1045 2714 auctoritas
1076 2673 1241 2726 gravius
1272 2674 1469 2728 quiddam
1500 2673 1752 2727 requireret,
1788 2673 2032 2714 remanebat

264 2739 376 2779 idem
405 2751 482 2779 nec
512 2738 687 2778 decebat
715 2735 850 2785 idem;
891 2736 1087 2790 quodque
1118 2734 1461 2777 exercitationem
1492 2735 1755 2791 studiumque
1800 2733 2029 2783 dimiserat,

215 2820 251 2846 ao
266 2799 380 2857 quod
407 2800 451 2842 in
481 2813 530 2841 eo
562 2800 700 2840 fuerat
728 2800 998 2844 acerrimum,
1032 2798 1286 2839 concinnitas
1317 2797 1386 2839 illa
1416 2799 1698 2853 crebritasque
1733 2798 2032 2840 sententiarum

267 2863 438 2919 pristina
467 2864 686 2911 manebat,
734 2863 807 2903 sed
839 2874 887 2902 ea
919 2860 1072 2902 vestitu
1101 2858 1174 2900 illo
1206 2859 1429 2909 orationis,
1478 2873 1561 2915 quo
1593 2865 1835 2907 consuerat,
1884 2863 2030 2901 ornata

267 2940 352 2968 non
383 2931 485 2971 erat.
544 2926 636 2967 Hoc
665 2924 742 2966 tibi
772 2923 860 2972 ille,
892 2925 1037 2970 Brute,
1068 2923 1204 2964 minus
1234 2922 1410 2964 fortasse
1435 2921 1612 2977 placuit,
1646 2936 1769 2978 quam
1790 2921 2028 2977 placuisset,

364 3059 399 3091 7.
426 3060 583 3100 idemque
609 3066 686 3090 cum
712 3057 740 3088 R
766 3056 837 3089 sola
861 3056 996 3097 Meyer.
1034 3072 1075 3078 —
1117 3055 1173 3087 12.
1198 3056 1352 3096 primam
1379 3054 1515 3087 volebat
1543 3055 1625 3086 Ern.
1668 3071 1712 3077 —
1754 3055 1811 3091 20.
1841 3054 1938 3096 quali
1962 3050 2025 3094 est]

272 3106 384 3145 qualis
411 3110 459 3138 est
484 3106 566 3138 Sch.
595 3106 687 3137 coni.
716 3120 759 3125 —-
783 3103 841 3134 23.
869 3103 921 3134 his
946 3103 1008 3143 Lg.
1036 3111 1156 3135 omnes
1182 3106 1320 3142 praeter
1344 3102 1424 3140 2Ο.,
1460 3105 1543 3134 item
1570 3102 1657 3135 Ven.
1686 3103 1719 3134 1.
1746 3102 1868 3134 Ottob.
1897 3100 1965 3133 Gu.
1993 3103 2027 3133 1.

270 3153 306 3182 2.
328 3153 379 3183 R:
408 3154 450 3184 iis
468 3160 544 3184 cum
571 3152 631 3192 Lg.
653 3151 711 3182 20.
739 3153 772 3182 et
791 3149 879 3181 Edd.
900 3150 1075 3189 plerisque
1093 3150 1134 3181 E.
1157 3165 1195 3172 —-
1223 3149 1279 3180 30.
1303 3148 1501 3187 probantur
1527 3148 1603 3180 libri
1623 3153 1656 3180 et
1673 3149 1715 3181 R.
1744 3148 1900 3181 Correxit
1916 3148 2027 3184 Ern.;

272 3198 356 3229 illud
377 3198 668 3238 praetulitPeter.
689 3212 729 3220 -
749 3196 807 3229 34.
828 3197 869 3228 V.
891 3197 1089 3228 adolescens
1107 3195 1274 3227 suadente
1293 3194 1517 3236 Bernhardyo
1534 3195 1676 3228 seclusit
1690 3195 1841 3228 Ellendt.
1860 3208 1903 3216 —
1919 3194 1976 3225 35.
1998 3196 2030 3225 et

272 3248 352 3277 ante
378 3253 410 3275 v.
436 3246 566 3286 ingenii
591 3254 668 3277 cum
695 3243 764 3275 Gu.
793 3244 826 3276 1.
854 3243 888 3275 2.
915 3243 1040 3276 Dresd.
1068 3243 1233 3282 expunxit
1256 3241 1372 3274 Peter.
1399 3258 1437 3265 -
1465 3242 1521 3274 36.
1549 3242 1702 3274 elucebat
1718 3241 1839 3274 Lamb.
1859 3242 2027 3280 suspicio.

272 3308 316 3313 —
342 3292 544 3324 exercitatio
571 3298 649 3324 cum
670 3291 700 3323 R
718 3291 791 3323 sola
808 3289 1066 3331 Bernhardyus.
1086 3306 1130 3311 -
1153 3288 1359 3329 verborum,
1385 3292 1529 3329 eratque
1554 3289 1728 3321 adstricta
1747 3297 1786 3320 ex
1804 3288 1875 3319 suis
1890 3286 2026 3319 DEFG.

272 3337 390 3371 Peter.
411 3353 448 3361 —
476 3337 535 3370 41.
562 3341 744 3370 consuerat
761 3337 822 3379 Lg.
850 3341 986 3378 praeter
1003 3337 1062 3369 20.
1080 3335 1139 3369 53.
1156 3359 1166 3376 ,
1192 3337 1276 3368 item
1301 3335 1390 3369 Ven.
1410 3336 1444 3367 1.
1474 3336 1549 3369 Vat.
1571 3335 1688 3368 Ottob.
1706 3344 1716 3368 ε
1742 3337 1967 3368 consueverat
1984 3334 2026 3366 E.
