2117 3762
512 853 606 903 M.
644 850 956 903 TULLII
1001 849 1475 901 CICERONIS

393 1019 1571 1094 TOPICA.

108 1409 141 1449 Ι.
179 1410 215 1449 1.
260 1393 462 1450 Maiores
506 1418 583 1446 nos
627 1418 695 1446 res
736 1402 920 1446 scribere
958 1402 1191 1457 ingressos,
1240 1401 1285 1443 C.
1320 1398 1512 1447 Trebati,
1563 1405 1604 1442 et
1640 1399 1691 1442 iis
1728 1399 1861 1450 libris,

109 1483 213 1525 quos
243 1470 361 1510 brevi
391 1475 582 1521 tempore
613 1467 713 1509 satis
744 1467 895 1509 multos
927 1466 1153 1514 edidimus,
1188 1464 1398 1519 digniores
1429 1477 1452 1505 6
1475 1477 1598 1505 cursu
1626 1464 1718 1517 ipso
1741 1477 1866 1506 revo-

109 1531 217 1573 cavit
246 1533 436 1573 voluntas
468 1537 552 1571 tua.
621 1531 724 1572 Cum
756 1531 867 1572 enim
898 1543 1061 1571 mecum
1092 1528 1135 1570 in
1165 1527 1399 1569 Tusculano
1430 1540 1542 1568 esses
1573 1532 1613 1568 et
1642 1526 1685 1567 in
1715 1525 1867 1568 biblio-

109 1595 229 1636 theca
250 1593 470 1649 separatim
502 1599 676 1649 uterque
708 1595 896 1634 nostrum
927 1591 978 1633 ad
1009 1605 1129 1633 suum
1159 1589 1339 1632 studium
1371 1587 1562 1638 libellos,
1596 1602 1700 1644 quos
1724 1589 1863 1639 vellet,

111 1656 342 1705 evolveret,
390 1654 570 1697 incidisti
611 1658 653 1697 iu
693 1655 925 1696 Aristotelis
966 1654 1123 1710 Topica
1162 1652 1389 1710 quaedam,
1436 1665 1540 1708 quae
1580 1657 1674 1692 sunt
1710 1654 1761 1693 ab
1792 1652 1898 1693 illos

109 1719 300 1771 pluribus
339 1717 457 1759 libris
497 1717 716 1773 explicata.
779 1719 871 1766 Qua
910 1717 1180 1772 inscriptione
1221 1721 1456 1757 commotus
1498 1713 1694 1756 continuo
1737 1728 1759 1756 a
1800 1728 1867 1756 me

108 1780 310 1822 librorum
331 1794 477 1822 eorum
498 1781 744 1821 sententiam
776 1781 1014 1836 requisisti;
1048 1781 1088 1820 2.
1120 1791 1298 1833 cumque
1330 1777 1403 1819 tibi
1432 1778 1718 1832 exposuissem
1742 1777 1865 1818 disci-

110 1843 265 1897 plinam
316 1841 660 1884 inveniendorum
707 1848 1072 1896 argumentorum,
1134 1847 1179 1882 ut
1217 1844 1304 1882 sine
1350 1841 1436 1881 ullo
1478 1852 1630 1881 errore
1676 1839 1728 1881 ad
1774 1854 1864 1882 eam

110 1909 271 1947 ratione
304 1913 344 1947 ct
374 1906 439 1946 via
470 1904 781 1960 perveniremus
812 1907 863 1945 ab
894 1903 1114 1946 Aristotele
1143 1905 1334 1952 inventa,
1387 1902 1466 1944 illis
1497 1901 1616 1943 libris
1645 1903 1865 1951 contineri,

110 1970 345 2009 verecunde
376 1973 420 2008 tu
450 1969 618 2022 quidem
649 1973 694 2008 ut
724 1968 882 2014 omnia,
916 1967 988 2009 sed
1019 1973 1156 2007 tamen
1185 1965 1307 2007 facile
1337 1972 1381 2007 ut
1411 1978 1627 2006 cernerem
1660 1970 1698 2006 te
1721 1968 1867 2007 ardere
1883 1978 1920 2006 10

111 2029 270 2078 studio,
303 2044 488 2078 mecum,
518 2037 566 2072 ut
595 2022 669 2072 tibi
703 2029 799 2085 [illa]
833 2032 1064 2077 traderem,
1105 2028 1241 2083 egisti.
1303 2028 1405 2069 Cum
1436 2034 1573 2069 autem
1604 2040 1683 2082 ego
1712 2033 1753 2069 te
1784 2041 1871 2069 non

111 2099 192 2133 tam
223 2093 377 2135 vitandi
407 2093 563 2135 laboris
593 2095 673 2135 mei
705 2107 851 2143 causa,
896 2107 1020 2149 quam
1059 2093 1155 2148 quia
1194 2096 1265 2132 tua
1303 2092 1345 2131 id
1382 2091 1584 2132 interesse
1624 2090 1867 2140 arbitrarer,

112 2157 178 2199 vel
207 2161 253 2197 ut
282 2169 354 2197 eos
384 2169 458 2210 per
488 2162 528 2196 te
559 2155 648 2210 ipse
680 2158 844 2209 legeres
875 2157 942 2196 vel
971 2161 1017 2196 ut
1046 2160 1174 2196 totam
1208 2155 1412 2195 rationem
1444 2168 1468 2194 a
1498 2153 1737 2195 doctissimo
1769 2168 1872 2210 quo-

114 2219 207 2260 dam
239 2220 406 2260 rhetore
436 2217 667 2270 acciperes,
699 2220 887 2259 hortatus
918 2231 1077 2266 essem,
1124 2221 1372 2271 utrumque,
1405 2220 1450 2257 ut
1479 2229 1532 2256 ex
1563 2221 1603 2257 te
1633 2214 1867 2265 audiebam,

115 2295 158 2322 es
199 2286 412 2335 expertus.
475 2282 515 2320 3.
560 2279 640 2321 Sed
681 2293 703 2320 a
734 2279 850 2320 libris
891 2285 929 2320 te
968 2280 1197 2320 obscuritas
1227 2279 1386 2319 reiecit.
1447 2277 1606 2320 Rhetor
1635 2283 1772 2320 autem
1802 2278 1919 2321 ille15

114 2356 286 2397 magnus
317 2343 445 2390 haec,
484 2347 529 2382 ut
558 2343 732 2397 opinor,
765 2341 1003 2383 Aristotelia
1034 2355 1078 2383 se
1109 2343 1303 2396 ignorare
1335 2340 1566 2396 respondit.
1629 2342 1752 2391 Quod
1783 2342 1873 2396 qui-

115 2407 208 2446 dem
240 2404 407 2445 minime
438 2418 526 2445 sum
559 2406 782 2446 admiratus
808 2418 902 2445 eum
923 2403 1219 2459 philosophum
1241 2404 1401 2445 rhetori
1422 2417 1507 2445 non
1529 2417 1618 2445 esse
1641 2405 1868 2457 cognitum,

115 2467 186 2522 qui
216 2465 265 2508 ab
296 2468 396 2522 ipsis
426 2466 687 2520 phiiosophis
729 2472 894 2521 praeter
933 2468 1157 2507 admodum
1186 2479 1340 2521 paucos
1369 2467 1649 2521 ignoraretur.
1710 2467 1869 2514 Quibus

117 2543 167 2571 eo
208 2529 344 2570 minus
384 2529 680 2583 ignoscendum
721 2535 801 2576 est,
847 2530 958 2584 quod
997 2542 1082 2569 non
1120 2530 1247 2569 modo
1286 2530 1413 2570 rebus
1456 2528 1531 2577 iis,
1578 2541 1683 2584 quae
1713 2529 1764 2568 ab
1798 2527 1868 2568 illo

117 2590 250 2632 dictae
282 2597 324 2632 et
352 2592 542 2633 inventae
573 2596 689 2640 sunt,
723 2591 833 2632 allici
863 2590 1122 2640 debuerunt,
1157 2592 1229 2631 sed
1261 2589 1425 2632 dicendi
1449 2603 1616 2646 quoque
1638 2587 1867 2630 incredibili
1883 2605 1920 2632 πο

118 2652 295 2707 quadam
316 2666 408 2695 cum
431 2656 573 2709 copia,
608 2659 693 2694 tum
716 2653 838 2695 etiam
861 2654 1078 2695 suavitate.
1142 2654 1182 2695 Ῑι.
1214 2656 1304 2694 Νοη
1327 2653 1444 2707 potui
1465 2655 1592 2708 igitur
1611 2652 1685 2693 tihi
1708 2651 1871 2705 saepius

118 2718 197 2756 hoc
226 2716 387 2769 roganti
416 2722 456 2757 et
486 2722 622 2757 tamen
652 2717 839 2765 verenti,
886 2730 939 2757 ne
970 2715 1069 2757 mihi
1109 2717 1243 2769 gravis
1282 2729 1394 2757 esses
1425 2739 1480 2747 -·
1513 2715 1635 2757 facile
1677 2714 1786 2755 enim
1828 2713 1871 2755 id

120 2776 338 2819 cernebam
349 2802 418 2827 —‚
452 2781 605 2820 debere
626 2778 799 2828 diutius,
832 2793 885 2821 ne
905 2779 984 2834 ipsi
1006 2778 1105 2820 iuris
1124 2777 1340 2833 interpreti
1358 2777 1448 2820 fieri
1467 2777 1680 2820 videretur
1699 2777 1864 2818 iniuria.

119 2841 280 2882 Etenim
313 2854 405 2881 cum
435 2845 477 2881 tu
507 2841 607 2882 mihi
639 2842 823 2896 meisque
863 2843 991 2882 multa
1019 2854 1144 2894 saepe
1175 2836 1431 2896 scripsisses,
1470 2840 1623 2882 veritus
1660 2852 1769 2887 sum,
1800 2851 1868 2888 ne,

211 2981 245 3012 7.
274 2980 441 3012 librorum
466 2990 585 3012 eorum
610 2992 627 3014 a
647 2983 667 3014 b
687 2991 705 3015 6
723 2983 742 3014 d
763 2992 804 3021 e,
842 2983 956 3020 Vatia,
988 2983 1069 3014 BV:
1107 2991 1225 3014 eorum
1250 2982 1417 3015 librorum
1445 2982 1516 3014 NE.
1552 2997 1596 3005 —
1635 2990 1778 3022 cumque
1810 2983 1873 3014 tibi

122 3027 141 3058 d
162 3036 204 3059 e:
234 3036 338 3067 quam
365 3027 426 3059 tibi
452 3037 528 3059 cum
552 3029 610 3061 NE
627 3054 634 3065 ,
662 3039 768 3069 quam
792 3040 865 3061 cum
891 3031 953 3061 tibi
978 3039 995 3061 a
1013 3030 1032 3061 b
1048 3029 1082 3067 f,
1110 3029 1183 3060 BV.
1220 3047 1261 3052 —
1287 3030 1321 3060 9.
1348 3030 1488 3061 ratione
1512 3032 1543 3059 et
1566 3031 1627 3059 via
1652 3028 1810 3060 Lambini
1838 3033 1872 3062 et

121 3075 233 3106 Ursini
273 3075 362 3104 coni.
403 3074 535 3105 firmata
574 3084 591 3106 a
621 3077 785 3107 Boethio:
829 3079 1001 3108 rationem
1036 3078 1094 3107 via
1121 3084 1199 3106 curn
1228 3076 1338 3108 Codd.
1368 3077 1492 3107 nostris
1521 3075 1558 3106 Ε.
1599 3091 1639 3096 -
1678 3075 1749 3107 illis
1774 3075 1872 3108 libris

121 3121 243 3154 abed
263 3120 326 3151 cs:
355 3119 452 3150 libris
476 3121 547 3151 illis
572 3123 644 3153 NE.
676 3139 711 3145 ·—
758 3124 813 3154 10.
841 3124 939 3163 facile
963 3127 1000 3153 ut
1027 3122 1110 3153 bed
1131 3123 1178 3154 es
1200 3127 1234 3154 et
1260 3131 1348 3154 corr.
1376 3131 1420 3153 a:
1448 3127 1487 3153 ut
1514 3121 1617 3161 facile
1644 3121 1669 3153 E
1697 3127 1730 3154 et
1756 3130 1808 3161 pr.
1837 3132 1870 3155 a.

122 3170 179 3200 11.
206 3168 270 3198 illa
296 3166 468 3197 traderem
494 3168 512 3197 d
536 3177 553 3199 e
571 3169 605 3199 r:
645 3168 742 3199 illam
767 3170 941 3201 traderem
967 3169 1045 3206 NE,
1089 3169 1264 3200 traderem
1289 3169 1351 3200 illa
1385 3169 1404 3199 b
1421 3176 1458 3205 6,
1499 3169 1672 3200 traderem
1697 3177 1766 3200 om.
1793 3169 1869 3203 illa,

125 3214 217 3253 quod
248 3222 307 3244 nos
333 3213 537 3244 seclusimus
552 3237 560 3250 ,
587 3223 619 3245 a.
639 3231 681 3235 —
707 3214 762 3245 12.
783 3224 888 3255 quam
913 3216 995 3256 quia
1020 3221 1083 3246 tua
1108 3216 1144 3246 id
1170 3223 1187 3245 a
1205 3215 1237 3245 s:
1268 3224 1373 3256 quam
1393 3215 1537 3255 quodid
1555 3219 1614 3247 tua
1633 3223 1710 3247 cum
1731 3215 1869 3247 Gruteri

125 3260 235 3338 Coddi.
266 3260 310 3295 E,
354 3268 458 3298 quam
493 3262 575 3301 quia
599 3260 637 3291 id
661 3265 723 3292 tua
750 3261 813 3293 de.
851 3278 896 3286 —
936 3262 992 3293 16.
1021 3261 1227 3293 Aristotelia
1252 3261 1272 3292 b
1306 3266 1340 3293 ct
1366 3261 1452 3293 (ir-x
1492 3262 1715 3295 Aristotelica
1741 3262 1767 3294 E
1794 3270 1870 3294 cum

126 3311 218 3339 ceter
235 3314 249 3338 s
277 3308 416 3338 nostris.
