2117 3762
255 266 335 308 362
1032 268 1228 311 BRUTUS

369 376 462 416 127.
496 375 603 417 Huic
633 371 829 414 successit
858 373 980 413 aetati
1012 372 1055 414 C.
1079 372 1227 423 Galba,
1266 376 1397 419 Servii
1426 376 1536 419 illius
1567 378 1895 433 eloquentissimi
1926 378 2005 420 viri

254 435 388 487 filius,
422 439 466 479 P.
493 436 627 479 Crassi
657 435 887 490 eloquentis
919 441 960 476 et
989 434 1091 477 iuris
1121 437 1242 491 periti
1272 452 1412 493 gener.
1475 441 1716 481 Laudabant
1741 441 1852 481 hunc
1871 447 2006 494 patres

255 499 414 550 nostri,
460 499 654 540 favebant
682 498 803 537 etiam
833 503 1003 552 propter
1041 500 1168 552 patris
1207 504 1471 551 memoriam,
1521 505 1591 544 sed
1623 502 1771 543 cecidit
1799 503 1841 543 in
1872 517 2005 546 cursu.

255 565 360 604 Nam
390 563 601 617 rogatione
631 562 836 609 Mamilia,
869 559 1133 614 Iugurthinae
1163 563 1456 607 coniurationis
1486 565 1662 615 invidia,
1697 579 1788 607 cum
1818 579 1894 620 pro
1918 579 2006 607 sese

226 627 345 680 sipse
377 625 565 671 dixisset,
611 637 835 679 oppressus
867 629 941 664 est.
1002 625 1146 664 Exstat
1176 625 1264 666 eius
1294 631 1529 681 peroratio,
1579 628 1650 683 qui
1689 628 1878 684 epilogus
1910 629 2009 669 dici-

256 695 343 730 tur:
387 687 457 743 qui
486 690 598 727 tanto
628 687 670 726 in
700 688 862 727 honore
891 686 1032 741 pueris
1061 688 1183 727 nobis
1215 693 1326 737 erat,
1358 695 1403 731 ut
1432 705 1526 733 eum
1559 693 1681 732 etiam
1712 689 2005 732 edisceremus.

254 753 355 798 Hic,
406 749 477 805 qui
508 750 550 790 in
580 749 755 803 collegio
797 747 1060 790 sacerdotum
1100 754 1231 798 esset,
1282 750 1440 805 primus
1469 759 1563 808 post
1593 758 1766 796 Romam
1799 753 2009 796 conditam

253 813 406 855 iudicio
447 812 613 868 publico
655 818 716 853 cst
754 811 1062 857 condemnatus,
1119 815 1310 855 XXXIV.
1348 817 1440 857 128.
1493 818 1536 861 P.
1570 816 1723 870 Scipio,
1775 815 1846 871 qui
1875 816 2008 858 estin

254 877 468 917 consulatu
499 880 706 924 mortuus,
754 889 839 916 non
868 876 1043 915 multum
1073 874 1142 916 ille
1173 875 1340 929 quidem
1370 891 1446 919 nec
1476 892 1597 934 saepe
1629 878 1815 928 dicebat,
1866 881 1939 921 sed
1970 885 2010 922 et

203 947 238 971 1⁰
256 940 397 980 Latine
442 938 651 993 loquendo
692 939 820 979 cuivis
866 943 954 978 erat
997 951 1073 992 par
1112 943 1152 978 et
1188 952 1333 980 omnes
1369 939 1453 981 sale
1492 940 1732 997 facetiisque
1770 941 2007 997 superabat.

252 1001 350 1043 Eius
381 1000 539 1056 collega
568 1004 614 1042 L.
638 1003 778 1042 Bestia
807 999 927 1042 bonis
958 1000 1084 1041 initiis
1116 1015 1235 1042 orsus
1265 1002 1522 1052 tribunatus,
1573 1003 1676 1057 (nam
1716 1007 1758 1048 P.
1788 1004 2009 1058 Popillium

252 1064 292 1106 vi
323 1065 368 1106 C.
394 1064 567 1107 Gracchi
599 1063 815 1118 expulsum
847 1077 920 1104 sua
950 1063 1168 1118 rogatione
1199 1064 1414 1113 restituit,)
1445 1064 1508 1106 vir
1539 1072 1580 1106 et
1609 1080 1705 1108 acer
1734 1072 1774 1108 et
1800 1081 1882 1108 non
1903 1066 2010 1108 indi-

253 1133 412 1177 sertus,
463 1127 601 1170 tristes
644 1129 779 1168 exitus
820 1126 963 1168 habuit
1004 1128 1252 1168 consulatus.
1312 1129 1415 1168 Nam
1455 1127 1659 1170 invidiosa
1697 1129 1789 1183 lege
1830 1129 2010 1171 Mamilia

252 1192 495 1246 quaestione
527 1192 570 1233 C.
606 1188 774 1231 Galbam
806 1192 1065 1231 sacerdotem
1101 1195 1142 1231 et
1179 1195 1372 1245 quattuor
1411 1190 1672 1240 consulares,
1720 1194 1764 1233 L.
1799 1194 2006 1241 Bestiam,

201 1259 237 1285 ²⁵
255 1254 297 1296 C.
319 1254 536 1303 Catonem,
572 1255 639 1309 Sp.
663 1253 854 1295 Albinum
883 1255 1098 1309 civemque
1120 1253 1515 1306 praestantissimum
1545 1256 1593 1295 L.
1619 1255 1852 1308 Opimium,
1886 1258 2012 1298 Grac-

252 1317 319 1357 chi
348 1315 658 1358 interfectorem
689 1330 713 1358 a
742 1317 898 1371 populo
937 1317 1197 1365 absolutum,
1248 1330 1340 1357 cum
1386 1318 1419 1358 is
1459 1323 1604 1358 contra
1642 1317 1786 1373 populi
1826 1320 2007 1359 studium

251 1381 446 1427 stetisset,
490 1379 714 1422 Gracchani
745 1381 902 1421 iudices
933 1382 1202 1422 sustulerunt.
1267 1382 1358 1420 129.
1405 1381 1538 1421 Huius
1570 1380 1779 1421 dissimilis
1808 1381 1849 1421 in
1880 1382 2012 1422 tribu-

251 1447 350 1483 natu
379 1442 621 1498 reliquaque
652 1442 764 1483 omni
796 1443 903 1491 vita,
936 1441 1037 1483 civis
1067 1441 1307 1496 improbus,
1348 1444 1390 1484 C.
1416 1443 1596 1484 Licinius
1627 1445 1762 1485 Nerva
1791 1457 1873 1484 non
1903 1442 2012 1484 indi-

253 1510 385 1546 sertus
414 1504 506 1547 fuit.
570 1506 614 1546 C.
638 1504 817 1546 Fimbria
847 1503 1104 1558 temporibus
1135 1507 1281 1546 iisdem
1313 1506 1421 1554 fere,
1456 1505 1527 1547 sed
1556 1505 1719 1560 longius
1750 1510 1886 1547 aetate
1912 1519 2012 1559 pro-

201 1572 238 1599 20
255 1573 416 1617 vectus,
458 1569 622 1610 habitus
654 1575 714 1610 est
745 1582 863 1616 sane,
909 1574 955 1609 ut
984 1570 1040 1609 ita
1069 1567 1223 1617 dicam,
1265 1568 1542 1617 truculentus,
1583 1582 1727 1624 asper,
1764 1567 2009 1616 maledicus,

252 1644 406 1686 genere
437 1636 524 1673 toto
554 1632 693 1687 paullo
725 1628 926 1672 fervidior
962 1636 1086 1686 atque
1125 1632 1399 1681 commotior,
1449 1631 1665 1687 diligentia
1695 1637 1830 1672 tamen
1862 1636 1902 1673 et
1930 1632 2013 1673 vir-

252 1699 337 1735 tute
368 1693 491 1735 animi
520 1700 642 1750 atque
670 1695 755 1735 vita
784 1697 918 1736 bonus
949 1700 1096 1735 auctor
1124 1695 1167 1735 in
1197 1699 1354 1738 senatu.
1412 1696 1527 1736 Idem
1558 1693 1784 1736 tolerabilis
1814 1699 2011 1750 patronus

251 1771 328 1798 nec
357 1758 473 1798 rudis
503 1758 544 1798 in
576 1758 666 1798 iure
698 1757 806 1798 civili
838 1763 878 1798 et
909 1771 1002 1798 cum
1034 1756 1185 1798 virtute
1217 1763 1304 1798 tum
1346 1759 1468 1799 etiam
1498 1758 1589 1811 ipso
1623 1757 1823 1799 orationis
1854 1770 2009 1812 genere

250 1821 380 1862 liber:
415 1821 529 1861 cuius
560 1821 769 1861 orationes
799 1821 919 1875 pueri
948 1818 1212 1875 legebam11S,
1246 1835 1348 1874 quas
1371 1823 1453 1861 iam
1474 1822 1662 1875 reperire
1683 1820 1754 1862 vix
1775 1834 2010 1874 possumus.

201 1892 236 1918 2⁵
257 1887 349 1926 130.
392 1885 525 1938 Atque
565 1884 688 1924 etiam
730 1884 896 1936 ingenio
929 1890 970 1924 et
999 1896 1192 1924 sermone
1223 1883 1422 1938 eleganti,
1471 1885 1704 1925 valetudine
1746 1882 2012 1924 incommoda

253 1949 297 1990 C.
325 1949 490 1989 Sextius
522 1947 714 1988 Calvinus
743 1946 839 1996 fuit3
885 1945 955 2001 qui
986 1946 1084 1995 etsi,
1120 1960 1212 1986 cum
1243 1946 1487 1987 remiserant
1516 1945 1680 1987 dolores
1712 1946 1890 2000 pedum,
1924 1961 2010 1987 non

253 2011 396 2051 deerat
434 2010 476 2051 in
518 2008 677 2058 causis,
725 2016 861 2050 tamen
902 2008 944 2050 id
982 2023 1066 2049 non
1106 2022 1228 2063 saepe
1267 2008 1458 2050 faciebat.
1520 2011 1664 2063 Itaque
1695 2009 1865 2051 consilio
1899 2008 2008 2056 eius,

253 2088 347 2115 cum
390 2072 605 2119 volebant,
651 2071 839 2113 homines
885 2073 1130 2119 utebantur,
1176 2071 1427 2126 patrocinio,
1478 2086 1570 2113 cum
1614 2071 1780 2113 licebat.
1856 2073 2008 2113 Iisdem

252 2137 509 2192 temporibus
551 2137 607 2176 M.
645 2138 818 2184 Brutus,
866 2134 909 2175 in
950 2148 1032 2189 quo
1073 2147 1266 2188 magnum
1306 2134 1402 2183 fuit,
1448 2137 1598 2183 Brute,
1652 2134 1831 2176 dedecus
1870 2135 2012 2188 generi

204 2204 238 2230 ³⁰
255 2205 411 2247 vestro,
445 2199 537 2254 qui,
574 2212 668 2239 cum
688 2203 801 2238 tanto
823 2198 991 2238 nomine
1013 2203 1122 2238 esset
1142 2203 1383 2253 patremque
1407 2199 1609 2253 optimum
1645 2199 1782 2238 virum
1803 2196 2014 2239 habuisset

255 2267 296 2303 et
336 2261 437 2303 iuris
476 2260 796 2314 peritissimum,
844 2261 1148 2302 accusationem
1190 2260 1455 2308 factitaverit,
1506 2265 1550 2301 ut
1579 2261 1750 2301 Athenis
1780 2262 2008 2317 Lycurgus,

254 2326 292 2365 Is
323 2324 587 2378 magistratus
617 2337 699 2365 non
730 2325 898 2376 petivit,
935 2323 1008 2364 sed
1038 2323 1116 2364 fuit
1146 2329 1362 2364 accusator
1390 2322 1614 2364 vehemens
1646 2328 1686 2363 et
1714 2322 1937 2372 molestus,
1968 2327 2013 2364 ut

253 2387 374 2428 facile
415 2400 607 2427 cerneres
646 2388 832 2427 naturale
864 2388 1073 2442 quoddam
1105 2386 1243 2441 stirpis
1274 2387 1431 2427 bonum
1463 2386 1780 2440 degeneravisse
1810 2385 1911 2427 vitio
1942 2387 2013 2427 de-

253 2453 447 2505 pravatae
478 2449 718 2491 voluntatis.
782 2451 872 2491 131.
917 2451 1050 2503 Atque
1083 2450 1231 2490 eodem
1262 2454 1449 2503 tempore
1481 2453 1698 2489 accusator
1728 2447 1778 2489 de
1808 2449 1932 2501 plebe
1962 2450 2008 2489 L.

206 2517 240 2544 ³5
258 2514 506 2556 Caesulenus
536 2511 633 2559 fuit,
673 2525 795 2567 quem
827 2524 903 2566 ego
936 2511 1073 2552 audivi
1103 2512 1184 2551 iam
1216 2525 1378 2558 senem,
1419 2525 1510 2551 cum
1542 2513 1592 2551 ab
1624 2513 1670 2551 L.
1696 2510 1878 2552 Sabellio
1908 2510 2009 2551 mul-

256 2582 338 2618 tam
368 2575 460 2630 lege
492 2573 657 2628 Aquilia
689 2573 827 2615 damni
858 2574 1009 2615 iniuria
1040 2576 1263 2627 petivisset.
1322 2577 1412 2615 Non
1451 2573 1641 2615 fecissem
1671 2573 1849 2615 hominis
1878 2587 2011 2626 paene

255 2637 387 2680 infimi
418 2637 694 2685 mentionem,
726 2637 803 2677 nisi
825 2638 1072 2684 iudicarem,
1106 2638 1175 2691 qui
1207 2636 1475 2690 suspiciosius
1506 2642 1575 2678 aut
1605 2637 1868 2677 criminosius
1900 2634 2011 2677 dice-

256 2706 339 2749 ret,
370 2699 575 2742 audivisse
607 2713 673 2740 me
703 2701 926 2741 neminem.
987 2702 1159 2741 XXXV.
1202 2703 1355 2741 Doctus
1388 2701 1511 2742 etiam
1544 2701 1710 2742 Graecis
1740 2701 1787 2740 T.
1814 2698 2009 2740 Albucius

349 2846 405 2878 13.
443 2845 515 2886 leye
548 2845 709 2877 Mamilia
742 2847 943 2885 quaestione
977 2847 1035 2886 Lg.
1066 2846 1122 2877 26.
1151 2847 1208 2878 53.
1236 2846 1292 2878 68.
1320 2847 1384 2878 70:
1425 2846 1493 2886 lege
1524 2845 1688 2876 Mamilia
1722 2847 1877 2886 quaestio
1904 2847 2011 2877 ceteri

258 2892 368 2924 Codd.
388 2896 421 2924 et
438 2893 488 2930 R,
518 2901 585 2931 qua
606 2895 638 2923 in
659 2893 806 2924 lectione
826 2902 856 2923 v.
877 2895 1033 2933 quaestio
1053 2894 1197 2925 seclusit
1216 2894 1255 2924 E.
1270 2918 1278 2929 ,
1308 2894 1379 2934 lcqe
1404 2892 1567 2923 Mamilia
1592 2893 1674 2928 (om.
1701 2891 1870 2932 quaestio)
1895 2892 2009 2924 Vatic.

255 2939 376 2972 Lamb.
407 2939 553 2971 Ellendt.
606 2939 686 2970 Est:
733 2940 923 2970 «invidiosa
952 2942 1159 2980 quaestione
1188 2941 1302 2971 habita
1330 2950 1368 2972 ex
1396 2940 1468 2979 lege
1501 2939 1698 2978 Mamilia»,
1738 2945 1776 2971 ut
1800 2939 1842 2970 ad
1869 2939 1941 2970 Ait.
1969 2939 2010 2975 5,

258 2987 321 3017 16:
365 2987 456 3027 quod
488 2986 558 3026 leqc
584 2987 677 3017 Iulia
707 2986 787 3016 dari
824 2986 927 3025 solet,
966 2992 1002 3018 ut
1028 2990 1094 3018 iam
1122 2988 1189 3019 dixi
1218 2990 1251 3018 in
1280 2987 1345 3018 Ed.
1374 2996 1405 3017 a.
1436 2986 1534 3016 1830.
1587 2987 1687 3017 Addo
1714 2995 1808 3018 nunc
1831 2982 2011 3018 ἐπίῖῑετον

259 3034 528 3064 invidiosam
567 3035 757 3064 rectissime
790 3033 856 3063 dici
893 3042 993 3071 posse
1030 3036 1345 3073 quaestionem
1384 3042 1402 3065 a
1437 3032 1586 3064 factiosis
1614 3033 1810 3064 hominibus
1837 3032 2009 3069 habitam,

257 3081 311 3111 vix
338 3081 417 3111 item
445 3080 583 3120 legem
610 3080 760 3120 aliquam
791 3081 851 3111 etsi
880 3082 1090 3113 vitiosam
1119 3085 1152 3112 et
1179 3080 1402 3111 inutilem.
1430 3078 1479 3119 (ἕ,
1500 3079 1608 3115 136.).
1638 3098 1674 3103 -
1712 3081 1767 3112 20.
1796 3079 2011 3110 truculentus

258 3130 398 3157 auctore
425 3126 582 3158 Ernestio
608 3136 690 3159 nos:
720 3126 910 3158 luculentus
929 3131 1103 3165 patronus
1130 3136 1207 3158 cum
1234 3127 1328 3158 libris
1357 3131 1391 3158 et
1409 3127 1458 3164 R,
1487 3127 1526 3157 E.
1549 3129 1583 3158 in
1604 3127 1668 3158 Ed.
1698 3144 1739 3150 —
1766 3126 1821 3158 29.
1848 3123 2008 3164 dedecus]

260 3171 361 3202 decus
388 3171 473 3203 Cod.
505 3174 589 3214 Reg.
618 3175 664 3211 B,
707 3181 880 3212 supet-scr.
909 3174 968 3208 de,
1005 3184 1111 3214 yenus
1136 3175 1197 3214 Lg.
1226 3182 1364 3211 omnes,
1400 3174 1535 3205 Ven.1.
1573 3174 1692 3205 Ottob.
1722 3173 1789 3206 Gu.
1818 3173 1850 3203 1.
1879 3172 2010 3210 aliique

259 3222 397 3257 praeter
423 3218 574 3254 Cod.B,
615 3221 739 3251 vulnus
773 3229 811 3252 ex
847 3223 1039 3253 mutatione
1077 3229 1215 3260 prorsus
1254 3221 1434 3252 arbitraria
1460 3221 1509 3258 R,
1553 3220 1654 3260 Sch.,
1694 3220 1808 3252 Peter.
1857 3218 1900 3249 Ut
1926 3227 2009 3257 nos,

259 3267 390 3304 primus
416 3263 537 3296 Aldus.
563 3284 606 3289 —
632 3267 688 3298 36.
716 3267 855 3308 Aquilia
880 3268 1000 3299 damni
1023 3269 1155 3300 iniuria
1180 3268 1418 3299 Hotomanus:
1447 3268 1584 3308 Aquilia
1602 3268 1643 3298 dc
1660 3267 1797 3298 iustitia
1815 3273 1893 3295 cum
1912 3265 2007 3296 libris

259 3314 350 3343 notis
377 3316 513 3350 praeter
538 3313 598 3353 Lg.
627 3315 684 3345 20.
712 3314 792 3348 RE,
827 3314 970 3354 Aquilia
1002 3315 1041 3346 de
1073 3314 1210 3346 invidia
1243 3315 1301 3353 Lg.
1329 3314 1384 3347 20.
1428 3314 1515 3347 Vide
1541 3314 1605 3346 Ed.
1633 3323 1663 3346 a.
1692 3312 1793 3344 1830.
1828 3312 1936 3345 Recte
1952 3312 2008 3344 El-

259 3358 376 3391 lendt:
408 3358 550 3391 «Omnis
577 3362 770 3400 corruptela
799 3370 837 3394 ex
864 3362 1071 3401 compendio
1097 3362 1140 3393 D.
1164 3362 1194 3393 1.
1221 3362 1352 3394 fluxit.»
