2117 3762
260 267 342 313 414-
1036 270 1251 313 ORATOR

259 381 457 433 quantum
486 375 672 423 intersit,
719 372 1072 429 quemadmodum
1112 380 1254 418 utatur
1292 379 1452 418 orator.
1512 375 1582 416 56.
1634 375 1739 415 Nam
1776 379 1818 416 et
1844 375 2022 417 infantes

259 439 433 481 actionis
465 438 665 492 dignitate
696 437 960 491 eloquentiae
991 450 1114 492 saepe
1145 436 1325 479 fructum
1355 437 1538 480 tulerunt
1576 441 1618 478 et
1647 438 1792 478 diserti
1823 437 2024 479 deformi-

258 507 341 543 tate
371 501 519 554 agendi
551 498 669 540 multi
698 497 876 539 infantes
906 500 1038 553 putati
1069 504 1182 548 sunt,
1214 506 1261 542 ut
1289 501 1371 542 iam
1401 513 1487 542 non
1517 500 1607 541 sine
1631 512 1754 540 causa
1774 502 2023 542 Demosthe-

258 579 332 606 nes
362 561 556 606 tribuerit
586 562 810 615 ‹et-primas
841 565 882 601 et
912 560 1112 603 secundas
1134 567 1176 603 et
1195 564 1336 604 tertias
1357 561 1523 605 actioni.
1584 562 1627 602 Si
1649 560 1761 602 enim
1785 563 2024 618 eloquentia

229 626 367 668 ⁵nulla
399 625 487 666 sine
517 623 616 671 hac,
663 625 765 663 haec
803 628 943 665 autem
983 625 1072 665 sine
1104 626 1342 680 eloquentia
1372 632 1483 667 tanta
1513 629 1600 675 cst,
1654 629 1766 665 certe
1796 623 2024 678 plurimum

258 691 299 731 in
331 686 506 730 dicendo
537 689 691 738 potest.
749 684 873 728 Volet
901 686 1028 740 igitur
1057 688 1149 736 ille,
1192 688 1264 742 qui
1293 687 1555 743 eloquentiae
1585 686 1862 743 principatum
1892 692 2021 742 petet,

257 758 297 795 et
326 755 522 793 contenta
553 761 654 789 voce
687 747 883 790 atrociter
914 750 1052 790 dicere
1084 755 1125 790 et
1154 749 1374 791 summissa
1404 750 1554 792 leniter
1584 756 1624 791 et
1660 749 1854 791 inclinata
1890 748 2024 791 videri

258 814 392 870 gravis
422 816 462 852 et
490 810 646 852 inflexa
673 809 938 853 miserabilis.
999 814 1067 853 57.
1108 813 1215 854 Mira
1245 818 1307 854 est
1337 813 1446 853 enim
1478 812 1684 869 quaedam
1714 817 1860 853 natura
1890 812 2022 860 vocis,

258 878 374 919 cuius
396 873 565 930 quidem
588 889 610 915 e
635 873 771 915 tribus
793 875 962 915 omnino
985 875 1123 923 sonis,
1155 873 1330 920 inflexo,
1362 879 1507 924 acuto,
1541 877 1656 929 gravi
1677 881 1788 917 tanta
1809 876 1861 915 sit
1882 879 1923 915 et
1942 878 2026 915 tam

206 955 243 980 10
257 938 394 982 suavis
415 938 573 979 varieta
592 936 799 993 sperfecta
819 936 862 978 in
889 938 1092 979 cantibus.
1152 938 1304 979 XVIII.
1336 939 1409 978 Est
1442 943 1579 979 autem
1612 938 1735 979 etiam
1765 937 1809 979 in
1845 938 2024 978 dicendo

258 1003 426 1057 quidam
456 1006 598 1042 cantus
629 1001 875 1049 obscurior,
909 1015 994 1042 non
1024 1000 1090 1042 hic
1120 1014 1143 1042 e
1172 999 1354 1054 Phrygia
1385 1004 1426 1040 et
1457 1000 1576 1040 Caria
1594 1002 1813 1042 rhetorum
1835 999 2027 1054 epilogus

256 1080 387 1124 paene
417 1064 645 1113 canticum,
693 1064 766 1106 sed
802 1065 896 1114 ille,
947 1077 1073 1120 quem
1113 1061 1315 1116 significat
1352 1061 1653 1103 Demosthenes
1693 1068 1734 1104 et
1776 1063 2021 1111 Aeschines,

257 1143 351 1171 cum
382 1128 487 1170 alter
517 1129 638 1169 alteri
669 1126 812 1169 obiicit
841 1129 955 1170 vocis
985 1126 1211 1175 flexiones;
1247 1123 1375 1179 [dicit]
1409 1126 1529 1179 plura
1561 1124 1685 1165 etiam
1705 1127 2024 1174 Demosthenes,

258 1192 459 1246 illumque
482 1204 606 1246 saepe
628 1189 727 1232 dicit
746 1204 849 1232 voce
871 1189 981 1232 dulci
1002 1195 1043 1231 et
1064 1188 1173 1230 clara
1192 1187 1336 1229 fuisse.
1398 1188 1467 1227 58.
1500 1188 1547 1226 In
1570 1200 1652 1240 quo
1673 1185 1774 1228 illud
1798 1189 1921 1229 etiam
1951 1201 2027 1228 no-

206 1268 241 1294 15
257 1257 426 1297 tandum
447 1253 550 1295 mihi
580 1252 744 1295 videtur
771 1255 822 1294 ad
852 1252 1033 1294 studium
1053 1251 1367 1307 persequendae
1389 1250 1602 1290 suavitatis
1623 1248 1666 1289 in
1687 1250 1873 1294 vocibus.
1933 1251 2027 1305 Ipsa

257 1317 369 1361 enim
389 1321 561 1364 natura,
584 1315 702 1372 quasi
719 1315 1005 1357 modularetur
1024 1315 1240 1356 hominum
1261 1312 1515 1359 orationem,
1537 1311 1580 1352 in
1602 1312 1717 1354 omni
1736 1312 1866 1355 verbo
1886 1312 2027 1369 posuit

257 1386 419 1423 acutam
448 1392 596 1421 vocem
625 1391 701 1419 nec
730 1392 813 1419 una
843 1378 935 1433 plus
968 1392 1045 1419 nec
1075 1391 1099 1418 a
1128 1381 1340 1430 postrema
1370 1373 1528 1430 syllaba
1565 1375 1666 1415 citra
1707 1376 1896 1426 tertiam3
1943 1388 2025 1431 quo

255 1445 389 1499 magis
418 1447 609 1484 naturam
640 1442 789 1481 ducem
818 1439 871 1481 ad
891 1441 1054 1481 aurium
1074 1438 1330 1493 voluptatem
1360 1443 1560 1492 sequatur
1588 1436 1806 1479 industria.
1870 1439 1936 1481 59.
1967 1440 2026 1479 Ac

255 1509 371 1551 vocis
400 1504 562 1548 bonitas
593 1504 762 1559 quidem
791 1502 972 1558 optanda
1002 1507 1086 1552 est;
1130 1515 1216 1543 non
1247 1506 1309 1542 est
1339 1502 1449 1542 enim
1480 1502 1522 1541 in
1553 1501 1693 1547 nobis,
1729 1501 1803 1543 sed
1832 1500 2024 1542 tractatio

205 1582 242 1608 20
257 1576 382 1626 atque
411 1582 510 1611 usus
540 1566 582 1608 in
612 1567 751 1607 nobis.
811 1567 922 1619 Ergo
952 1564 1023 1606 ille
1054 1565 1247 1619 princeps
1276 1563 1455 1605 variabit
1485 1568 1525 1604 ct
1555 1562 1749 1614 mutabit;
1781 1577 1928 1605 omnes
1959 1576 2026 1605 so-

256 1645 406 1674 norum
445 1636 532 1671 tum
569 1628 788 1670 intendens
827 1633 914 1668 tum
951 1626 1167 1668 remittens
1195 1632 1470 1682 persequetur
1502 1628 1655 1680 gradus
1686 1627 1881 1682 idemque
1910 1632 2026 1668 motu

255 1696 315 1736 sic
343 1697 506 1739 utetur,
550 1690 653 1732 nihil
681 1695 728 1731 ut
755 1691 935 1745 supersit
964 1690 1007 1730 in
1037 1695 1169 1745 gestu.
1231 1691 1367 1731 Status
1412 1695 1575 1731 erectus
1615 1694 1655 1730 et
1695 1689 1853 1740 celsus;
1903 1702 2024 1731 rarus

254 1759 441 1800 incessus
481 1768 559 1796 nec
596 1755 652 1794 ita
687 1752 861 1807 longus;
913 1753 1104 1795 excursio
1144 1754 1360 1794 moderata
1390 1765 1522 1807 eaque
1552 1765 1666 1802 rara;
1710 1752 1823 1793 nulla
1852 1750 2026 1793 mollitia

256 1821 490 1867 cervicum,
523 1815 660 1858 nullae
691 1815 880 1869 argutiae
911 1814 1158 1870 digitorum,
1191 1828 1276 1856 non
1304 1816 1356 1855 ad
1382 1828 1605 1856 numerum
1634 1815 1832 1857 articulus
1853 1814 2024 1863 cadens;

204 1893 242 1920 2⁵
256 1890 405 1926 trunco
436 1881 567 1934 magis
598 1884 688 1921 toto
718 1892 762 1920 se
791 1879 881 1933 ipse
918 1880 1140 1920 moderans
1181 1883 1222 1919 et
1258 1877 1369 1919 virili
1407 1877 1586 1919 laterum
1616 1878 1820 1926 flexione,
1846 1875 2026 1919 ,brachii

254 1945 515 2004 proiectione
544 1943 587 1983 in
608 1940 967 1989 contentionibus,
999 1941 1285 1983 contractione
1306 1939 1348 1981 in
1369 1940 1567 1982 remissis.
1626 1942 1695 1982 60.
1728 1941 1875 1984 Vultus
1904 1952 2022 1988 vero,

257 2011 329 2065 qui
359 2008 587 2050 secundum
616 2017 764 2046 vocem
792 2004 1018 2058 plurimum
1048 2008 1204 2058 potest,
1248 2008 1441 2057 quantam
1477 2002 1623 2044 afferet
1660 2009 1747 2045 tum
1779 2003 2025 2058 dignitatem

255 2079 345 2114 tum
373 2069 657 2113 venustateml
698 2069 745 2108 In
775 2080 858 2123 quo
889 2080 981 2108 cum
1013 2065 1223 2113 effeceris,
1254 2079 1307 2105 ne
1338 2066 1438 2119 quid
1467 2065 1653 2121 ineptum
1684 2071 1756 2107 aut
1784 2067 2025 2107 vultuosum

257 2137 330 2184 sit,
376 2139 464 2176 tum
496 2132 713 2174 oculorum
745 2137 807 2171 est
837 2131 1041 2184 quaedam
1071 2140 1220 2180 magna
1249 2125 1498 2168 moderatio.
1560 2130 1662 2170 Nam
1701 2134 1748 2170 ut
1783 2128 1921 2182 imago
1962 2131 2025 2169 est

207 2212 243 2240 ³0
257 2197 382 2239 animi
410 2194 574 2243 vultus,
608 2192 667 2234 sic
696 2193 854 2233 indices
885 2192 1021 2241 oculi3
1057 2202 1235 2245 quorum
1267 2194 1307 2230 et
1328 2188 1546 2230 hilaritatis
1568 2195 1610 2231 et
1629 2189 1811 2232 vicissim
1832 2190 2024 2232 tristitiae

257 2261 429 2302 modum
463 2272 532 2299 res
565 2259 701 2312 ipsae,
733 2254 783 2296 de
815 2253 966 2309 quibus
997 2258 1164 2308 agetur,
1196 2253 1505 2306 temperabunt.

368 2322 485 2363 XIX.
519 2322 587 2361 61.
641 2317 724 2360 Sed
759 2318 840 2358 iam
882 2315 994 2357 illius
1034 2314 1207 2370 perfecti
1247 2316 1422 2357 oratoris
1462 2321 1502 2356 et
1541 2328 1728 2358 summae
1759 2314 2024 2373 eloquentiae

257 2385 421 2441 species
461 2382 734 2438 exprimenda
778 2384 857 2429 est;
908 2392 1032 2434 quem
1073 2379 1156 2419 hoc
1193 2391 1278 2419 uno
1319 2379 1551 2428 excellere,
1600 2378 1642 2421 id
1673 2385 1753 2429 est,
1805 2380 2020 2429 oratione,

258 2455 395 2492 cetera
424 2449 467 2489 in
499 2460 550 2488 eo
580 2444 730 2492 latere,
761 2442 914 2484 indicat
944 2455 1098 2483 nomen
1128 2441 1279 2495 ipsum.
1340 2442 1433 2481 Non
1464 2441 1574 2482 enim
1603 2441 1798 2485 inventor
1820 2448 1890 2484 aut
1909 2456 2024 2485 com-

207 2527 243 2555 ss
257 2513 419 2568 positor
448 2515 518 2552 aut
547 2513 662 2549 actor
690 2507 794 2548 haec
825 2506 1067 2560 complexus
1100 2509 1161 2545 est
1181 2502 1341 2551 omnia,
1373 2505 1447 2545 sed
1469 2509 1510 2545 et
1531 2507 1686 2546 Graece
1707 2507 1758 2546 ab
1783 2504 2020 2560 eloquendo

258 2575 398 2633 ῥήτωρ
431 2577 473 2614 et
502 2572 647 2613 Latine
686 2569 936 2624 eloquens
977 2569 1109 2608 dictus
1149 2571 1222 2608 est.
1282 2566 1524 2608 Ceterarum
1560 2568 1669 2608 enim
1701 2581 1867 2616 rerum,
1915 2580 2022 2623 quae

257 2643 355 2680 sunt
382 2637 425 2678 in
455 2640 644 2681 oratore,
688 2637 848 2688 partem
880 2630 1061 2685 aliquam
1092 2630 1170 2670 sibi
1202 2630 1378 2684 quisque
1408 2629 1610 2682 vindicat;
1658 2629 1824 2672 dicendi
1855 2635 2019 2680 autem,

256 2699 302 2743 id
333 2704 417 2748 est,
451 2696 674 2752 eloquendi
703 2693 885 2735 maxima
914 2694 976 2735 vis
1008 2691 1088 2734 soli
1116 2692 1214 2733 huic
1243 2691 1501 2733 conceditur.

371 2765 440 2804 62.
473 2762 733 2812 Quamquam
764 2758 873 2798 enim
905 2760 947 2797 et
974 2754 1214 2808 philosophi
1237 2755 1407 2810 quidam
1437 2760 1583 2796 ornate
1610 2754 1740 2798 locuti
1770 2760 1865 2798 sunt
1886 2775 1940 2783 —
1962 2756 2018 2797 si-

207 2839 244 2866 40
259 2823 429 2882 quidem
458 2828 500 2864 et
528 2819 838 2876 Theophrastus
869 2817 1080 2861 divinitate
1109 2818 1310 2872 loquendi
1339 2831 1494 2859 nomen
1522 2817 1681 2861 invenit
1710 2824 1752 2861 et
1776 2818 2021 2861 Aristoteles

258 2890 484 2930 Isocratem
528 2885 664 2938 ipsum
709 2881 917 2923 lacessivit
962 2887 1002 2922 et
1046 2879 1338 2933 Xenophontis
1383 2895 1487 2922 voce
1522 2883 1658 2923 Musas
1701 2881 1820 2936 quasi
1860 2881 2020 2923 locutas

257 2952 398 2993 ferunt
426 2955 469 2991 et
494 2950 620 3002 longe
652 2946 865 2994 omnium,
903 2944 1138 2999 quicunque
1169 2943 1424 2999 scripserunt
1453 2949 1526 2985 aut
1554 2944 1682 2987 locuti
1712 2952 1829 2994 sunt,
1863 2946 2021 2986 exstitit

353 3052 386 3084 3.
415 3051 569 3091 reputati
594 3050 667 3081 vit.
706 3065 751 3069 —
792 3047 826 3078 7.
856 3050 888 3077 et
913 3051 992 3079 ante
1020 3048 1204 3079 summissa
1230 3055 1298 3078 orn.
1326 3046 1369 3078 R.
1407 3062 1452 3067 -
1489 3045 1522 3077 8.
1560 3045 1652 3088 flexa
1677 3046 1840 3079 Schutzto
1874 3050 2018 3079 auctore

263 3098 415 3133 Goeller.
443 3114 485 3120 -—
529 3098 585 3129 10.
615 3096 722 3128 etiam
746 3095 785 3126 in
809 3094 951 3126 dicendo
977 3093 1047 3125 Vit.
1078 3094 1171 3125 Eins.
1199 3092 1260 3124 Dr.
1288 3093 1385 3125 Mon.
1415 3091 1483 3126 Gu.
1512 3092 1546 3123 2.
1564 3115 1573 3130 ,
1601 3093 1653 3124 R:
1680 3095 1717 3125 in
1744 3093 1888 3125 dicendo
1913 3094 2019 3125 etiam

264 3145 330 3177 Gu.
357 3147 390 3176 1.
419 3145 456 3178 E.
489 3159 525 3166 -
570 3143 626 3175 13.
655 3142 741 3173 dicit
767 3142 927 3174 Ernestio
953 3145 1095 3173 auctore
1120 3139 1341 3173 seclusimus·
1372 3155 1410 3162 -
1452 3139 1508 3170 17.
1546 3137 1652 3180 citra]
1690 3140 1786 3171 ultra
1812 3141 1894 3172 Ern.
1922 3141 2014 3171 coni.

263 3192 333 3224 Sed
360 3191 439 3224 vide
476 3190 578 3223 Hand
605 3190 708 3221 Turs.
736 3188 782 3221 11.
811 3197 845 3228 p.
874 3188 931 3220 82.
976 3203 1013 3209 —
1059 3186 1115 3219 18.
1154 3187 1246 3217 vocis
1273 3186 1413 3218 bonitas
1438 3186 1572 3227 quidem
1614 3187 1682 3219 vit.
1710 3187 1807 3220 Eins.
1833 3187 1893 3217 Dr·
1911 3208 1920 3224 ,
1959 3186 2014 3217 R:

260 3238 355 3270 vocis
379 3238 514 3278 quidem
540 3237 676 3269 bonitas
702 3236 743 3269 E.
771 3251 812 3257 —
839 3235 895 3267 20.
924 3234 1099 3274 omnisque
1124 3230 1200 3273 (sic)
1227 3234 1274 3269 R,
1302 3236 1334 3264 et
1359 3241 1475 3265 omnes
1500 3232 1621 3264 Lamb.
1650 3250 1692 3256 —
1719 3234 1776 3265 27.
1804 3233 1925 3275 afferet
1941 3232 2013 3264 Vit.

263 3286 385 3317 Eins.:
413 3284 511 3324 affert
538 3292 614 3315 eum
641 3284 764 3315 ceteris
790 3282 863 3314 RE.
894 3299 932 3306 —
972 3290 1048 3313 cum
1073 3280 1278 3321 dignitatem
1302 3280 1344 3311 R.
1373 3297 1413 3303 —
1453 3278 1509 3310 29.
1539 3285 1588 3312 est
1614 3280 1792 3312 oculorum
1816 3280 1859 3312 R.
1886 3295 1930 3301 -
1954 3279 2014 3311 42.

263 3331 398 3363 eoestitit
423 3333 453 3360 et
478 3331 652 3362 suavitate
675 3333 707 3362 et
731 3331 908 3371 yravicate
934 3328 1045 3361 Codd.
1070 3327 1252 3368 Lambini,
1278 3326 1390 3360 Palat.
1417 3328 1561 3368 quintus
1589 3326 1742 3360 Gruteri.
1769 3326 1813 3359 Ut
1839 3334 1922 3366 n08,
1940 3325 2013 3361 Vit.

261 3379 357 3412 Eins.
385 3376 444 3409 Dr.
472 3375 544 3408 RE.
596 3376 666 3409 Cl'r.
695 3376 796 3409 Hand
823 3376 926 3410 Turs.
952 3375 998 3409 ΙΙ,
1026 3383 1060 3415 p.
1088 3373 1168 3406 518.
