2117 3762
240 245 321 292 228
949 249 1019 289 DE
1052 247 1297 291 ORATORE

238 357 365 412 igitur
393 357 435 398 in
466 355 667 397 eiusmodi
697 367 761 401 re,
811 365 916 406 quae
952 352 1167 395 mendacio
1197 355 1296 395 nixa
1326 354 1398 402 sit,
1445 365 1552 408 quae
1581 353 1633 393 ad
1664 351 1876 394 scientiam
1907 366 1990 394 non

239 433 361 476 saepe
391 418 625 473 perveniat,
675 428 780 470 quae
817 414 1036 468 opiniones
1067 416 1279 458 hominum
1310 422 1352 457 et
1380 429 1506 469 saepe
1536 428 1699 456 errores
1736 421 1985 469 aucupetur,

238 484 294 524 ita
324 482 476 529 dicam,
510 481 544 522 si
573 492 736 521 causam
765 476 916 532 putatis
949 491 1061 523 esse,
1107 490 1183 518 cur
1211 478 1400 520 audiatis.
1462 479 1571 519 VIII.
1605 479 1673 518 31.
1706 479 1790 518 Nos
1821 491 1920 520 vero
1950 483 1992 519 et

239 544 357 586 valde
394 542 582 598 quidem,
630 539 794 583 Catulus
835 539 992 594 inquit,
1037 543 1226 594 putamus
1263 547 1384 596 atque
1431 554 1479 582 eo
1526 539 1680 594 magis,
1730 538 1841 594 quod
1879 540 1990 582 nulla

208 606 338 648 ⁵mihi
379 607 649 648 ostentatione
689 602 844 644 videris
884 616 975 643 esse
1012 614 1178 643 usurus.
1239 604 1424 645 Exorsus
1455 617 1498 645 es
1529 602 1638 644 enim
1668 614 1753 643 non
1783 601 1989 655 gloriose,

238 669 367 724 magis
398 683 421 710 a
450 667 643 714 veritate,
675 670 720 707 ut
749 672 792 708 tu
820 671 962 721 putas,
997 679 1122 720 quam
1154 664 1294 705 nescio
1326 679 1404 720 qua
1425 667 1637 720 dignitate.
1698 666 1766 705 32.
1800 666 1848 706 Ut
1867 665 1992 719 igitur

238 732 289 775 de
318 734 408 786 ipso
439 744 590 785 genere
622 742 712 770 sum
744 728 981 777 confessus,
1028 728 1164 782 inquit
1201 727 1423 776 Antonius,
1469 734 1598 770 artem
1630 741 1720 769 esse
1750 740 1834 767 non
1864 726 1992 768 maxi-

236 810 362 842 mam,
393 795 451 835 sic
482 791 583 834 illud
612 790 794 839 affirmo,
831 796 1050 847 praecepta
1081 803 1204 845 posse
1235 788 1437 844 quaedam
1468 790 1557 832 dari
1586 795 1784 844 peracuta
1813 788 1865 831 ad
1895 802 1991 843 per-

236 854 469 898 tractandos
500 855 658 896 animos
688 853 902 895 hominum
934 858 974 895 et
1004 852 1055 894 ad
1087 850 1351 905 excipiendas
1379 865 1524 894 eorum
1548 853 1796 894 voluntates.
1857 850 1991 893 Huius

185 933 221 958 πο
236 919 295 961 rei
325 917 565 966 scientiam,
612 916 648 958 si
677 917 768 972 quis
799 916 912 958 volet
950 929 1140 969 magnam
1180 913 1385 970 quandam
1416 920 1549 955 artem
1579 929 1668 957 esse
1699 914 1862 962 dicere,
1907 927 1992 955 non

234 982 490 1037 repugnabo.
550 980 713 1020 Etenim
743 993 835 1020 cum
866 978 1056 1033 plerique
1086 982 1243 1018 temere
1273 989 1320 1018 ac
1348 975 1461 1017 nulla
1490 978 1648 1019 ratione
1669 991 1810 1019 causas
1830 978 1873 1017 in
1894 975 1988 1017 foro

234 1043 389 1091 dicant,
420 1041 609 1084 nonnulli
639 1047 775 1083 autem
805 1047 977 1097 propter
1006 1040 1350 1083 exercitationem
1371 1043 1441 1080 aut
1461 1045 1631 1094 propter
1651 1039 1991 1082 consuetudinem

233 1106 412 1161 aliquam
450 1104 637 1146 callidius
680 1105 724 1145 id
752 1103 928 1155 faciant,
960 1118 1043 1145 non
1075 1108 1136 1145 est
1165 1101 1361 1150 dubium,
1395 1101 1518 1156 quin,
1551 1103 1585 1143 si
1616 1104 1706 1157 quis
1736 1101 1992 1144 animadver-

232 1171 350 1218 terit,
399 1167 499 1224 quid
541 1168 615 1216 sit,
666 1181 795 1222 quare
838 1166 909 1208 alii
944 1167 1091 1208 melius
1130 1179 1254 1220 quam
1295 1163 1364 1206 alii
1394 1164 1551 1213 dicant,
1597 1163 1640 1205 id
1669 1165 1798 1220 possit
1827 1171 1987 1207 notare.

181 1246 218 1272 15
232 1235 340 1288 Ergo
371 1231 414 1273 id
444 1233 513 1287 qui
543 1235 630 1272 toto
660 1230 705 1272 in
736 1244 890 1284 genere
920 1228 1081 1279 fecerit,
1114 1230 1148 1271 is
1180 1229 1319 1270 sinon
1338 1227 1458 1284 plane
1479 1233 1631 1274 artem,
1662 1233 1703 1269 at
1724 1229 1840 1282 quasi
1860 1233 1992 1269 artem

232 1297 438 1352 quandam
481 1295 702 1336 invenerit.
763 1296 831 1335 33.
872 1294 1006 1349 Atque
1046 1292 1226 1340 utinam,
1271 1296 1316 1332 ut
1359 1290 1460 1332 mihi
1498 1290 1567 1332 illa
1605 1289 1750 1332 videor
1778 1291 1919 1333 videre
1949 1289 1992 1331 in

231 1358 323 1400 foro
346 1363 468 1411 atque
488 1356 531 1398 in
552 1358 710 1405 causis,
743 1356 843 1397 item
872 1370 1004 1405 nunc,
1038 1353 1387 1411 quemadmodum
1419 1367 1467 1395 ea
1495 1352 1795 1407 reperirentur,
1827 1366 1992 1408 possem

231 1422 351 1463 vobis
382 1421 618 1474 exponere1
668 1418 750 1460 Sed
780 1420 831 1460 de
861 1432 928 1460 me
957 1419 1131 1469 videro;
1164 1430 1272 1459 nunc
1301 1418 1383 1458 hoc
1411 1430 1489 1470 ego
1514 1429 1730 1469 propon0,
1761 1414 1873 1470 quod
1892 1415 1995 1457 mihi-

231 1484 441 1540 persuasi‚
492 1481 680 1538 quamvis
709 1496 774 1523 ars
803 1495 887 1522 non
917 1481 990 1529 sit,
1035 1485 1173 1522 tamen
1202 1479 1307 1521 nihil
1338 1493 1428 1521 esse
1459 1478 1644 1535 perfecto
1677 1484 1842 1520 oratore
1872 1492 1993 1532 prae-

183 1559 219 1585 20
233 1546 399 1588 clarius.
459 1547 587 1594 Nam,
619 1549 665 1585 ut
693 1557 814 1585 usum
844 1542 1010 1584 dicendi
1039 1543 1252 1592 omittam,
1298 1543 1369 1597 qui
1404 1542 1447 1583 in
1477 1542 1589 1584 omni
1619 1546 1766 1595 pacata
1794 1545 1835 1582 et
1862 1538 1994 1582 libera

233 1610 395 1651 civitate
426 1607 685 1655 dominatur,
720 1611 832 1648 tanta
863 1606 1082 1648 oblectatio
1113 1611 1176 1647 est
1203 1605 1244 1647 in
1274 1605 1365 1659 ipsa
1390 1604 1584 1646 facultate
1607 1603 1792 1653 dicendi,
1825 1608 1872 1645 ut
1890 1601 1991 1644 nihil

232 1672 445 1713 hominum
484 1675 553 1712 aut
591 1668 759 1711 auribus
803 1674 873 1710 aut
912 1668 1120 1710 mentibus
1159 1667 1377 1710 iucundius
1408 1667 1567 1723 percipi
1596 1669 1739 1723 possit.
1803 1666 1872 1708 34.
1907 1664 1990 1715 Qui

234 1733 342 1776 enim
386 1738 526 1774 cantus
567 1734 782 1774 moderata
823 1733 1011 1773 oratione
1056 1730 1217 1772 dulcior
1251 1729 1431 1772 inveniri
1469 1732 1633 1783 potest?
1685 1730 1797 1784 quod
1828 1741 1993 1769 carmen

233 1796 454 1839 artificiosa
483 1798 706 1838 verborum
737 1794 1003 1836 conclusione
1034 1793 1198 1849 aptius?
1229 1792 1300 1849 qui
1324 1798 1438 1834 actor
1467 1790 1664 1834 imitanda
1698 1805 1822 1846 quam
1852 1795 1994 1833 orator

183 1878 218 1903 25
233 1858 495 1914 suscipienda
522 1859 696 1900 veritate
726 1856 974 1898 iucundior?
1014 1855 1123 1906 Quid
1154 1862 1290 1898 autem
1320 1854 1511 1897 subtilius
1542 1868 1664 1910 quam
1694 1853 1865 1896 crebrae
1896 1867 1994 1895 acu-

233 1929 381 1979 taeque
411 1920 668 1964 sententiae?
718 1919 816 1974 quid
847 1918 1132 1961 admirabilius
1163 1932 1286 1974 quam
1318 1931 1386 1959 res
1417 1919 1639 1973 splendore
1669 1916 1871 1958 illustrata
1900 1930 1994 1958 ver-

232 1988 410 2028 borum?
443 1983 542 2039 quid
571 1982 730 2039 plenius
762 1996 885 2037 quam
915 1980 1030 2023 omni
1059 1994 1209 2035 genere
1239 1995 1380 2022 rerum
1412 1980 1615 2022 cumulata
1645 1979 1808 2022 oratio?
1842 1980 1987 2034 Neque

236 2047 376 2104 [enim]
409 2047 493 2089 ulla
522 2060 606 2088 non
635 2045 807 2101 propria
837 2043 1016 2086 oratoris
1046 2057 1112 2084 res
1143 2048 1225 2091 est,
1273 2056 1380 2098 quae
1418 2042 1586 2098 quidem
1617 2047 1759 2083 ornate
1789 2040 1870 2082 dici
1900 2054 1993 2095 gra-

233 2111 424 2166 viterque
463 2108 599 2151 dehet.
660 2110 731 2150 lX.
772 2110 841 2149 35.
875 2106 1006 2148 Huius
1032 2112 1093 2149 est
1120 2106 1164 2148 in
1195 2105 1329 2147 dando
1360 2105 1535 2147 consilio
1565 2104 1616 2147 de
1646 2103 1834 2146 maximis
1865 2105 1991 2146 rebus

184 2190 219 2216 ³0
233 2188 326 2216 cum
357 2173 554 2226 dignitate
584 2172 791 2227 explicata
820 2169 1043 2218 sententia;
1087 2170 1271 2210 eiusdem
1302 2173 1342 2209 et
1371 2166 1602 2221 languentis
1632 2166 1778 2222 populi
1806 2164 1991 2207 incitatio

234 2243 275 2278 et
304 2234 492 2277 effrenati
521 2233 771 2284 moderati03
817 2234 962 2274 eadem
1002 2231 1194 2273 facultate
1224 2236 1264 2273 et
1292 2230 1407 2272 fraus
1438 2230 1652 2271 hominum
1683 2228 1735 2271 ad
1763 2227 1993 2285 perniciem

234 2304 274 2341 et
301 2296 514 2352 integritas
543 2295 595 2338 ad
625 2295 797 2337 salutem
827 2300 1010 2339 vocatur.
1071 2293 1173 2344 Quis
1202 2293 1411 2335 cohortari
1442 2292 1494 2334 ad
1522 2293 1716 2335 virtutem
1746 2290 1988 2341 ardentius,

234 2363 325 2416 quis
354 2374 378 2401 a
408 2358 519 2401 vitiis
554 2359 689 2400 acrius
728 2371 947 2406 revocare,
998 2356 1089 2412 quis
1120 2355 1354 2412 vituperare
1385 2354 1599 2410 improbos
1638 2354 1847 2411 asperius,
1899 2353 1991 2409 quis

232 2422 401 2465 laudare
431 2424 567 2463 bonos
598 2420 806 2470 ornatius,
839 2419 931 2476 quis
959 2419 1223 2475 cupiditatem
1244 2418 1529 2461 vehementius
1549 2418 1740 2474 frangere
1760 2416 1991 2460 accusando

328 2545 362 2576 1.
390 2544 436 2575 ad
462 2551 531 2575 om.
557 2542 631 2574 AB.
661 2559 698 2565 -
727 2541 790 2574 Vv.
809 2549 897 2582 quae
923 2541 969 2573 ad
993 2557 1007 2563 —
1030 2557 1044 2562 -
1064 2541 1245 2581 perveniat
1270 2539 1412 2573 seclusit
1437 2539 1586 2572 Ellendt.
1605 2556 1650 2562 —
1674 2540 1709 2571 2.
1736 2542 1924 2579 occupetur
1948 2538 1989 2571 Β.

240 2608 275 2615 -
303 2591 337 2623 3.
366 2588 439 2631 cur]
466 2592 505 2622 ut
530 2590 572 2621 R.
600 2603 642 2612 --
677 2588 713 2621 [ι.
744 2589 805 2620 Vv.
833 2588 924 2629 quod
947 2587 1048 2620 nulla
1071 2604 1085 2610 -
1108 2603 1122 2608 —
1145 2588 1298 2629 yloriose
1322 2587 1438 2627 mayis
1464 2587 1666 2620 exciderunt
1691 2595 1730 2619 ex
1756 2587 1797 2618 R.
1824 2602 1868 2608 —-
1908 2585 1941 2618 6.
1968 2595 1991 2618 a

233 2639 402 2673 veritate,
430 2641 469 2668 ut
493 2639 533 2668 tu
553 2641 675 2676 putas,
694 2635 753 2667 AB
781 2635 846 2667 Gu.
875 2634 908 2665 3.
936 2635 985 2666 R:
1014 2639 1054 2667 ut
1080 2639 1116 2666 tu
1138 2639 1265 2675 putas.
1293 2643 1315 2665 α
1340 2634 1486 2666 veritate
1510 2635 1552 2666 Ε.
1575 2650 1612 2657 -
1645 2642 1750 2674 quam
1771 2634 1884 2665 nescio
1902 2632 1987 2665 AB:

234 2694 342 2726 quam
366 2694 388 2716 a
412 2685 528 2716 nescio
553 2683 626 2715 RE.
647 2698 686 2705 —
714 2683 747 2714 9.
776 2681 961 2721 explendas
979 2681 1037 2713 AB
1053 2705 1061 2719 ‚
1088 2681 1284 2720 captandas
1310 2680 1512 2714 Cratander.
1562 2680 1741 2721 Volgatam
1766 2680 1846 2712 lect.
1874 2680 1990 2712 firmat

233 2732 365 2764 Nonius
393 2740 426 2770 p.
454 2731 534 2762 293.
564 2730 613 2763 Μ.
639 2745 684 2750 -
725 2729 781 2761 12.
811 2729 1094 2760 eaeercitationem
1119 2731 1182 2759 aut
1205 2731 1351 2768 propter
1376 2737 1446 2761 om.
1473 2727 1545 2759 AB.
1588 2743 1624 2749 —
1668 2727 1724 2760 14.
1752 2724 1890 2767 notare]
1917 2735 1991 2758 non

234 2783 309 2810 arte
333 2778 405 2809 AB.
426 2793 468 2800 -
494 2777 551 2809 16.
578 2774 728 2816 utinam]
756 2776 871 2816 utique
896 2775 967 2806 AB.
987 2792 1031 2797 -
1054 2776 1140 2806 mihi
1162 2775 1226 2807 illa
1251 2775 1369 2807 videor
1392 2775 1508 2806 videre
1524 2773 1553 2805 A
1577 2774 1706 2814 aliique
1726 2783 1734 2805 :
1761 2774 1847 2805 mihi
1870 2774 1991 2805 videor

233 2826 295 2857 illa
311 2825 428 2856 videre
444 2824 476 2856 R
491 2848 500 2862 ‚
526 2824 611 2855 mihi
628 2823 692 2854 illa
708 2823 821 2854 videre
838 2821 959 2853 videor
977 2821 1018 2853 E.
1046 2822 1112 2863 (De
1128 2822 1155 2852 B
1175 2830 1243 2854 non
1264 2819 1402 2862 liquet.)
1421 2836 1467 2843 —
1493 2820 1549 2852 17.
1568 2821 1649 2853 item
1666 2821 1745 2852 AB:
1771 2821 1826 2853 ita
1844 2820 1917 2852 RE.
1946 2833 1987 2843 --

234 2872 449 2912 reperientur
474 2872 522 2909 B,
550 2871 783 2910 reperirentur
807 2869 849 2900 R.
873 2886 910 2892 --
936 2877 1076 2909 possum
1099 2869 1171 2900 ΑΒ.
1195 2885 1233 2891 -
1261 2869 1317 2901 18.
1345 2869 1521 2908 eoequirere
1544 2867 1584 2898 B.
1605 2885 1646 2891 -
1672 2869 1736 2900 hoc
1760 2875 1823 2908 eqo
1849 2866 1986 2900 Codd.:

234 2918 294 2949 hoc
317 2921 399 2954 (om.
429 2917 502 2960 eqo)
527 2918 601 2949 RE.
629 2916 690 2957 (Ex
714 2916 774 2948 AB
799 2916 885 2948 nihil
910 2920 1065 2948 notatum
1091 2919 1161 2954 est,
1190 2916 1252 2948 etsi
1281 2915 1348 2948 Gu.
1375 2915 1409 2946 3.
1436 2914 1541 2946 habet
1564 2914 1626 2946 hoc
1649 2913 1738 2957 eqo.)
1756 2930 1798 2938 —
1823 2914 1879 2947 19.
1903 2922 1989 2954 pro-

235 2964 320 3003 fecto
345 2966 374 2996 R
399 2969 433 2996 et
459 2966 610 2997 Ernestii
637 2972 777 3003 operae.
800 2979 845 2984 ——
869 2963 926 2995 20.
955 2960 999 3003 et]
1027 2971 1069 2994 ac
1092 2963 1135 2994 R.
1158 2978 1196 2984 —
1224 2962 1281 2994 23.
1307 2962 1491 2994 moderata
1515 2962 1674 2994 oratione
1699 2961 1780 2993 AB:
1806 2962 1988 2994 moderata

230 3012 519 3049 pronuntiatione
543 3012 574 3043 R
590 3034 598 3048 ,
624 3011 824 3042 moderatae
848 3010 1019 3041 orationis
1045 3008 1338 3050 pronuntiatione
1360 3008 1402 3039 E.
1421 3024 1465 3029 —-
1489 3007 1546 3039 24.
1575 3009 1771 3050 confusione
1795 3006 1854 3039 ΑΒ
1871 3031 1881 3049 ,
1908 3015 1988 3038 con-

235 3059 427 3088 structione
452 3059 496 3090 R.
524 3075 565 3081 —
608 3058 783 3090 imitanda
808 3055 893 3088 AB:
926 3058 964 3088 in
987 3056 1161 3088 imitanda
1185 3055 1258 3086 RE.
1289 3071 1327 3078 —
1369 3055 1425 3087 25.
1453 3055 1676 3095 suscipienda
1698 3054 1783 3087 AB:
1823 3055 1861 3086 in
1883 3054 1987 3085 susci-

230 3104 360 3142 pienda
384 3104 458 3137 RE.
488 3122 524 3129 -
569 3105 709 3137 crebrae
734 3107 923 3144 acutaeque
947 3102 978 3134 A
1003 3108 1037 3136 et
1062 3110 1182 3136 omnes
1208 3101 1392 3140 Ellendtii,
1433 3101 1488 3133 R:
1528 3105 1652 3134 acutae
1676 3102 1881 3141 crebraeque
1903 3099 1943 3141 (Β
1954 3099 1985 3140 ⁴2)

236 3150 274 3181 E.
303 3164 345 3172 ——
379 3150 436 3182 26.
463 3152 547 3190 quid
570 3157 685 3184 autem
710 3150 952 3183 admirabilius
976 3150 1019 3181 R.
1048 3166 1088 3173 —
1115 3149 1172 3180 27.
1198 3157 1319 3189 genere
1343 3157 1460 3180 rerum
1483 3147 1514 3180 A
1539 3149 1693 3190 aliique:
1727 3157 1843 3180 rerum
1865 3155 1985 3190 yenere

235 3197 319 3234 (ΒῩ)
342 3197 414 3227 RE.
443 3214 481 3219 —
520 3198 575 3230 28.
602 3200 695 3231 enim
720 3207 789 3230 om.
814 3197 874 3229 AB
902 3200 936 3228 et
959 3196 1020 3238 Lg.
1048 3196 1222 3229 meliores.
1272 3195 1342 3228 Nos
1367 3195 1580 3229 seclusimus.
1612 3211 1650 3218 -
1689 3203 1743 3228 res
1768 3198 1815 3227 est
1838 3193 1869 3226 A
1897 3203 1906 3226 ε
1935 3197 1985 3227 est

234 3251 288 3275 res
314 3242 352 3283 (B
364 3244 395 3280 Ἰ)
422 3243 494 3274 RE.
523 3262 558 3267 —
589 3248 716 3277 ornata
740 3243 783 3276 A.
813 3261 849 3268 —-
878 3243 934 3275 29.
963 3244 1058 3276 debet
1084 3243 1111 3275 B
1136 3242 1292 3282 aliique:
1319 3242 1442 3274 debeat
1466 3242 1537 3275 RE.
1567 3242 1633 3281 (Ex
1656 3239 1688 3274 Α
1712 3240 1797 3274 nihil
1821 3244 1984 3274 notatum

236 3287 318 3369 estg
347 3306 384 3313 —
413 3289 469 3321 30.
498 3291 660 3331 eoeplicita
684 3291 790 3324 ABR.
819 3307 862 3314 —-
891 3293 922 3324 et
946 3290 1159 3332 lanquentis]
1187 3290 1295 3323 etiam
1319 3289 1515 3332 lanquentis
1539 3290 1583 3324 R.
1610 3305 1653 3313 -
1688 3288 1745 3321 31.
1773 3290 1804 3321 et
1825 3289 1985 3332 effrenati

234 3345 289 3369 mo
317 3336 427 3369 eratio
453 3344 522 3368 om.
549 3337 622 3368 AB.
