2117 3762
746 236 845 276 LIB.
878 234 946 276 lv.
1005 234 1047 276 C.
1078 237 1145 277 37.
1176 237 1243 276 38.
1278 236 1344 276 39.
1859 242 1910 281 75

161 345 310 385 borum
343 355 541 396 generum
573 339 762 396 exempla
805 342 1089 382 subiivivmns.
1169 340 1346 389 Prior-is,
1397 341 1667 383 huiusmodi:
1715 343 1910 390 Nimium,

162 405 366 455 Quirites,
424 403 568 444 animis
614 404 709 444 estis
751 403 1006 458 simplicibus
1048 413 1085 446 et
1126 404 1370 453 mansuetis;
1422 403 1593 444 nimium
1635 404 1802 446 creditis
1842 408 1913 446 uni

161 468 325 523 cuique.
386 467 640 508 Existimatis
671 479 797 506 unum
830 480 1034 522 quemque
1067 469 1189 515 eniti,
1225 473 1267 507 nt
1298 465 1500 521 pei-liciat,
1539 480 1645 520 quae
1677 468 1795 507 vobis
1826 470 1913 521 pol-

161 530 295 572 licitus
340 531 405 570 sit.
468 528 622 570 Erratis
664 534 705 568 et
746 528 841 569 t'atsa
884 529 1030 571 l'rnstra
1073 544 1145 585 spe
1187 531 1266 569 iam
1308 531 1377 570 diu
1423 528 1678 570 detinemini.
1738 530 1911 571 Stultitia

161 600 296 634 vestra
338 595 406 640 id,
457 593 567 647 quod
609 596 697 631 erat
742 592 781 631 in
822 599 955 633 vestra
997 598 1222 647 potestate,
1273 594 1323 632 ab
1364 591 1452 632 aliis
1492 598 1633 647 petere
1673 606 1794 646 quam
1839 593 1944 648 ipsis

161 668 324 696 sumere
357 654 568 696 maluistis.
630 655 876 696 Posterioris
917 655 1104 696 licentiae.
1149 657 1228 695 hoc
1258 656 1335 694 erit
1366 656 1630 708 exemplum:
1680 655 1779 696 Mihi
1820 670 1913 696 cum

162 718 259 764 isto,
302 717 478 763 iudices,
525 715 599 757 suit
629 717 829 762 amicitia,
873 721 943 759 sed
976 721 1051 759 ista
1081 719 1281 763 amicitia,
1329 720 1489 757 tametsi
1522 731 1672 759 vereor
1701 720 1913 772 quomodo

162 781 370 834 accepturi
403 779 513 827 sitis,
564 785 697 819 tamen
733 781 886 827 dicam,
935 795 1008 822 vos
1039 795 1104 822 me
1135 781 1338 836 privastis.
1418 779 1526 829 Quid
1570 780 1649 820 ita?
1699 780 1824 835 quia,
1872 786 1916 822 ut

160 843 277 883 vobis
299 855 430 882 essem
454 839 672 895 probatus,
707 857 820 889 etun,
853 843 922 899 qui
946 859 1017 885 vos
1039 846 1322 898 oppugnabat,
1357 843 1564 883 inimicum
1593 856 1713 897 quam
1738 842 1914 884 amicum

160 906 316 946 habere
347 904 486 945 malui.
548 906 613 947 50.
650 907 754 957 Ergo
788 907 887 946 haec
914 909 1151 952 exornatio,
1184 906 1249 944 cui
1280 903 1465 944 licentiae
1497 918 1647 945 nomen
1678 910 1762 952 est,
1795 904 1913 946 sicuti
1934 922 1964 945 to

159 966 553 1013 demonstravimus,
585 967 738 1019 duplici
771 968 929 1009 ratione
961 968 1229 1009 tractabitur:
1263 967 1508 1014 acrimonia,
1542 982 1645 1022 quae
1676 967 1710 1008 si
1742 967 1914 1009 nimium

158 1029 283 1072 suerit
312 1043 480 1084 aspera,
515 1029 769 1081 mitigabitur
800 1031 919 1071 laude
951 1037 992 1071 et
1022 1029 1350 1076 assimulatione,
1381 1032 1431 1069 de
1465 1043 1543 1084 qua
1575 1030 1778 1083 posterius
1811 1030 1915 1071 dixi-

159 1107 250 1134 mus
270 1125 278 1139 ,
327 1106 432 1148 quae
463 1105 545 1133 non
578 1093 735 1145 indiget
766 1092 1055 1147 mitigationis,
1106 1097 1326 1147 propterea
1356 1094 1468 1147 quod
1497 1092 1679 1133 imitatur
1708 1092 1915 1135 licentiam

159 1161 200 1196 et
229 1168 301 1196 sua
333 1161 478 1208 sponte
510 1157 558 1195 ad
590 1157 772 1196 animum
804 1156 1003 1197 auditoris
1034 1169 1077 1196 se
1112 1154 1412 1195 accommodat.

268 1219 498 1258 xxxvnt.
533 1221 770 1260 Deminutio
803 1225 884 1266 est,
934 1232 1026 1260 cum
1068 1217 1224 1272 aliquid
1264 1217 1398 1258 inesse
1442 1219 1484 1258 in
1525 1216 1643 1259 nobis
1681 1223 1749 1260 aut
1780 1218 1822 1260 in
1851 1218 1913 1267 iis,
1934 1233 1962 1257 ις

159 1294 262 1336 quos
293 1279 577 1329 defendimus,
612 1287 681 1322 aut
712 1288 853 1323 natura
885 1288 954 1322 aut
985 1280 1145 1322 fortuna
1169 1286 1238 1320 aut
1259 1281 1458 1321 industria
1481 1279 1662 1322 dicemus
1683 1283 1912 1335 egregium,

158 1343 289 1400 quod,
335 1358 387 1384 ne
419 1358 496 1398 qua
528 1344 782 1398 significetur
811 1358 1009 1398 arrogans
1039 1344 1284 1389 ostentatio,
1331 1344 1584 1384 deminuitur
1615 1349 1654 1385 et
1683 1350 1915 1385 attenuatur

159 1408 366 1452 oratione,
399 1408 479 1447 hoc
501 1409 648 1447 modo:
684 1410 785 1448 Nam
816 1409 896 1447 hoc.
930 1421 1003 1462 pro
1038 1421 1129 1447 meo
1162 1407 1276 1452 iure,
1318 1407 1501 1454 iudices,
1551 1405 1642 1447 dico
1675 1422 1740 1449 me
1773 1409 1914 1448 labore

158 1477 199 1511 et
228 1469 427 1511 industria
459 1484 644 1518 curasse,
678 1475 721 1511 ut
753 1470 1006 1524 disciplinam
1040 1469 1258 1510 militarem
1291 1482 1373 1509 non
1405 1469 1445 1509 in
1469 1471 1688 1523 postremis
1712 1476 1910 1512 tenerem.

158 1532 236 1574 Hic
266 1534 299 1573 si
331 1533 421 1587 quis
452 1531 644 1574 dixisset:
693 1534 743 1573 Ut
772 1535 925 1587 optime
966 1539 1173 1579 tenerem,
1217 1532 1378 1572 tametsi
1410 1545 1508 1572 vere
1542 1533 1735 1581 dixisset,
1780 1539 1913 1573 tamen
1929 1546 1963 1571 20

158 1608 358 1648 arrogans
389 1594 499 1635 visus
531 1600 651 1636 esset.
711 1597 827 1636 Nunc
859 1601 899 1636 et
927 1599 977 1637 ad
1009 1596 1205 1636 invidiam
1238 1594 1443 1635 vitandam
1475 1600 1516 1635 et
1545 1597 1594 1635 ad
1623 1595 1783 1636 laudem
1805 1609 1917 1637 com-

158 1659 380 1713 parandam
413 1659 508 1699 satis
540 1660 693 1699 dictum
726 1663 800 1699 est.
863 1661 986 1699 Item:
1035 1660 1175 1698 Utrum
1208 1657 1331 1710 igitur
1361 1658 1556 1698 avaritiae
1588 1671 1707 1699 eausa
1738 1672 1788 1699 an
1820 1673 1916 1712 ege-

158 1722 271 1762 statis
302 1721 472 1760 accessit
502 1722 551 1761 ad
585 1719 860 1762 maleficium?
906 1721 1147 1761 Avaritiae?
1190 1721 1242 1759 At
1272 1719 1526 1773 largissimus
1557 1718 1633 1761 suit
1661 1721 1704 1761 in
1734 1721 1911 1770 amicos;

158 1784 270 1838 quod
301 1783 460 1836 signum
493 1782 749 1824 liberalitatis
787 1788 873 1831 est,
919 1797 1023 1837 quae
1062 1783 1267 1823 contraria
1301 1787 1361 1822 est
1391 1783 1598 1825 avaritiae.
1674 1785 1913 1838 Egestatis‘?

157 1849 207 1887 At
237 1845 334 1886 huic
361 1846 530 1900 quidem
552 1851 667 1899 pater
698 1845 806 1898 (nolo
829 1846 999 1886 nimium
1022 1844 1172 1898 dicere)
1204 1860 1286 1885 non
1310 1846 1594 1886 tenuissimum
1616 1846 1912 1900 patrimonium
1927 1858 1961 1884 25

157 1908 338 1965 reliquit.
398 1909 475 1949 Hic
507 1922 672 1963 quoque
706 1909 877 1950 vitatum
909 1915 994 1957 est,
1028 1924 1079 1948 ne
1112 1921 1303 1962 magnum
1335 1915 1404 1948 aut
1434 1909 1659 1948 maximum
1691 1908 1909 1950 diceretur.

158 1973 250 2012 Hoc
281 1972 405 2025 igitur
436 1973 476 2012 in
507 1973 659 2012 nostris
690 1978 759 2012 aut
790 1985 957 2020 eorum,
1006 1985 1109 2026 quos
1141 1972 1431 2014 defendemus,
1478 1971 1656 2025 egregiis
1687 1970 1913 2011 commodis

157 2032 416 2090 proferendis
447 2032 780 2075 observabimus.
853 2036 955 2075 Nam
1001 2033 1204 2074 eiusmodi
1248 2047 1314 2074 res
1354 2039 1394 2074 et
1432 2033 1628 2074 invidiam
1670 2035 1915 2074 contrahunt

157 2097 199 2138 in
230 2099 309 2138 vita
342 2104 382 2138 et
413 2097 554 2138 odium
586 2099 627 2138 in
659 2097 872 2143 oratione,
905 2098 937 2137 si
969 2096 1272 2137 inconsiderate
1303 2102 1466 2137 tractes.
1529 2098 1687 2146 Quare,
1720 2100 1916 2153 quemad-

158 2158 327 2201 modum
361 2161 518 2201 ratione
549 2161 590 2200 in
621 2161 801 2201 vivendo
832 2158 988 2214 sugitur
1018 2158 1171 2199 invidia
1190 2190 1199 2207 ,
1245 2160 1303 2200 sic
1333 2161 1374 2200 in
1406 2159 1581 2202 dicendo
1612 2160 1785 2202 consilio
1817 2162 1963 2202 vita-³0

159 2228 226 2264 tur
257 2223 414 2263 odium.
1163 2229 1165 2231 ’

271 2286 464 2335 XXXIX.
527 2286 593 2329 51.
649 2285 882 2338 Descriptio
922 2284 1184 2333 nominatur,
1241 2299 1347 2341 quae
1389 2300 1528 2327 rerum
1575 2287 1914 2341 consequentium

159 2349 341 2390 continet
364 2349 624 2403 perspicuam
658 2354 698 2388 et
728 2347 949 2389 dilucidam
971 2362 1061 2389 cum
1086 2351 1290 2403 gravitate
1312 2350 1632 2404 expositionem,
1665 2350 1745 2391 hoc
1768 2349 1911 2390 modo:

160 2412 319 2462 Quodsi
350 2412 502 2459 istum,
551 2410 738 2458 iudices,
791 2412 936 2452 vestris
976 2412 1189 2452 sententiis
1230 2411 1530 2459 liberaveritis,
1581 2413 1715 2453 statim
1759 2412 1863 2452 sicut
1893 2426 1914 2452 e

160 2488 285 2515 cavea
316 2475 382 2515 leo
416 2476 562 2515 missus
593 2481 661 2514 aut
691 2474 824 2527 aliqua
856 2474 1091 2515 taeterrima
1124 2474 1247 2516 belua
1278 2477 1411 2517 soluta
1443 2491 1495 2517 ex
1536 2475 1688 2516 catenis
1728 2474 1962 2520 volitabit35

161 2544 201 2579 et
229 2538 444 2591 vagabitur
473 2537 513 2578 in
546 2536 665 2586 foro,
718 2551 868 2578 acuens
900 2539 1043 2579 dentes
1078 2536 1257 2592 [multos]
1297 2540 1337 2579 in
1377 2540 1574 2593 cuiusque
1615 2538 1822 2585 fortunas,
1874 2538 1914 2577 in

160 2614 305 2642 omnes
336 2601 491 2641 amicos
522 2606 645 2655 atque
678 2600 888 2647 inimicos,
935 2606 1055 2641 notos
1086 2607 1207 2655 atque
1241 2601 1404 2655 ignotos
1446 2602 1654 2641 incursans
1675 2632 1685 2648 ,
1738 2601 1911 2640 aliorum

160 2661 308 2704 samam
342 2662 613 2717 depeculans,
662 2663 838 2704 aliorum
883 2668 1005 2718 caput
1050 2676 1310 2717 oppugnans,
1363 2664 1535 2705 aliorum
1582 2663 1749 2704 domum
1794 2669 1914 2717 atque

165 2738 330 2766 omnem
362 2726 560 2766 familiam
585 2726 864 2781 perfringens.
896 2741 985 2767 rem
1009 2725 1214 2779 publicam
1247 2726 1428 2767 funditus
1452 2725 1711 2767 labefactans.
1761 2726 1913 2774 Quare,

164 2786 352 2836 iudices,
389 2788 525 2830 eiicite
558 2803 650 2830 eum
684 2791 734 2831 de
767 2789 947 2835 civitate,
992 2789 1161 2830 liberate
1192 2803 1334 2831 omnes
1365 2788 1608 2836 formidine;
1652 2788 1770 2827 vobis
1802 2786 1963 2832 deni-40

163 2865 243 2905 que
289 2850 388 2906 ipsis
419 2854 633 2895 consulite.
713 2854 813 2893 Nam
856 2854 888 2893 si
927 2853 1047 2893 istum
1091 2853 1335 2906 impunitum
1375 2850 1628 2896 dimiseritis,
1676 2850 1717 2889 in
1759 2856 1917 2891 vosmet

161 2914 292 2968 ipsos,
325 2913 425 2955 mibi
456 2915 637 2963 credite,
671 2914 802 2956 feram
834 2921 873 2956 et
903 2914 1174 2956 truculentam
1209 2913 1400 2959 bestiam,
1433 2912 1608 2958 iudicts
1641 2913 1910 2954 immiseritis.

162 2977 287 3017 Item:
319 2977 420 3016 Nam
452 2977 485 3018 si
516 2979 566 3020 de
598 2980 694 3026 hoc,
727 2979 905 3024 iudices,
937 2991 1103 3030 gravem
1136 2978 1379 3028 sententiam
1413 2975 1605 3020 tuleritis,
1645 2988 1729 3017 uno
1762 2975 1913 3016 iudicio

253 3102 286 3133 [ι.
314 3102 406 3143 salsa
432 3112 488 3141 spe
511 3104 646 3144 frustra
670 3103 875 3135 ΡᾸΙΠΓΒΤε
917 3105 1050 3145 frustra
1086 3104 1176 3144 salsa
1202 3111 1260 3139 spe
1289 3102 1327 3132 E.
1369 3117 1406 3122 —
1449 3101 1482 3131 8.
1526 3104 1640 3131 tumen
1674 3101 1787 3131 dicam
1822 3101 1911 3137 libri,

163 3151 265 3181 enam
294 3151 422 3179 nostri:
450 3150 564 3180 dicam
591 3155 703 3181 tamen
732 3151 767 3182 E.
800 3168 837 3174 —
867 3151 921 3181 15.
949 3151 1058 3181 inesse
1086 3150 1283 3180 t’AssFu‘r:
1311 3155 1378 3179 esse
1407 3146 1444 3177 E.
1476 3164 1512 3169 —
1542 3147 1597 3178 16.
1617 3145 1774 3187 fortuna]
1803 3146 1914 3185 forma

165 3196 246 3227 Ern.
275 3205 413 3235 operae.
446 3213 479 3218 —
509 3196 566 3228 225.
596 3197 656 3228 Vv.
684 3207 773 3238 qnae
798 3214 810 3220 -
835 3213 849 3218 -
874 3198 1047 3228 avaritiae
1072 3197 1137 3227 det.
1170 3197 1247 3226 ,ῆι-ὴ,
1280 3211 1314 3216 -
1359 3195 1539 3224 contraria
1565 3198 1610 3225 esc
1639 3194 1836 3225 eAnFR't‘:
1866 3198 1913 3225 esc

164 3245 344 3274 contraria
367 3243 403 3273 Ε.
425 3260 461 3265 -
484 3241 540 3273 35.
559 3245 697 3274 emissas
717 3245 763 3279 R,
785 3244 822 3274 L.
847 3258 873 3264 -
912 3244 967 3276 36.
989 3243 1115 3274 habens
1129 3242 1225 3273 PAF.
1247 3258 1283 3263 —
1311 3240 1436 3270 multos
1456 3241 1523 3272 det.
1545 3241 1581 3272 L.
1604 3240 1683 3272 Sch.
1704 3249 1784 3272 sane
1805 3241 1912 3272 incut-

165 3294 279 3322 catum
308 3294 447 3327 propter
475 3289 592 3322 falsam
612 3290 691 3322 tect..
719 3291 857 3323 habens.
879 3306 918 3312 —
960 3290 1016 3322 42.
1044 3289 1189 3323 iudices,
1228 3288 1442 3320 immiseritis
1468 3288 1669 3320 PABFRT:
1703 3288 1912 3320 innniseritis

165 3338 247 3374 (om.
273 3336 414 3378 iudices)
443 3335 482 3367 Ε.
