2117 3762
482 863 577 915 M.
614 862 927 915 TULLII
972 861 1446 916 CICERONIS

917 1008 987 1050 AD

630 1141 1271 1195 MBRIJTIJM

381 1288 461 1361 θ
579 1291 676 1362 R
794 1293 880 1364 A
999 1292 1081 1362 Τ
1201 1289 1282 1362 0
1401 1288 1527 1362 R.

69 1674 103 1717 Ι.
140 1675 176 1717 1.
218 1660 385 1719 Utrum
415 1673 624 1717 difficilius
656 1681 726 1717 aut
755 1677 890 1718 maius
921 1680 1031 1719 essct
1058 1687 1214 1731 negare
1244 1673 1320 1718 tibi
1342 1673 1506 1731 saepius
1527 1673 1638 1716 idem
1657 1671 1833 1730 roganti,

69 1751 123 1779 an
154 1737 318 1780 efficere
348 1739 412 1787 id,
446 1739 559 1793 quod
581 1750 775 1792 rogares,
809 1739 880 1780 diu
909 1739 1190 1793 multumque,
1222 1741 1374 1787 Brute,
1407 1736 1607 1779 dubitavi.
1668 1740 1771 1780 Nam
1793 1743 1835 1780 et

68 1814 222 1855 negare
253 1802 313 1851 ei,
366 1814 488 1855 quem
519 1801 641 1842 unice
673 1800 891 1854 diligerem
921 1802 1071 1856 cuique
1102 1816 1170 1844 me
1202 1802 1461 1843 carissimum
1491 1813 1581 1842 esse
1612 1802 1831 1849 sentirem,

66 1865 312 1918 praesertim
342 1870 384 1905 et
411 1863 520 1905 iusta
550 1862 706 1918 petenti
736 1869 778 1904 et
805 1863 1019 1919 praeclara
1050 1864 1254 1917 cupienti,
1294 1865 1446 1905 durum
1476 1862 1701 1904 admodum
1732 1864 1834 1904 mihi

66 1925 310 1977 videbatur;
344 1931 385 1968 et
413 1927 624 1981 suscipere
656 1931 812 1967 tantam
841 1940 954 1975 rem,
988 1932 1181 1982 quantam
1211 1940 1296 1968 non
1325 1927 1451 1966 modo
1471 1924 1667 1966 facultate
1689 1938 1864 1969 conse-⁵

66 1990 137 2044 qui
167 1987 335 2031 difficile
366 1994 499 2037 esset,
542 1989 616 2029 sed
646 1987 772 2029 etiam
804 1990 1057 2042 cogitatione
1087 1989 1331 2043 complecti,
1379 1990 1450 2030 vix
1480 1987 1713 2030 arbitrabar
1743 2003 1834 2031 esse

67 2053 184 2100 eius,
230 2053 302 2108 qui
345 2056 563 2094 vereretur
607 2051 981 2104 reprehensionem
1026 2051 1246 2094 doctorum
1289 2057 1412 2107 atque
1452 2050 1735 2106 prudentium.
1794 2054 1834 2093 2.

67 2113 178 2164 Quid
209 2115 320 2156 enim
350 2120 415 2155 est
444 2113 602 2163 maius,
649 2127 797 2169 quam,
844 2128 938 2156 cum
973 2119 1085 2156 tanta
1115 2116 1167 2156 sit
1195 2116 1303 2156 inter
1333 2118 1522 2155 oratores
1551 2112 1685 2155 honos
1715 2113 1836 2155 dissi-

65 2176 282 2225 militudo,
331 2176 542 2225 iudicare,
594 2189 701 2231 quae
742 2177 794 2218 sit
834 2176 993 2232 optima
1034 2178 1196 2232 species
1233 2183 1276 2218 et
1311 2176 1430 2232 quasi
1466 2175 1600 2230 figura
1638 2177 1832 2219 dicendi?

67 2239 192 2288 Quod
231 2239 427 2293 quoniam
467 2251 534 2279 me
573 2239 738 2292 saepius
780 2251 931 2293 rogas,
983 2239 1206 2294 aggrediar
1246 2253 1331 2280 non
1369 2244 1453 2280 tam
1482 2237 1728 2292 perficiundi
1759 2253 1831 2296 spe
1847 2257 1882 2282 ιο

65 2314 189 2356 quam
220 2299 466 2354 experiundi
495 2301 724 2342 voluntate.
785 2301 893 2343 Malo
925 2303 1057 2351 enim,
1090 2316 1184 2343 cum
1213 2301 1350 2343 studio
1381 2307 1452 2342 tuo
1483 2302 1562 2343 sim
1591 2303 1828 2352 obsecutus,

66 2361 293 2404 desiderari
322 2376 347 2404 a
376 2368 417 2404 te
447 2363 715 2417 prudentiam
754 2375 890 2405 meam
926 2378 1075 2419 quam,
1127 2365 1163 2406 si
1202 2365 1245 2406 id
1281 2378 1367 2407 non
1403 2363 1596 2415 fecerim,
1648 2366 1830 2407 benevo-

64 2424 247 2468 lentiam.

178 2491 219 2530 3.
268 2489 446 2540 Quaeris
476 2488 604 2543 igitur
632 2488 758 2545 idque
788 2488 870 2531 iam
900 2489 1088 2546 saepius,
1132 2492 1246 2546 quod
1282 2489 1541 2547 eloquentiae
1571 2504 1700 2546 genus
1730 2504 1828 2546 pro-

63 2548 159 2593 bem
190 2553 369 2594 maxime
401 2557 442 2593 et
471 2551 592 2608 quale
621 2554 723 2593 mihi
754 2554 946 2594 videatur
974 2553 1102 2602 illud,
1154 2554 1220 2594 cui
1258 2553 1362 2594 nihil
1390 2552 1484 2595 addi
1514 2552 1658 2608 possit,
1715 2552 1824 2607 quod
1841 2567 1875 2594 ιε

64 2627 144 2668 ego
173 2628 381 2656 summum
411 2620 452 2656 et
491 2614 839 2669 perfectissimum
884 2614 1080 2657 iudicem.
1141 2616 1189 2656 In
1227 2629 1310 2670 quo
1349 2630 1523 2666 vereor,
1570 2629 1646 2665 ne,
1696 2616 1729 2656 si
1763 2615 1823 2664 id,

64 2678 177 2732 quod
196 2678 280 2726 vis,
312 2676 493 2720 effecero
516 2691 696 2733 cumque
724 2683 956 2726 oratorem,
989 2691 1113 2732 quem
1135 2679 1326 2733 quaeris,
1360 2692 1631 2735 expressero,
1664 2679 1824 2719 tardem

64 2739 199 2781 studia
227 2739 475 2788 multorum,
508 2740 579 2794 qui
608 2739 900 2794 desperatione
932 2740 1136 2782 debilitati
1167 2741 1352 2794 experiri
1383 2741 1425 2783 id
1451 2741 1613 2790 nolent,
1645 2741 1754 2796 quod
1777 2755 1822 2782 se

63 2801 228 2857 assequi
255 2815 379 2857 posse
410 2801 610 2844 diffidant.
667 2804 709 2844 4.
751 2802 834 2844 Sed
861 2815 938 2858 par
967 2808 1029 2845 est
1059 2816 1203 2845 omnes
1235 2804 1375 2846 omnia
1403 2805 1606 2860 experiri,
1655 2804 1724 2859 qui
1753 2817 1822 2845 res

63 2875 233 2917 magnas
262 2869 304 2905 et
331 2878 481 2920 magno
513 2878 640 2921 opere
680 2865 933 2920 expetendas
972 2867 1315 2919 concupiverunt.
1378 2868 1536 2917 Quodsi
1581 2880 1705 2921 quem
1748 2872 1870 2908 aut2o

62 2932 211 2968 natura
240 2940 314 2968 sua
342 2933 414 2969 aut
441 2927 511 2970 illa
540 2927 788 2982 praestantis
817 2926 975 2980 ingenii
1002 2929 1065 2970 vis
1095 2929 1204 2970 sorte
1234 2928 1396 2970 deficiet
1425 2936 1495 2971 aut
1514 2930 1648 2970 minus
1668 2929 1820 2972 instru-

64 2992 153 3028 ctus
183 2989 263 3029 erit
291 3003 534 3044 magnarum
564 2992 714 3032 artium
744 2989 995 3045 discipliniS,
1027 2996 1166 3032 teneat
1186 2995 1324 3032 tamen
1344 3004 1440 3032 eum
1470 3004 1661 3041 cursum,
1695 3005 1819 3048 quem

156 3133 189 3168 3.
217 3134 435 3166 carissimum
458 3144 510 3168 me
535 3135 632 3169 Eine.
661 3153 699 3160 —
732 3136 768 3169 7.
794 3139 932 3169 veretur
957 3135 1054 3168 Eins.
1082 3135 1123 3168 R.
1159 3152 1202 3158 -
1241 3135 1456 3176 prudentum
1480 3136 1523 3168 R.
1551 3150 1593 3160 —
1630 3137 1686 3170 10.
1710 3139 1816 3182 perfi-

63 3181 183 3214 ciundi
207 3180 277 3213 Vlt.
306 3180 400 3213 Eius·
428 3181 482 3214 R:
507 3183 706 3224 perficiendi
732 3184 772 3215 Ε.
800 3201 843 3207 -
881 3184 937 3215 15.
964 3180 1033 3222 cui]
1060 3191 1128 3223 quo
1154 3181 1208 3223 (ex
1232 3184 1348 3222 script.
1379 3183 1460 3223 quoi
1486 3182 1640 3225 Tulich.)
1668 3183 1735 3217 Gu.
1754 3185 1812 3224 2.,

62 3229 111 3260 ad
143 3228 237 3270 quod
264 3227 359 3259 Eins.
398 3228 453 3269 (ex
478 3232 693 3262 correctione
723 3229 803 3262 lect.
833 3228 931 3271 quo.)
959 3246 998 3252 —
1033 3233 1148 3269 potest
1173 3230 1243 3261 Ἧι.
1271 3246 1313 3251 -
1352 3229 1409 3262 18.
1436 3231 1587 3270 experiri
1610 3230 1650 3262 id
1675 3231 1751 3263 llbrl
1778 3236 1814 3264 et

61 3275 121 3308 R:
148 3274 299 3316 experiri
325 3273 409 3316 (om.
434 3273 487 3315 id)
514 3283 593 3307 cum
618 3275 763 3309 Medion.
790 3276 832 3307 Ε.
863 3292 899 3298 -
926 3275 1046 3307 nolent
1071 3275 1165 3308 Eins.
1194 3276 1246 3307 R:
1273 3275 1388 3307 nolint
1413 3275 1506 3317 Vit.,
1535 3277 1576 3309 E.
1604 3293 1646 3300 —
1680 3286 1716 3309 se
1741 3286 1809 3309 om.

62 3322 162 3354 Eins.
193 3337 233 3345 —
273 3320 330 3354 19.
358 3321 470 3353 omnis
495 3321 535 3354 R.
565 3338 603 3346 -
646 3323 703 3356 20.
730 3323 986 3364 concupiverim
1010 3322 1066 3362 R,
1092 3323 1318 3364 concupivere
1341 3322 1464 3356 Lamb.
1491 3340 1534 3348 -ι
1566 3323 1624 3358 21.
1650 3325 1810 3358 destituet

62 3369 199 3413 deficiet
222 3368 316 3409 Vit.,
341 3368 501 3411 defecerit
526 3369 568 3402 R.
