2117 3762
200 182 281 223 500
732 172 1034 218 ORATORIAE
1063 171 1414 212 PARTITIONES

199 287 333 343 palam
373 290 517 327 contra
556 283 699 325 fecerit
736 280 859 335 idque
901 280 1098 326 fateatur,
1149 276 1255 318 adsit
1294 282 1431 318 tamen
1470 276 1706 333 factumque
1737 281 1949 323 defendat.

198 348 358 392 Deinde
387 348 565 389 infirmet
595 343 897 390 defensionem,
932 355 1025 382 cum
1058 338 1317 381 adversarius
1347 339 1458 382 aliud
1489 340 1695 390 voluisse,
1729 342 1839 384 aliud
1860 356 1954 384 sen-

200 414 302 454 sisse
332 411 599 465 scriptorem,
644 406 755 447 aliud
786 403 999 459 scripsisse
1032 404 1161 449 dicat,
1202 415 1287 443 non
1317 416 1407 444 esse
1439 401 1654 444 ferendum
1686 418 1710 445 a
1740 418 1953 459 quoquam

199 473 336 530 potius
366 472 506 513 latoris
537 483 702 510 sensum
734 480 854 523 quam
886 480 909 507 a
939 467 1031 519 lege
1063 464 1276 517 explicari.
1340 465 1421 506 Cur
1458 466 1513 506 ita
1552 465 1788 520 scripserit,
1835 469 1868 508 si
1898 467 1954 509 ita

171 550 285 578 snon
315 533 516 577 senserit?
567 532 672 578 Cur,
715 543 806 570 cum
838 542 907 576 ea,
953 542 1058 582 quae
1088 528 1209 583 plane
1242 529 1393 581 scripta
1425 530 1528 577 sint,
1561 528 1813 583 neglexerit,
1847 542 1952 583 quae

201 610 403 652 nusquam
446 595 595 648 scripta
626 593 729 640 sint,
776 590 987 645 proferat?
1039 593 1120 633 Cur
1148 591 1490 644 prudentissimos
1523 593 1564 632 in
1594 590 1811 633 scribendo
1843 592 1955 634 viros

200 672 384 702 summae
423 656 619 698 stultitiae
659 660 777 710 putet
816 668 905 695 esse
946 652 1229 694 damnandos?
1280 651 1390 702 Quid
1419 653 1654 709 impedierit
1684 655 1952 709 scriptorem,

201 735 284 778 quo
323 720 457 761 minus
499 719 711 770 exciperet
751 717 877 765 illud,
923 715 1035 770 quod
1075 716 1362 764 adversarius,
1410 722 1617 771 tamquam
1662 718 1697 758 si
1737 722 1955 772 exceptum

202 789 329 832 essct,
360 783 415 822 ita
446 780 544 822 dicit
575 793 617 821 se
649 782 864 820 secutum?
899 780 992 820 135.
1027 780 1174 819 Utetur
1204 779 1408 831 exemplis
1438 777 1512 826 iis,
1544 780 1694 834 quibus
1723 780 1834 820 idem
1856 779 1958 820 scri-

151 861 187 887 10
201 853 319 901 ptor,
363 850 455 892 aut,
497 843 531 884 si
561 841 604 882 id
633 855 715 882 non
746 842 926 894 poterit,
970 841 1119 894 quibus
1150 841 1241 887 alii,
1288 843 1401 894 quod
1432 840 1721 894 excipiendum
1751 840 1956 895 putarint,

202 908 453 963 exceperint.
514 906 759 954 Quaerenda
790 905 911 944 ctiam
940 903 1046 944 ratio
1083 909 1169 951 est,
1218 902 1252 943 si
1282 916 1363 957 qua
1392 901 1549 955 poterit
1584 904 1782 952 inveniri,
1826 917 1955 959 quare

200 985 283 1012 non
313 971 364 1011 sit
394 973 633 1022 exceptum:
665 973 735 1008 aut
763 968 906 1020 iniqua
937 965 1004 1008 lex
1035 971 1105 1007 aut
1124 964 1281 1006 inutilis
1301 963 1440 1005 futura
1462 965 1625 1005 dicetur
1644 971 1715 1005 aut
1735 965 1814 1007 alia
1835 980 1958 1008 causa

200 1031 537 1086 obtemperandi,
584 1031 664 1070 alia
694 1029 945 1083 abrogandi;
998 1028 1216 1070 dissentire
1247 1027 1475 1069 adversarii
1504 1041 1650 1069 vocem
1681 1033 1803 1083 atque
1832 1028 1952 1084 legis.

199 1095 359 1136 Deinde
397 1092 670 1148 amplificandi
709 1106 832 1133 causa
870 1093 922 1132 de
961 1090 1257 1132 conservandis
1287 1090 1469 1145 legibus,
1520 1093 1571 1132 de
1601 1091 1788 1146 periculo
1818 1107 1958 1133 rerum

151 1169 185 1196 1⁵
199 1156 454 1213 publicarum
495 1160 616 1210 atque
656 1156 909 1209 privatarum
947 1168 1040 1195 cum
1072 1154 1160 1195 aliis
1190 1153 1290 1195 loeis
1321 1160 1407 1194 tum
1438 1154 1478 1195 in
1510 1155 1746 1207 perorando
1777 1155 1957 1196 maxime

200 1217 382 1274 graviter
412 1216 490 1258 erit
520 1219 867 1272 vehementerque
900 1216 1135 1261 dicendum.
1193 1218 1388 1257 XXXIX.
1435 1219 1528 1258 136.
1577 1216 1650 1258 Ille
1681 1222 1841 1264 autem,
1888 1218 1960 1273 qui

199 1297 243 1322 se
273 1281 475 1322 sententia
504 1279 606 1334 legis
636 1281 931 1334 voluntateque
962 1278 1180 1326 desendet,
1212 1280 1253 1319 in
1284 1280 1458 1320 consilio
1491 1285 1613 1334 atquc
1638 1279 1680 1319 in
1701 1285 1838 1321 mente
1859 1281 1961 1321 scri-

199 1345 353 1398 ptoris,
387 1355 469 1384 non
498 1341 540 1382 in
570 1343 709 1382 verbis
740 1355 786 1382 ac
814 1341 963 1383 litteris
996 1342 1079 1382 vim
1108 1341 1211 1396 legis
1242 1342 1419 1395 positam
1450 1356 1539 1383 esse
1571 1341 1788 1392 defendet3
1829 1341 1961 1398 quod-

200 1420 280 1461 que
311 1403 414 1446 nihil
445 1404 655 1460 exceperit
684 1404 725 1446 in
755 1405 872 1459 lege,
919 1403 1126 1453 laudabit,
1173 1419 1225 1446 ne
1266 1403 1517 1446 deverticula
1554 1406 1731 1460 peccatis
1763 1404 1959 1447 darentur

149 1485 185 1510 20
199 1475 322 1523 atque
351 1474 396 1508 ut
425 1482 477 1508 ex
505 1466 612 1508 facto
643 1469 842 1522 cuiusque
872 1469 1001 1509 iudex
1029 1468 1133 1521 legis
1165 1475 1345 1510 mentem
1376 1468 1737 1522 interpretaretur.
1800 1469 1959 1509 Deinde

200 1531 280 1573 erit
306 1529 503 1572 utendum
535 1531 762 1584 exemplis,
796 1533 837 1572 in
868 1532 1020 1587 quibus
1051 1531 1186 1573 omnis
1217 1533 1403 1586 aequitas
1433 1532 1721 1586 perturbetur,
1755 1531 1789 1571 si
1821 1529 1958 1572 verbis

197 1594 336 1648 legum
367 1608 413 1635 ae
444 1607 526 1634 non
557 1593 770 1634 sententiis
801 1598 1010 1649 pareatur.
1075 1596 1165 1634 137.
1211 1595 1372 1635 Deinde
1411 1607 1540 1648 genus
1572 1594 1776 1635 eiusmodi
1807 1592 1962 1634 callidi-

198 1657 291 1699 tatis
323 1662 363 1698 et
401 1656 629 1698 calumniae
669 1658 911 1698 retrahetur
950 1658 993 1696 in
1029 1655 1172 1698 odium
1215 1656 1363 1698 iudicis
1405 1670 1498 1698 cum
1540 1655 1716 1712 quadam
1756 1655 1962 1697 invidiosa

199 1721 382 1775 querela.
443 1721 493 1760 Et
524 1719 558 1760 si
587 1720 741 1761 incidet
769 1721 1073 1775 imprudentiae
1107 1734 1252 1769 causa,
1300 1734 1406 1776 quae
1445 1733 1530 1760 non
1569 1718 1623 1761 ad
1663 1717 1857 1760 delictum
1888 1719 1962 1759 sed

147 1795 184 1823 25
200 1782 251 1824 ad
281 1795 419 1824 casum
449 1782 787 1825 necessitatemve
818 1784 1050 1838 pertineat,
1099 1785 1212 1838 quod
1251 1796 1380 1837 genus
1419 1781 1557 1836 paullo
1596 1787 1690 1822 ante
1722 1781 1958 1834 attigimus,

200 1844 279 1886 erit
307 1844 453 1886 iisdem
488 1845 708 1901 aequitatis
739 1845 956 1888 sententiis
997 1852 1141 1887 contra
1179 1847 1447 1887 acerbitatem
1478 1847 1705 1887 verborum
1736 1843 1963 1898 deprecan-

200 1906 311 1949 dum.
374 1907 445 1948 Sin
477 1910 625 1964 scripta
654 1909 763 1950 inter
793 1923 837 1950 se
867 1908 1129 1957 dissentient,
1171 1915 1282 1951 tanta
1312 1908 1441 1949 series
1472 1907 1571 1949 artis
1603 1913 1663 1948 est
1695 1913 1735 1949 et
1765 1910 1823 1949 sic
1854 1908 1963 1948 inter

200 1984 243 2011 se
274 1974 367 2011 sunt
395 1969 592 2026 pleraque
625 1985 811 2013 connexa
845 1977 885 2014 et
914 1977 1030 2026 apta,
1062 1976 1128 2019 ut,
1163 1985 1268 2025 quac
1298 1971 1438 2024 paullo
1471 1977 1564 2011 ante
1595 1976 1816 2025 praecepta
1846 1969 1963 2011 dedi-

201 2047 291 2074 mus
322 2033 505 2087 ambigui
536 2047 725 2089 quaeque
755 2036 945 2090 proxime
976 2033 1204 2076 sententiae
1236 2039 1276 2074 et
1301 2033 1465 2089 scripti,
1498 2035 1642 2074 eadem
1665 2032 1715 2074 ad
1737 2032 1815 2074 hoc
1835 2045 1962 2086 genus

152 2114 189 2140 ³0
203 2109 348 2137 causae
378 2097 543 2137 tertium
572 2098 888 2139 transferantur.
953 2100 1047 2139 138.
1081 2099 1183 2138 Nam
1215 2095 1365 2150 quibus
1395 2095 1497 2137 locis
1527 2095 1570 2137 in
1600 2096 1794 2150 ambiguo
1822 2093 1964 2136 defen-

202 2157 334 2199 dimus
366 2171 455 2200 eam
486 2157 854 2213 significationem,
889 2174 994 2216 quae
1026 2174 1101 2201 nos
1127 2158 1315 2207 adiuvat,
1349 2158 1505 2200 eisdem
1535 2160 1577 2199 in
1609 2157 1830 2200 contrariis
1861 2158 1964 2212 legi-

202 2222 278 2261 bus
321 2226 463 2262 nostra
506 2221 575 2263 lex
615 2222 875 2264 defendenda
918 2228 993 2264 est.
1063 2224 1223 2264 Deinde
1269 2227 1330 2263 est
1375 2220 1656 2269 efficiendum,
1705 2227 1752 2262 ut
1794 2221 1963 2262 alterius

202 2284 341 2338 scripti
371 2286 638 2333 sententiam,
672 2287 842 2326 alterius
873 2287 1002 2326 verba
1035 2284 1317 2326 defendamus.
1380 2286 1438 2325 Ita
1461 2298 1567 2339 quae
1589 2285 1714 2325 modo
1735 2285 1786 2325 de
1807 2282 1961 2339 scripto

203 2347 484 2400 sententiaque
515 2354 737 2402 praecepta
767 2353 882 2396 sunt,
916 2350 1062 2389 eadem
1091 2350 1172 2388 huc
1202 2348 1339 2388 omnia
1370 2346 1680 2388 transferemus.

156 2425 191 2452 ³5
314 2411 402 2450 XL.
448 2411 539 2450 139.
590 2411 815 2462 Expositae
854 2416 949 2451 sunt
988 2410 1061 2451 tibi
1103 2424 1246 2451 omnes
1292 2410 1498 2451 oratoriae
1544 2409 1809 2465 partitiones,
1856 2421 1963 2463 quae

205 2472 372 2526 quidem
404 2486 426 2513 e
457 2471 590 2512 media
629 2472 696 2513 illa
735 2479 877 2514 nostra
916 2473 1142 2514 Academia
1182 2472 1477 2521 effloruerunt,
1524 2486 1660 2527 neque
1691 2475 1780 2514 sine
1812 2485 1863 2513 ea
1893 2475 1964 2512 aut

205 2532 380 2573 inveniri
420 2539 489 2574 aut
529 2534 700 2587 intelligi
731 2541 800 2576 aut
830 2536 996 2576 tractari
1029 2542 1214 2590 possunt.
1273 2538 1377 2576 Nam
1412 2541 1452 2576 et
1481 2535 1627 2589 partiri
1656 2535 1790 2590 ipsum
1823 2539 1864 2575 et
1893 2535 1964 2574 de·

205 2593 323 2635 finire
363 2599 402 2635 et
440 2594 624 2650 ambigui
661 2597 907 2650 partitiones
948 2600 1134 2639 dividere
1173 2604 1214 2639 et
1255 2603 1595 2652 argumentorum
1624 2597 1739 2639 locos
1770 2610 1892 2638 nosse
1923 2601 1964 2637 et

208 2658 604 2710 argumentationem
640 2659 770 2713 ipsam
810 2660 1059 2702 concludere
1100 2666 1140 2702 et
1179 2661 1344 2709 videre,
1393 2675 1498 2716 quae
1541 2662 1739 2702 sumenda
1770 2662 1811 2701 in
1842 2673 1964 2712 argu-

160 2735 196 2761 40
210 2721 425 2761 mentando
466 2722 548 2761 sint
586 2722 766 2776 quidque
807 2736 859 2763 ex
888 2723 958 2769 iis,
1007 2737 1111 2777 quae
1142 2730 1305 2778 sumpta
1336 2729 1454 2772 sunt,
1508 2722 1712 2764 efficiatur
1742 2728 1781 2763 et
1810 2735 1911 2764 vera
1939 2735 1963 2762 a

210 2778 341 2829 falsis,
374 2783 462 2823 veri
492 2782 642 2823 similia
672 2785 722 2824 ab
754 2783 1070 2827 incredibilibus
1101 2785 1327 2828 diiudicare
1360 2792 1401 2828 et
1430 2786 1682 2841 distinguere
1703 2791 1743 2827 et
1764 2790 1834 2826 aut
1856 2784 1962 2826 male

210 2897 1965 2913 Ἣ

303 2981 337 3012 2.
364 2982 427 3014 Vv.
448 2983 546 3015 aliud
565 2986 707 3017 sensisse
726 2988 889 3026 expunxit
908 2987 1104 3020 Schutzius.
1123 3004 1164 3012 —
1191 2990 1247 3021 17.
1276 2988 1427 3028 defendit
1446 2989 1488 3020 R.
1508 3004 1547 3010 -
1576 2988 1631 3020 18.
1659 2993 1764 3028 atque
1782 2987 1906 3019 litterts
1918 2986 1962 3019 R.

212 3041 255 3049 —-
281 3027 338 3059 23.
364 3031 560 3062 retrahatur
584 3032 631 3070 V,
658 3032 778 3064 Lamb.
806 3034 1012 3066 Schutzius:
1041 3037 1246 3069 retrahatur
1272 3037 1331 3067 RE
1348 3059 1356 3072 .
1386 3037 1548 3067 trahatur
1573 3035 1613 3066 Y.
1647 3052 1682 3057 —
1712 3035 1768 3066 29,
1795 3035 1964 3074 proxima

212 3073 262 3110 V.
287 3077 445 3113 prooeime
471 3086 537 3108 om·
565 3079 606 3110 R.
637 3095 675 3101 —
702 3080 758 3112 30.
786 3081 985 3122 reserantur
1009 3082 1081 3113 RV.
1121 3100 1163 3106 —
1204 3083 1261 3114 36.
1288 3082 1515 3124 effloruerunt
1544 3082 1728 3122 proposuit
1755 3081 1956 3113 Ernestius:

213 3119 387 3161 effloruere
413 3122 439 3152 Y
465 3127 548 3155 teste
574 3127 702 3159 Bruto,
743 3125 936 3168 floruerunt
962 3129 1076 3167 RVE,
1113 3129 1293 3170 fluxerunt
1319 3129 1440 3160 Lamb.
1488 3146 1523 3151 —
1569 3128 1624 3160 38.
1654 3127 1822 3169 ambiyui]
1858 3126 1964 3166 ‘17'92‘2'

213 3166 295 3205 YV,
323 3176 467 3208 aryuere
492 3169 532 3200 R·
561 3186 599 3193 —
623 3176 740 3211 partes
766 3173 947 3205 Schutzius
974 3176 1066 3206 coni.
1095 3176 1222 3208 Verum
1250 3179 1353 3208 etiam
1381 3173 1418 3215 δ.
1446 3176 1553 3207 110.:
1590 3175 1743 3216 partitio
1768 3191 1782 3196 -
1807 3190 1820 3196 -
1845 3173 1963 3204 distri-

214 3213 299 3244 buta
323 3218 385 3245 esc.
414 3230 454 3237 ·—
481 3215 537 3246 39.
565 3218 735 3251 includere
763 3220 801 3250 Y.
838 3219 907 3251 Sed
934 3220 995 3252 cfr.
1022 3221 1060 3260 ς.
1089 3223 1143 3255 14.
1174 3239 1213 3246 -
1250 3224 1307 3257 41.
1336 3231 1376 3256 ac
1403 3222 1484 3254 disc.
1512 3222 1554 3255 V.
1592 3238 1634 3245 --
1675 3225 1705 3255 et
1730 3225 1794 3253 aut
1817 3219 1907 3253 male
1931 3219 1962 3251 R

213 3259 367 3302 aliique:
395 3265 427 3294 et
452 3262 540 3296 male
565 3263 618 3305 V,
645 3270 706 3299 auc
729 3267 818 3299 male
844 3264 926 3308 (om.
953 3266 998 3310 ec)
1023 3269 1065 3301 E.
