2117 3762
779 287 823 328 C.
857 288 924 328 57.
959 288 1026 329 58.
1059 289 1127 328 50.
1739 288 1818 329 377

73 395 292 452 aliquando
322 394 477 452 aliquid
509 396 563 436 ita
593 392 750 440 dicere,
792 398 838 434 ut
869 395 944 435 sibi
975 393 1063 450 ipse
1094 407 1176 436 non
1208 394 1446 439 conveniat,
1493 395 1645 446 quanto
1676 390 1821 432 diffici-

72 459 152 502 lius
182 472 355 508 cavere‚
389 474 439 500 ne
471 457 570 513 quid
599 459 731 502 dicas,
770 459 879 510 quod
913 471 993 498 nou
1025 456 1241 497 conveniat
1271 455 1360 497 eius
1391 453 1592 501 orationi,
1627 453 1697 507 qui
1728 460 1820 493 ante

73 527 114 563 te
143 520 320 563 dixerit?
357 523 437 563 Sed
468 521 565 576 quia
594 525 634 560 ct
664 518 782 559 labor
812 518 938 559 multo
973 521 1103 560 maior
1133 525 1193 560 est
1224 525 1349 560 totam
1382 530 1545 558 causam
1576 528 1696 570 quam
1730 528 1821 569 par-

73 591 157 626 tem
197 583 337 626 dicere
379 591 419 626 et
459 585 553 638 quia
590 581 729 636 plures
761 582 954 623 ineuntur
984 585 1159 637 gratiae,
1207 584 1239 623 si
1271 596 1352 623 uuo
1385 587 1573 634 tempore
1604 577 1715 619 dicas
1745 589 1821 632 pro

72 645 279 703 pluribus,
311 648 465 688 idcirco
497 648 600 686 lianc
634 646 972 686 consuetudinem
1005 645 1193 686 lubenter
1223 644 1484 685 adscivimus.
1839 650 1853 677 ⁵

188 710 326 753 LVllI.
358 711 453 751 210.
486 709 611 748 Erant
633 712 789 753 tamen,
822 709 970 762 quibus
996 708 1207 749 videretur
1227 707 1336 748 illius
1357 705 1498 747 aetatis
1520 704 1663 745 tertius
1684 701 1822 749 Curio,

75 772 170 829 quia
200 769 551 826 splendidioribus
582 768 754 810 sortasse
786 771 924 811 verbis
954 772 1148 811 utebatur
1178 775 1218 810 et
1248 768 1342 824 quia
1372 770 1515 809 Latine
1547 780 1628 807 non
1650 765 1825 821 pessime

74 833 343 891 loquebatur,
368 846 465 879 usu,
493 831 642 879 credo,
675 832 813 887 aliquo
835 834 1089 881 domestico;
1123 845 1215 872 nam
1237 831 1462 872 litterarum
1485 830 1706 870 admodum
1725 826 1825 868 nihil

75 895 242 940 sciebat.
304 896 384 936 Sed
422 896 559 948 magni
597 896 786 941 interest,
832 908 936 950 quos
967 896 1140 950 quisque
1171 892 1308 934 audiat
1338 891 1521 946 quotidie
1552 890 1688 939 domi,
1736 890 1826 944 qui-

74 962 245 1001 buscum
283 957 477 1012 loquatur
513 970 534 997 a
574 970 727 1009 puero,
777 959 1125 1013 quemadmodum
1163 962 1321 1010 patres,
1373 953 1624 1009 paedagogi,
1677 958 1876 994 matresw

20 1025 26 1031 '
75 1023 198 1063 etiam
228 1021 464 1075 loquantur.
525 1021 621 1059 211.
651 1018 845 1072 Legimus
876 1018 1069 1072 epistolas
1092 1017 1327 1064 Corneliae,
1360 1016 1499 1058 matris
1523 1014 1824 1057 Gracchorum:

73 1087 246 1138 apparet
288 1080 398 1122 filios
439 1093 521 1121 non
561 1087 643 1122 tam
680 1083 721 1122 in
759 1081 918 1135 gremio
959 1081 1154 1122 educatos
1194 1094 1315 1136 quam
1356 1079 1395 1120 in
1435 1091 1625 1119 sermone
1667 1077 1824 1118 matris.

72 1143 246 1188 Auditus
278 1149 339 1184 est
368 1142 487 1184 nobis
516 1143 702 1192 Laeliae,
750 1146 794 1186 C.
823 1146 886 1191 F.‚
932 1156 1054 1198 saepe
1095 1156 1246 1184 sermo.
1307 1145 1417 1196 Ergo
1450 1142 1559 1183 illam
1590 1142 1718 1196 patris
1749 1139 1831 1180 ele-

73 1206 211 1261 gantia
241 1205 409 1247 tinctam
441 1205 617 1248 vidimus
648 1213 689 1248 et
718 1204 820 1247 filias
851 1208 937 1248 eius
967 1207 1122 1247 Mucias
1152 1204 1316 1253 ambas,
1353 1218 1527 1260 quarum
1558 1216 1694 1245 sermo
1725 1200 1827 1244 mihi

71 1269 150 1313 fuit
179 1275 320 1316 notus,
353 1274 393 1310 et
423 1276 566 1324 neptes
597 1269 795 1318 Licinias,
838 1283 939 1323 quas
970 1282 1046 1310 nos
1076 1267 1242 1322 quidem
1274 1270 1434 1315 ambas,
1477 1269 1582 1308 hanc
1612 1279 1713 1307 vero
1746 1264 1878 1306 Sci-13

72 1331 209 1388 pionis
240 1331 360 1372 etiam
392 1337 453 1382 tu,
484 1334 631 1379 Brute,
664 1333 813 1379 credo,
848 1331 1068 1386 aliquando
1101 1330 1250 1372 audisti
1282 1331 1532 1386 loquentem.
1590 1331 1678 1383 Ego
1710 1339 1827 1375 ver0,

74 1407 122 1435 ac
149 1392 341 1435 lubenter
371 1393 562 1448 quidem,
595 1395 728 1450 inquit
758 1397 927 1444 Brutus3
962 1402 1001 1435 et
1033 1407 1083 1434 eo
1114 1392 1343 1441 lubentius,
1375 1391 1485 1448 quod
1515 1394 1558 1435 L.
1579 1390 1716 1433 Crassi
1740 1394 1829 1431 erat

72 1455 170 1498 filia.
232 1458 327 1497 212.
363 1458 472 1506 Quid
495 1457 710 1505 Crassum,
744 1458 936 1512 inquam,
970 1456 1086 1498 illum
1117 1469 1280 1511 censes,
1314 1455 1430 1497 istius
1462 1453 1646 1495 Liciniae
1676 1451 1826 1499 filium,

76 1521 211 1562 Crassi
242 1524 486 1562 testamento
518 1519 587 1575 qui
616 1519 691 1561 fuit
721 1522 967 1573 adoptatus?
1000 1520 1168 1560 Summo
1199 1519 1276 1560 iste
1308 1517 1472 1573 quidem
1495 1518 1645 1558 dicitur
1664 1516 1830 1569 ingenio

73 1582 222 1631 fuisse,
268 1581 421 1636 inquit3
474 1588 515 1623 et
543 1595 649 1624 vero
679 1584 747 1623 hic
779 1582 945 1637 Scipio,
991 1581 1150 1635 collega
1192 1594 1331 1629 meus,
1382 1581 1484 1621 mihi
1525 1592 1622 1620 sane
1652 1577 1758 1620 bene
1789 1581 1830 1618 et
1846 1589 1882 1616 20

73 1644 188 1701 loqui
218 1643 383 1686 videtur
412 1650 453 1686 et
483 1646 634 1689 dicere.
691 1649 838 1693 Recte,
871 1645 1065 1700 inquam,
1103 1646 1278 1691 iudicas,
1321 1645 1460 1684 Brute.
1519 1642 1682 1682 Etenim
1713 1639 1831 1681 istius

75 1721 204 1761 genus
236 1712 297 1747 est
326 1721 377 1747 ex
406 1706 534 1762 ipsius
565 1709 789 1763 sapientiae
820 1706 945 1762 stirpe
978 1713 1230 1761 generatum.
1290 1708 1393 1746 Nam
1425 1711 1465 1746 et
1490 1706 1540 1746 de
1563 1703 1725 1746 duobus
1747 1703 1832 1744 avis

74 1771 155 1810 iam
178 1767 381 1817 diximus,
417 1769 611 1822 Scipione
633 1776 672 1811 et
695 1773 863 1821 Crasso;
898 1772 1009 1811 etde
1041 1769 1173 1811 tribus
1204 1770 1393 1824 proavis,
1427 1769 1477 1817 Q.
1501 1766 1686 1814 Metello,
1717 1767 1834 1807 cuius

76 1836 271 1886 quattuor
311 1830 408 1880 lilii3
460 1833 503 1876 P.
533 1834 750 1886 Scipione,
802 1835 872 1887 qui
911 1847 963 1874 ex
1003 1831 1215 1873 dominatu
1255 1832 1317 1872 Ti.
1357 1831 1530 1872 Gracchi
1570 1828 1753 1882 privatus
1789 1827 1834 1869 in

73 1893 305 1935 libertatem
328 1908 415 1935 rem
437 1896 647 1948 publicam
679 1895 924 1943 vindicavit,
959 1896 1010 1944 Q.
1037 1894 1232 1936 Scaevola
1263 1906 1441 1948 augure,
1472 1891 1541 1947 qui
1563 1891 1833 1947 peritissimus
1847 1907 1882 1932 25

73 1955 176 1997 iuris
206 1954 400 2012 idemque
432 1959 638 2010 percomis
671 1964 732 1999 est
760 1957 938 1999 habitus.
999 1960 1095 1998 213.
1130 1959 1214 1998 Iam
1245 1955 1423 1998 duorum
1453 1957 1678 1996 abavorum
1709 1967 1847 2008 quam,

75 2024 139 2061 est
166 2017 326 2060 illustre
357 2031 530 2067 nomen,
571 2022 616 2060 P.
644 2019 872 2075 Scipionis,
916 2020 984 2074 qui
1016 2022 1080 2061 bis
1111 2019 1253 2061 consul
1282 2018 1380 2066 suit,
1422 2019 1492 2072 qui
1524 2023 1584 2059 est
1616 2016 1837 2058 Corculum

75 2082 231 2130 dictus,
275 2081 444 2123 alterius
475 2083 659 2124 omnium
691 2083 1004 2137 sapientissimi,
1047 2085 1089 2124 C.
1111 2082 1262 2123 Laelii!
1313 2082 1346 2122 O
1377 2093 1648 2134 generosam,
1681 2078 1835 2133 inquit,

75 2145 249 2200 stirpem
280 2150 320 2186 et
349 2149 557 2199 tamquam
587 2144 631 2186 in
660 2159 783 2186 unam
814 2148 1011 2187 arborem
1031 2144 1147 2200 plura
1169 2158 1348 2198 genera,
1383 2142 1503 2184 sicin
1525 2142 1642 2182 istam
1666 2142 1836 2182 domum

75 2207 299 2249 multorum
340 2207 503 2248 insitam
544 2213 667 2262 atque
705 2208 903 2261 illigatam
935 2208 1196 2262 sapientiam!
1249 2208 1354 2247 LIX.
1387 2204 1583 2246 Similiter
1612 2204 1737 2258 igitur
1767 2217 1836 2244 su·
1850 2218 1886 2244 30

76 2271 232 2325 spicer,
263 2275 307 2310 ut
338 2268 600 2310 conseramus
630 2283 757 2325 parva
788 2271 970 2323 magnis,
1005 2271 1217 2318 Curionis,
1250 2269 1325 2310 etsi
1354 2267 1532 2323 pupillus
1562 2267 1730 2307 relictus
1762 2271 1834 2310 est,

73 2331 210 2387 patrio
248 2329 377 2372 fuisse
416 2330 603 2372 instituto
642 2346 748 2385 puro
790 2345 981 2374 sermone
1011 2330 1284 2373 assuefactam
1315 2332 1507 2372 domum:
1559 2333 1599 2369 et
1629 2341 1678 2369 eo
1708 2327 1836 2382 magis

75 2394 154 2437 hoc
183 2394 346 2442 iudico,
393 2395 504 2447 quod
543 2395 750 2435 neminem
790 2409 843 2435 ex
883 2394 934 2435 iis
965 2393 1149 2449 quidem,
1197 2396 1266 2448 qui
1299 2393 1437 2449 aliquo
1468 2391 1510 2433 in
1540 2404 1715 2433 numero
1746 2389 1834 2431 sue-

74 2462 195 2505 runt,
249 2455 425 2509 cognovi
456 2456 497 2495 in
528 2456 642 2498 omni
674 2470 825 2509 genere
857 2456 1123 2498 honestarum
1154 2456 1306 2498 artium
1346 2462 1426 2497 tam
1467 2456 1703 2501 indoctum,
1754 2459 1836 2494 tam

75 2518 237 2562 rudem.
300 2518 396 2558 215..
447 2518 614 2560 Nullum
657 2519 725 2560 ille
763 2525 927 2574 poetam
968 2525 1164 2567 noverat,
1215 2518 1373 2560 nullum
1413 2517 1569 2570 legerat
1599 2522 1885 2562 oratorem,³⁵

76 2582 230 2625 nullam
262 2581 505 2622 memoriam
537 2581 791 2634 antiquitatis
822 2583 1070 2636 collegerat3
1123 2595 1204 2622 non
1237 2579 1446 2634 publicum
1476 2581 1559 2627 ius,
1591 2593 1674 2619 non
1703 2577 1840 2632 priva-

76 2652 164 2688 tum
195 2650 235 2686 et
263 2641 384 2684 civile
415 2650 691 2697 cognoverat:
744 2657 990 2700 quamquam
1033 2645 1075 2684 id
1113 2645 1280 2697 quidem
1318 2642 1397 2683 suit
1437 2643 1559 2683 etiam
1599 2642 1639 2681 in
1676 2639 1765 2681 aliis
1796 2643 1837 2679 et

76 2707 236 2763 magnis
266 2707 434 2762 quidem
466 2706 725 2755 oratoribus,
777 2720 881 2763 quos
920 2720 1068 2762 parum
1099 2706 1162 2747 his
1192 2707 1412 2747 instructos
1443 2703 1600 2745 artibus
1630 2701 1828 2748 vidimus,

77 2777 123 2813 ut
153 2772 410 2826 Sulpicium,
458 2777 504 2812 ut
533 2769 772 2811 Antonium.
835 2771 914 2810 Sed
947 2770 984 2809 ei
1016 2775 1152 2809 tamen
1190 2782 1318 2809 unum
1358 2767 1459 2808 illud
1495 2763 1726 2812 habebant,
1777 2762 1838 2804 di-

79 2834 197 2875 cendi
229 2847 335 2886 opus
367 2836 647 2882 elaboratum;
681 2834 804 2887 idque
835 2846 928 2872 cum
959 2835 1166 2872 constaret
1198 2844 1249 2870 ex
1279 2831 1463 2886 quinque
1493 2825 1716 2868 notissimis
1741 2838 1836 2880 par·
1851 2843 1887 2869 40

77 2893 207 2943 tibus,
238 2909 361 2937 nemo
393 2899 435 2938 in
464 2896 601 2950 aliqua
630 2901 746 2950 parte
777 2907 919 2935 earum
952 2893 1122 2934 omnino
1153 2892 1252 2933 nihil
1284 2897 1461 2947 poterat.
1523 2892 1567 2930 In
1589 2901 1833 2942 quacunque

79 2958 188 3000 enim
233 2971 314 3000 una
353 2958 473 3013 plane
513 2956 745 3005 clauderet,
798 2961 942 2997 orator
981 2969 1070 2996 esse
1105 2969 1187 2996 non
1225 2960 1378 3010 posset.
1442 2954 1536 2994 215.
1589 2952 1670 2992 Sed
1701 2955 1837 2991 tamen

170 3092 228 3124 26.
253 3089 434 3132 percomis]
459 3097 633 3131 patronus
660 3092 702 3125 R.
733 3108 770 3114 -
799 3090 854 3122 30.
883 3090 1057 3130 illiqatam
1083 3089 1241 3120 dedimus
1268 3093 1406 3120 auctore
1434 3086 1607 3118 Ernestio.
1629 3083 1698 3117 Cfr.
1718 3083 1838 3116 Furla-

79 3143 196 3171 nettus
224 3140 257 3170 in
284 3138 429 3170 Fon-cell.
450 3147 482 3170 v.
508 3139 738 3169 illiminatus:
780 3138 1015 3168 illuminatam
1042 3144 1118 3166 cum
1157 3134 1266 3166 Codd.
1296 3135 1469 3173 plerisque
1497 3132 1576 3168 RE.
1613 3131 1838 3162 illiminatam

79 3187 141 3227 Lg.
170 3185 227 3219 68.
255 3185 397 3222 Lamb.‚
437 3186 656 3216 inoculatam
681 3185 762 3216 Sch.
791 3183 1013 3222 (instillatam
1038 3180 1267 3221 Bernhardy.)
1309 3181 1368 3211 Vv-
1396 3184 1503 3219 atque
1526 3179 1762 3210 illuminatam
1787 3186 1839 3209 se-

81 3234 184 3265 clusit
211 3232 359 3263 Ellendt.
390 3246 426 3252 —
462 3230 519 3262 33.
548 3231 599 3261 his
625 3239 701 3262 cum
728 3231 789 3271 Lg.
819 3235 953 3269 praeter
978 3229 1034 3259 ⁴20.
1056 3228 1112 3260 35.
1132 3230 1188 3260 56.
1220 3227 1369 3259 Ellendt.
1400 3241 1438 3248 --
1477 3226 1534 3258 35.
1559 3222 1720 3265 noverat}
1746 3224 1839 3255 vide-

79 3284 139 3312 rat
162 3279 205 3311 D.
234 3278 300 3311 Gu.
325 3280 358 3309 1.
398 3292 443 3299 —
484 3276 540 3308 37.
566 3275 618 3316 id]
651 3277 704 3308 hic
742 3278 801 3317 Lg.
829 3284 948 3308 omnes
976 3279 1010 3305 et
1035 3274 1120 3306 Ven.
1150 3276 1205 3309 1..
1244 3274 1306 3304 hoc
1341 3280 1429 3303 corr.
1465 3272 1525 3314 Lg.
1552 3272 1610 3303 20.
1639 3271 1697 3303 56.
1725 3269 1766 3301 Τ.
1797 3286 1833 3292 -

80 3325 137 3359 39.
165 3327 196 3357 ei
220 3325 262 3356 D.
292 3325 359 3356 Gu.
387 3324 420 3355 1.
450 3323 510 3364 Lg.
539 3332 657 3354 omnes
691 3328 827 3362 praeter
859 3324 917 3354 20.
945 3321 1000 3352 68.
1033 3321 1114 3354 70..
1151 3322 1209 3360 qui
1237 3324 1274 3351 ut
1300 3319 1381 3350 RE:
1418 3319 1457 3350 ii.
1494 3334 1534 3342 —
1573 3319 1631 3351 42.
1666 3316 1839 3350 clauderet

81 3380 159 3406 cum
184 3372 228 3404 D.
258 3371 323 3405 Gu.
351 3371 382 3403 1.
411 3369 444 3402 2.
471 3370 553 3411 Lag.
581 3370 614 3402 8.
639 3370 694 3402 51.
721 3370 780 3402 70.
809 3378 894 3402 nos:
923 3368 1132 3400 claudicaret
1159 3375 1238 3399 cum
1264 3365 1339 3399 allis
1362 3365 1433 3398 RE.
