2117 3762
739 274 781 315 C.
811 274 879 315 37.
908 274 975 315 38.
1007 276 1074 317 30.
1104 275 1172 316 40.
1748 284 1828 325 365

82 394 204 436 quam
232 379 409 422 Antonio
441 384 595 421 tantum
627 379 790 426 tribuo,
841 385 1036 434 quantum
1068 395 1191 434 supra
1221 383 1330 430 dixi,
1379 387 1515 425 tamen
1547 385 1695 427 Crasso
1725 387 1828 431 nihil

82 449 216 485 statuo
246 441 333 483 lieri
364 441 545 497 potuisse
577 438 810 494 perfectius.
870 442 965 482 Erat
995 456 1155 484 summa
1185 446 1384 498 gravitas3
1433 452 1522 487 erat
1563 459 1655 489 cum
1696 452 1830 502 gravi-

81 510 163 546 tate
204 505 365 545 iunctus
404 502 640 544 facetiarum
682 506 723 542 et
766 502 1010 543 urbanitatis
1053 507 1280 555 oratorius,
1331 520 1413 548 non
1458 508 1643 550 scurrilis
1687 509 1826 566 lepos;

81 568 223 608 Latine
253 565 445 622 loquendi
476 570 664 606 accurata
691 568 731 604 et
754 565 840 605 sinc
862 565 1048 607 molestia
1069 566 1242 621 diligens
1264 570 1465 623 elegantia
1484 585 1495 620 ;
1527 572 1569 612 in
1590 572 1830 614 disserendo

81 630 185 670 mira
215 628 454 682 explicatio;
501 641 594 668 cum
626 627 677 666 dc
708 625 797 666 iure
838 627 968 674 civili,
1013 641 1106 669 cum
1139 632 1189 671 de
1219 644 1353 684 aequo
1386 637 1425 672 ct
1454 633 1566 675 bono
1597 636 1861 690 disputare-⁵

82 698 171 740 tur,
219 695 557 746 argumentorum
603 694 643 729 ct
681 687 989 730 similitudinum
1035 690 1166 745 copia.
1235 694 1428 738 xxxlx.
1471 696 1563 737 144.
1619 698 1742 746 Nam,
1788 702 1833 738 ut

80 756 280 796 Antonius
320 751 559 795 coniectura
598 753 802 792 movenda
842 758 913 792 aut
943 753 1123 793 sedanda
1153 754 1390 807 suspicione
1420 762 1493 796 aut
1523 757 1742 800 excitanda
1770 758 1834 800 in-

81 815 320 859 credibilem
347 816 430 857 vim
459 814 662 861 habebat,
705 814 762 854 sic
794 815 834 854 in
866 814 1204 868 interpretando,
1256 817 1297 857 in
1328 815 1586 868 deliniendo,
1630 821 1671 861 in
1703 821 1834 875 expli-

80 879 206 921 canda
236 878 440 934 aequitate
470 875 572 916 nihil
602 882 691 917 erat
721 878 868 918 Crasso
900 877 1132 931 copiosius:
1167 879 1291 933 idque
1322 893 1414 919 cum
1447 894 1571 934 saepe
1593 883 1713 931 alias,
1745 891 1831 926 tum

80 942 190 995 apud
221 940 499 982 centumviros
530 938 571 979 in
601 941 666 983 Μ’.
700 938 812 979 Curii
843 952 967 980 causa
997 940 1207 993 cognitum
1229 945 1305 980 cst.
1370 943 1460 983 145.
1491 944 1550 984 lta
1573 946 1682 986 enim
1703 948 1882 990 multam

80 1011 165 1046 tum
195 1007 338 1044 contra
367 999 565 1055 scriptum
598 1015 673 1053 pro
705 1014 838 1056 aequo
870 1006 911 1041 et
939 1002 1050 1041 bono
1083 1002 1207 1050 dixit,
1237 1007 1283 1043 ut
1310 1005 1520 1046 hominem
1546 1008 1828 1050 acutissimum

80 1065 131 1114 Q.
164 1061 402 1106 Scaevolam
443 1068 482 1103 et
517 1064 558 1102 in
596 1063 710 1111 iure,
761 1064 802 1103 in
842 1075 925 1116 quo
963 1061 1034 1103 illa
1063 1077 1182 1104 causa
1213 1066 1472 1114 vertebatur,
1525 1071 1830 1123 paratissimum

78 1128 275 1168 obrueret
313 1131 649 1179 argumentorum
695 1124 1066 1180 exemplorumque
1111 1127 1252 1181 copia;
1299 1133 1422 1182 atque
1462 1130 1516 1171 ita
1558 1137 1644 1173 tum
1684 1132 1735 1174 ab
1766 1132 1830 1175 his

76 1187 260 1244 patronis
289 1185 528 1242 aequalibus
559 1192 600 1228 et
630 1189 710 1228 iam
741 1186 1024 1228 consularibus
1055 1201 1176 1229 causa
1204 1188 1274 1230 illa
1293 1191 1400 1231 dicta
1421 1197 1501 1241 est,
1533 1206 1627 1236 cum
1649 1201 1828 1251 uterque

79 1263 132 1292 ex
162 1250 367 1291 contraria
397 1255 512 1305 parte
541 1248 605 1291 ius
634 1249 753 1291 civile
783 1248 1046 1298 defenderet,
1094 1256 1139 1292 ut
1178 1251 1463 1307 eloquentium
1494 1255 1596 1297 iuris
1627 1260 1880 1312 peritissi-is

78 1326 169 1354 mus
201 1314 393 1361 Crassus,
440 1311 543 1353 iuris
583 1313 811 1367 peritorum
845 1311 1210 1367 eloquentissimus
1241 1316 1436 1358 Scaevola
1467 1324 1707 1371 putaretur:
1759 1323 1830 1376 qui

78 1373 246 1430 quidem
277 1387 368 1415 cum
399 1379 617 1428 peracutus
649 1380 758 1415 esset
786 1376 837 1415 ad
867 1374 1208 1430 excogitandum,
1242 1379 1342 1433 quid
1372 1378 1415 1419 in
1435 1380 1527 1421 iure
1547 1382 1676 1423 autin
1696 1396 1829 1437 aequo

76 1450 224 1479 verum
263 1442 334 1477 aut
377 1442 486 1478 esset
530 1441 601 1477 aut
639 1449 724 1477 non
763 1442 888 1485 esset,
934 1443 1020 1479 tum
1061 1439 1201 1480 verbis
1232 1445 1322 1481 erat
1350 1442 1400 1482 ad
1430 1455 1517 1483 rem
1547 1457 1641 1485 cum
1671 1458 1833 1487 summa

77 1501 278 1541 brevitate
309 1498 554 1541 mirabiliter
585 1503 716 1553 aptus.
778 1501 871 1540 146.
920 1500 1059 1549 Quare
1097 1502 1149 1542 sit
1185 1500 1305 1543 nobis
1344 1509 1487 1546 orator
1524 1506 1566 1547 in
1596 1507 1677 1548 hoc
1706 1507 1834 1550 inter-

76 1564 293 1618 pretandi,
345 1561 611 1616 explanandi,
663 1560 918 1602 edisserendi
946 1575 1098 1616 genere
1128 1563 1357 1614 mirabilis,
1407 1567 1466 1607 sic
1496 1574 1540 1609 ut
1569 1568 1702 1611 simile
1733 1570 1833 1612 nihil
1847 1587 1883 1613 20

77 1626 252 1667 viderim
263 1639 274 1676 ;
319 1625 361 1666 in
391 1625 608 1678 augendo,
649 1622 691 1664 in
723 1627 930 1673 ornando,
962 1624 1005 1666 in
1035 1626 1266 1668 refellendo
1297 1628 1428 1683 magis
1458 1630 1718 1674 existimator
1748 1647 1833 1675 me-

78 1686 254 1729 tuendus
296 1701 418 1743 quam
456 1685 719 1728 admirandus
750 1693 906 1729 orator.
962 1689 1049 1729 XL.
1084 1690 1177 1730 147.
1219 1690 1373 1731 Verum
1404 1693 1455 1732 ad
1483 1693 1673 1736 Crassum
1693 1709 1836 1738 rever-

78 1755 226 1791 tamur.
284 1751 389 1791 Tum
418 1751 589 1796 Brutus,
634 1750 719 1790 Etsi
751 1751 865 1798 satis,
907 1749 1064 1805 inquit,
1103 1750 1204 1793 mihi
1234 1751 1406 1795 videbar
1434 1755 1591 1798 habere
1623 1759 1832 1812 cognitum

79 1813 319 1854 Scaevolam
350 1827 403 1853 ex
433 1812 482 1852 iis
512 1814 661 1859 rebus,
692 1825 792 1867 quas
823 1814 1042 1853 audiebam
1071 1827 1194 1869 saepe
1225 1828 1277 1855 ex
1308 1817 1351 1857 C.
1377 1817 1548 1866 Rutilio,
1580 1832 1661 1874 quo
1684 1819 1833 1862 utebar

76 1880 250 1930 propter
291 1873 609 1916 familiaritatem
649 1874 871 1916 Scaevolae
917 1876 1071 1923 nostri,
1117 1882 1253 1917 tamen
1289 1877 1369 1919 ista
1410 1880 1511 1919 mihi
1551 1882 1640 1922 eius
1671 1882 1833 1924 dicendi
1847 1897 1883 1925 2⁵

78 1942 189 1978 tanta
230 1938 319 1979 laus
356 1942 454 1978 nota
491 1949 575 1978 non
615 1941 714 1977 erat.
776 1939 921 1992 Itaque
951 1939 1042 1993 cepi
1074 1938 1330 1993 voluptatem
1361 1946 1444 1983 tam
1477 1949 1668 1985 ornatum
1697 1944 1833 1987 virum

76 2004 244 2054 tamque
274 1999 479 2041 excellens
509 2000 720 2053 ingenium
750 1998 878 2041 fuisse
907 2001 951 2040 in
980 2006 1119 2042 nostra
1157 2016 1202 2043 re
1240 2002 1417 2056 publica.
1479 2007 1570 2047 148.
1615 2008 1692 2048 Hic
1733 2020 1833 2061 ego,

76 2060 190 2111 Noli,
230 2063 420 2119 inquam,
464 2064 612 2110 Brute,
658 2061 894 2103 existimare
923 2061 987 2103 his
1017 2062 1180 2105 duobus
1211 2066 1437 2120 quidquam
1467 2065 1593 2109 fuisse
1622 2070 1665 2110 in
1695 2075 1836 2111 nostra

77 2123 244 2166 civitate
285 2121 575 2178 praestantius,
633 2126 764 2173 Nam,
811 2130 856 2166 ut
894 2124 1032 2180 paullo
1073 2132 1167 2168 ante
1207 2126 1292 2168 dixi
1333 2128 1618 2171 consultorum
1658 2133 1838 2174 alterum

78 2185 415 2236 disertissimum,
446 2186 700 2228 disertorum
732 2185 907 2228 alterum
940 2188 1291 2230 consultissimum
1320 2191 1466 2238 fuisse,
1505 2191 1564 2233 sic
1593 2194 1635 2234 in
1665 2193 1836 2249 reliquis
1851 2211 1886 2237 ³0

77 2248 204 2292 rebus
246 2249 304 2291 ita
348 2249 566 2291 dissimiles
612 2255 732 2290 erant
770 2250 878 2291 inter
919 2264 1032 2300 sese,
1078 2257 1260 2294 statuere
1301 2259 1348 2295 ut
1387 2260 1524 2296 tamen
1553 2269 1637 2296 non
1666 2269 1834 2311 posses,

80 2313 214 2353 utrius
245 2317 285 2353 te
315 2311 458 2353 malles
488 2310 745 2353 similiorem.
808 2314 976 2354 Crassus
1008 2318 1099 2355 crat
1126 2314 1376 2369 elegantium
1396 2316 1683 2372 parcissimus,
1717 2321 1838 2360 Scae-

78 2374 173 2417 vola
200 2387 422 2430 parcorum
454 2373 807 2428 elegantissimus:
844 2377 1013 2417 Crassus
1043 2377 1086 2416 in
1117 2391 1277 2419 summa
1298 2379 1491 2420 comitate
1511 2378 1690 2421 habebat
1711 2381 1836 2421 etiam

79 2438 308 2479 severitatis
329 2437 454 2485 satis,
489 2436 712 2479 Scaevolae
732 2438 860 2479 multa
879 2437 922 2479 in
941 2439 1162 2481 severitate
1192 2454 1277 2482 non
1307 2442 1451 2482 deerat
1479 2447 1615 2484 tamen
1647 2444 1832 2484 comitas.

81 2501 173 2541 149.
203 2498 319 2540 Licet
347 2500 487 2540 omnia
514 2501 593 2540 hoc
623 2502 774 2540 modo:
828 2502 900 2542 sed
939 2514 1112 2550 vereor,
1158 2516 1209 2543 ne
1240 2501 1339 2558 fingi
1370 2503 1589 2546 videantur
1617 2506 1744 2554 haec,
1791 2508 1836 2545 ut
1850 2520 1886 2548 ³5

79 2561 265 2604 dicantur
302 2575 326 2604 a
362 2575 428 2604 me
470 2563 649 2616 quodam
690 2563 841 2613 modo;
887 2577 955 2605 res
995 2570 1133 2605 tamen
1174 2566 1232 2606 sic
1271 2580 1316 2608 se
1356 2565 1495 2608 hahet.
1558 2569 1658 2610 Cum
1697 2556 1833 2609 (imnis

79 2626 209 2667 virtus
240 2624 316 2675 sit,
349 2631 394 2666 ut
423 2632 582 2674 vestra,
613 2627 758 2674 Brute,
789 2631 908 2667 vetus
937 2626 1159 2668 Academia
1183 2626 1309 2677 dixit,
1339 2628 1629 2679 mediocritas,
1661 2635 1835 2684 uterque

80 2688 232 2730 horum
276 2687 457 2730 medium
497 2686 692 2742 quiddam
730 2689 896 2729 volebat
936 2690 1078 2745 sequi:
1130 2691 1204 2731 sed
1243 2690 1301 2732 ita
1339 2690 1533 2740 cadebat,
1581 2697 1626 2732 ut
1654 2691 1755 2732 alter
1785 2704 1838 2732 ex

80 2748 248 2792 alterius
276 2750 398 2792 laude
426 2757 610 2806 partem,
658 2754 831 2804 uterque
871 2756 1009 2792 autem
1048 2765 1163 2793 suam
1194 2758 1322 2808 totam
1351 2755 1535 2795 haberet.
1599 2756 1689 2795 150.
1731 2756 1836 2794 Tum

81 2813 257 2862 Brutus,
305 2815 406 2856 Cum
446 2828 498 2854 ex
538 2820 606 2855 tua
645 2814 832 2854 oratione
872 2815 974 2854 mihi
1013 2815 1183 2864 videor,
1229 2815 1385 2871 inquit,
1433 2815 1542 2857 bene
1575 2816 1766 2857 Crassum
1797 2820 1888 2858 etio

82 2875 320 2918 Scaevolam
350 2877 616 2930 cognovisse,
649 2880 735 2916 tum
767 2876 818 2915 de
849 2880 888 2916 te
919 2881 959 2916 ct
989 2878 1040 2917 de
1072 2878 1163 2918 Ser.
1187 2877 1371 2933 Sulpicio
1393 2878 1575 2932 cogitans
1597 2891 1687 2919 esse
1709 2891 1838 2934 quan-

82 2940 174 2980 dam
219 2937 338 2980 vobis
383 2951 475 2979 cum
516 2938 596 2980 illis
641 2936 954 2979 similitudinem
999 2937 1156 2980 iudico.
1233 2940 1442 2988 Quonam,
1488 2939 1681 2995 inquam,
1731 2939 1835 2981 istuc

80 3002 235 3044 modo?
266 3001 371 3050 Quia
390 3001 490 3042 mihi
511 3007 551 3042 et
572 3007 617 3042 tu
637 3000 816 3049 videris,
849 3000 1002 3056 inquit,
1035 3005 1192 3042 tantum
1211 3000 1312 3043 iuris
1343 3002 1473 3043 civilis
1503 3002 1608 3043 scire
1639 3000 1834 3051 voluisse,

174 3172 231 3206 12.
258 3171 507 3213 peritissimum
531 3169 726 3211 Stephanus
752 3174 900 3212 uterque
928 3174 962 3203 et
986 3170 1106 3204 Lamb.
1136 3187 1175 3194 —
1203 3171 1259 3204 14.
1288 3174 1319 3203 et
1343 3172 1414 3203 iam
1439 3171 1606 3205 Orelltus:
1634 3174 1740 3207 etiam
1759 3183 1838 3208 cum

84 3219 178 3253 libris
204 3219 277 3251 RE.
315 3234 352 3241 -
395 3217 452 3249 20.
480 3218 715 3257 explanandi,
753 3218 961 3251 edisserendi
987 3218 1063 3249 libri
1089 3227 1209 3251 omnes
1235 3223 1269 3250 et
1293 3219 1344 3249 R:
1381 3219 1660 3261 explanandique
1684 3226 1714 3254 et
1737 3222 1839 3254 disse-

83 3268 183 3301 rendi
208 3275 285 3299 cum
309 3265 396 3297 Aldo
423 3268 458 3296 et
482 3263 602 3296 Lamb.
631 3265 670 3297 E.
700 3281 739 3287 —
767 3265 824 3296 24.
850 3265 988 3302 utebar,
1017 3268 1056 3296 ut
1080 3273 1142 3307 ego
1169 3267 1405 3303 conieceram,
1434 3265 1496 3307 Lg.
1520 3265 1578 3298 35.
1604 3267 1663 3300 51.
1692 3268 1835 3301 Ottob.:

83 3315 248 3347 utebatur
273 3321 351 3345 cum
378 3311 500 3344 ceteris
525 3311 604 3352 RE,
630 3311 815 3344 utebamur
834 3311 1025 3344 Gebhardt.
1056 3326 1095 3335 -
1138 3311 1194 3344 36.
1221 3315 1336 3345 tamen
1359 3313 1408 3344 sic
1431 3321 1465 3346 se
1491 3321 1570 3346 cum
1594 3313 1656 3356 Lg.
1677 3315 1837 3349 omnibus

84 3361 134 3394 T:
160 3370 194 3395 ee
217 3364 332 3394 tamen
355 3359 404 3392 sic
430 3356 501 3390 RE.
