2117 3762
241 251 324 293 238
940 249 1010 289 DE
1042 249 1287 290 ORATORE

237 362 350 399 tanta
377 357 454 398 hac
483 355 526 398 in
555 369 600 397 re
630 360 793 408 tamque
824 351 1023 393 immensa
1053 366 1175 406 posse
1204 352 1308 395 fieri.
1369 352 1439 395 Sin
1470 356 1606 394 autem
1627 354 1697 408 qui
1717 352 1983 405 arbitrantur,

237 418 466 461 deducendi
497 424 590 460 sunt
619 416 670 458 ad
700 429 793 462 e05‚
841 413 912 469 qui
949 416 1052 455 haec
1081 416 1254 456 docent:
1307 415 1445 458 omnia
1475 417 1554 456 iam
1584 415 1788 469 explicata
1819 423 1860 459 et
1888 433 1982 474 per-

234 482 363 538 polita
406 484 694 535 assequentur;
743 482 837 518 sunt
877 475 985 517 enim
1023 477 1345 520 innumerabiles
1386 480 1436 519 de
1475 477 1538 519 his
1569 476 1693 519 rebus
1724 478 1819 520 libri
1849 494 1983 536 neque

235 544 367 586 abditi
395 557 527 600 neque
559 540 738 585 obscuri.
796 540 876 580 Sed
907 538 1096 587 videant,
1139 540 1238 594 quid
1267 540 1418 582 velint:
1468 539 1518 582 ad
1548 539 1827 582 ludendumne
1856 555 1908 583 an
1936 542 1989 584 ad

207 606 499 661 spugnandum
529 616 642 645 arma
672 602 753 643 sint
782 600 1000 656 sumpturi.
1061 599 1181 642 Aliud
1212 603 1318 644 enim
1349 617 1489 658 pugna
1510 608 1550 644 et
1570 603 1705 652 acies,
1738 603 1848 644 aliud
1867 603 1988 646 ludus

234 681 484 724 campusque
514 670 655 706 noster
683 662 904 705 desiderat.
966 665 1156 704 Attamen
1193 677 1259 704 ars
1290 663 1377 719 ipsa
1407 665 1563 707 ludicra
1593 679 1805 707 armorum
1836 671 1877 707 et
1906 666 1990 721 gla-

235 729 384 772 diatori
414 734 454 770 et
483 727 603 769 militi
633 728 803 782 prodest
834 726 1014 782 aliquid3
1067 724 1138 766 sed
1168 727 1329 767 animus
1360 740 1454 768 acer
1484 734 1524 770 et
1553 742 1746 784 praesens
1777 733 1818 769 et
1846 735 1989 771 acutus

234 792 344 834 idem
374 796 495 845 atque
525 795 715 832 versutus
745 788 922 831 invictos
952 788 1063 830 viros
1096 786 1221 828 efficit
1250 801 1333 829 non
1366 787 1576 832 difficilius
1606 796 1694 832 arte
1726 792 1957 833 coniuncta.

345 855 412 898 85.
458 853 596 902 Quare
638 865 714 907 ego
757 850 833 892 tibi
873 856 1083 893 oratorem
1123 851 1182 890 sic
1212 850 1293 890 iam
1324 850 1556 901 instituam,
1603 852 1636 894 si
1666 858 1868 908 potuero,
1916 858 1986 903 ut,

185 917 332 973 mquid
374 914 538 957 efficere
580 916 733 970 possit,
783 920 874 956 ante
913 912 1173 969 perspiciam.
1232 911 1294 953 Sit
1333 912 1442 954 enim
1486 914 1585 956 mihi
1621 915 1770 958 tinctus
1814 915 1986 967 litteris;

232 977 409 1020 audierit
437 977 612 1033 aliquid,
644 977 810 1031 legerit,
841 978 917 1018 ista
946 976 1035 1031 ipsa
1065 980 1287 1029 praecepta
1316 976 1545 1030 acceperit:
1591 976 1758 1020 tentabo
1789 977 1889 1034 quid
1919 981 1991 1020 de-

231 1045 344 1089 ceat,
377 1038 476 1095 quid
505 1053 630 1088 voce,
664 1039 764 1094 quid
793 1038 974 1086 viribus.
1004 1037 1103 1093 quid
1135 1038 1305 1092 spiritu,
1339 1037 1439 1094 quid
1467 1038 1608 1093 lingua
1639 1039 1808 1083 efficere
1839 1040 1986 1097 possit.

232 1103 274 1144 Si
304 1101 529 1156 intelligam
558 1115 680 1157 posse
711 1104 762 1143 ad
793 1115 975 1143 summos
1005 1102 1248 1155 pervenire,
1293 1113 1378 1142 non
1408 1100 1543 1142 solum
1573 1101 1794 1152 hortabor,
1834 1109 1880 1146 ut
1909 1105 1991 1146 ela-

230 1167 371 1214 boret,
418 1163 492 1206 sed
528 1164 674 1212 etiam,
704 1164 738 1206 si
768 1165 833 1206 vir
861 1178 1028 1221 quoque
1058 1162 1192 1205 bonus
1222 1162 1323 1204 mihi
1352 1161 1560 1204 videbitur
1593 1178 1684 1206 esse
1707 1196 1717 1214 ‚
1746 1165 1989 1208 obsecrabo.

182 1240 217 1266 1⁵
233 1230 408 1269 Tantum
439 1240 516 1282 ego
545 1226 589 1269 in
620 1226 848 1269 excellente
879 1232 1046 1269 oratore
1077 1231 1117 1268 et
1146 1224 1294 1268 eodem
1324 1226 1437 1267 bono
1467 1227 1558 1267 viro
1588 1239 1699 1282 pono
1740 1241 1829 1270 esse
1869 1243 1991 1271 orna-

231 1289 362 1332 menti
380 1291 598 1332 universae
618 1289 788 1332 civitati.
846 1289 917 1332 Sin
937 1288 1167 1338 videbitur,
1201 1301 1292 1329 cum
1314 1289 1453 1330 omnia
1473 1302 1631 1330 summa
1653 1290 1821 1340 fecerit,
1852 1297 1991 1333 tamen

232 1355 283 1395 ad
313 1353 543 1394 mediocres
574 1358 761 1395 oratores
792 1366 881 1394 esse
911 1358 1129 1400 venturus,
1160 1350 1395 1407 permittam
1425 1350 1530 1405 ipsi,
1566 1353 1665 1406 quid
1696 1353 1815 1403 velit;
1859 1353 1989 1395 mole-

232 1421 318 1458 stus
348 1430 496 1470 magno
528 1429 656 1469 opere
686 1429 770 1457 non
800 1429 889 1457 ero.
953 1414 1022 1456 Sin
1052 1415 1173 1470 plane
1212 1412 1456 1456 abhorrebit
1485 1418 1526 1454 et
1555 1413 1635 1455 erit
1673 1413 1900 1465 absurdus,
1946 1420 1991 1456 ut

232 1492 276 1521 se
306 1478 515 1520 contineat
543 1483 614 1519 aut
634 1479 685 1519 ad
707 1477 818 1520 aliud
839 1476 1019 1519 studium
1041 1476 1280 1525 transferat,
1314 1477 1563 1518 admonebo.
1627 1477 1695 1518 86.
1729 1479 1831 1520 Nam
1852 1490 1990 1532 neque

183 1554 219 1581 20
232 1542 287 1590 is,
334 1542 403 1598 qui
435 1542 590 1595 optime
621 1548 777 1596 potest,
823 1543 1078 1582 deserendus
1115 1540 1201 1582 ullo
1232 1541 1357 1581 modo
1389 1544 1450 1580 est
1479 1552 1501 1579 a
1533 1540 1818 1581 cohortatione
1852 1545 1992 1581 nostra

232 1618 368 1658 neque
413 1604 470 1653 is,
518 1604 589 1660 qui
633 1603 788 1659 aliquid
825 1608 982 1660 potest,
1038 1603 1329 1646 deterrendus:
1392 1600 1502 1657 quod
1548 1601 1724 1643 alterum
1768 1601 1992 1644 divinitatis

232 1668 336 1709 mihi
368 1667 582 1708 cuiusdam
611 1668 797 1718 videtur;
849 1668 1022 1708 alterum
1061 1666 1128 1708 vel
1158 1680 1241 1707 non
1270 1664 1426 1712 facere,
1459 1665 1571 1719 quod
1599 1678 1683 1706 non
1713 1664 1868 1720 optime
1896 1677 1993 1719 pos-

234 1731 312 1779 sis,
345 1730 412 1771 vel
440 1728 596 1778 facere,
629 1732 741 1784 quod
762 1742 844 1771 non
865 1728 1043 1782 pessime
1067 1727 1213 1775 facias,
1244 1727 1529 1776 humanitatis;
1564 1728 1730 1768 tertium
1751 1741 1852 1769 vero
1873 1725 1989 1775 illud,

234 1792 409 1834 clamare
440 1798 582 1833 contra
612 1806 734 1848 quam
765 1790 908 1833 deceat
937 1796 976 1832 et
1005 1805 1128 1846 quam
1156 1790 1306 1846 possit,
1338 1791 1518 1831 hominis
1550 1795 1632 1838 est,
1663 1794 1708 1831 ut
1737 1794 1802 1839 tu,
1837 1789 1992 1837 Catule,

185 1866 222 1894 2⁵
236 1857 286 1897 de
316 1853 495 1911 quodam
525 1855 747 1896 clamatore
779 1854 941 1902 dixisti,
975 1853 1171 1895 stultitiae
1197 1867 1297 1894 suae
1319 1866 1443 1908 quam
1474 1851 1674 1907 plurimos
1705 1857 1829 1894 testes
1851 1855 1994 1894 dome-

234 1918 336 1960 stico
367 1917 590 1973 praeconio
622 1916 866 1971 colligentis.
927 1918 995 1957 87.
1027 1918 1088 1956 De
1118 1917 1198 1956 hoc
1227 1915 1372 1969 igitur,
1404 1914 1473 1969 qui
1503 1913 1582 1956 erit
1612 1914 1727 1961 talis,
1768 1920 1813 1955 ut
1842 1916 1993 1956 cohor-

232 1980 381 2024 tandus
410 1978 748 2035 adiuvandusque
777 1981 852 2029 sit,
899 1978 955 2020 ita
984 1980 1223 2034 loquamur,
1268 1982 1314 2018 ut
1344 1977 1383 2018 ei
1412 1975 1621 2018 tradamus
1664 1990 1713 2018 ea
1753 1978 1988 2026 dumtaxat,

235 2057 340 2100 quae
369 2057 445 2085 nos
474 2056 574 2085 usus
604 2041 765 2090 docuit,
809 2046 855 2082 ut
890 2039 1012 2082 nobis
1053 2039 1225 2081 ducibus
1254 2041 1393 2081 veniat
1421 2054 1494 2087 eo,
1540 2052 1623 2094 quo
1654 2041 1744 2080 sine
1774 2038 1879 2081 duce
1909 2037 1992 2093 ipsi

233 2107 521 2162 pervenimus,
557 2107 752 2160 quoniam
782 2103 955 2145 meliora
985 2102 1135 2144 docere
1165 2116 1251 2143 non
1280 2115 1516 2155 possumus.
1577 2103 1692 2143 XXI.
1726 2104 1794 2144 88.
1834 2106 1991 2157 Atque,

184 2178 223 2205 ³0
235 2174 281 2211 ut
308 2183 333 2210 a
362 2167 551 2210 familiari
581 2172 724 2209 nostro
756 2165 972 2214 exordiar,
1003 2165 1112 2206 hunc
1141 2178 1243 2219 ego,
1278 2164 1441 2212 Catule,
1479 2163 1708 2218 Sulpicium
1740 2164 1920 2220 primum
1949 2163 1993 2206 in

236 2244 359 2273 causa
386 2229 557 2287 parvula
586 2228 936 2271 adolescentulum
966 2226 1104 2268 audivi
1133 2241 1235 2269 voce
1267 2232 1308 2268 et
1335 2226 1468 2268 forma
1498 2231 1538 2267 et
1567 2232 1683 2268 motu
1720 2226 1907 2283 corporis
1948 2232 1990 2268 et

234 2292 407 2349 reliquis
434 2291 560 2334 rebus
589 2293 694 2347 aptis
724 2290 776 2332 ad
805 2290 884 2332 hoc
913 2304 1079 2338 munus,
1125 2288 1175 2331 de
1207 2303 1289 2344 quo
1320 2288 1583 2345 quaerimus,
1631 2289 1822 2332 oratione
1853 2293 1990 2330 autem

236 2355 362 2398 celeri
393 2361 433 2397 et
462 2354 681 2401 concitata,
714 2356 824 2408 quod
855 2358 942 2394 erat
970 2351 1147 2406 ingenii3
1179 2357 1220 2393 et
1240 2351 1377 2393 verbis
1399 2350 1767 2393 effervescentibus
1789 2355 1830 2392 et
1849 2350 1989 2407 paullo

234 2418 409 2461 nimium
450 2417 795 2464 redundantibus,
841 2414 952 2471 quod
993 2421 1082 2456 erat
1110 2414 1266 2456 aetatis.
1326 2416 1420 2456 Non
1449 2428 1540 2456 sum
1571 2420 1840 2468 aspernatus;
1887 2415 1987 2455 volo

186 2496 222 2524 ³⁵
238 2480 347 2523 enim
376 2495 420 2523 se
449 2479 594 2522 efferat
620 2479 663 2520 in
692 2477 952 2520 adolescente
982 2476 1223 2522 fecunditas.
1281 2479 1384 2518 Nam
1421 2476 1580 2519 facilius
1620 2477 1726 2519 sicut
1762 2477 1804 2517 in
1833 2473 1985 2517 vitibus

235 2547 485 2587 revocantur
514 2556 583 2590 ea,
614 2555 720 2597 quae
749 2554 838 2583 sese
867 2539 1039 2582 nimium
1069 2539 1366 2594 profuderunt,
1399 2553 1542 2595 quam,
1575 2540 1609 2581 si
1630 2538 1733 2580 nihil
1761 2536 1870 2580 valet
1899 2551 1988 2580 ma-

236 2606 383 2655 teries,
415 2618 524 2648 nova
552 2609 757 2646 sarmenta
788 2602 946 2645 cultura
975 2602 1229 2651 excitantur,
1261 2601 1361 2643 item
1391 2601 1488 2644 volo
1518 2615 1608 2644 esse
1638 2602 1681 2642 in
1711 2600 1988 2649 adolescente,

237 2669 348 2712 unde
377 2669 534 2724 aliquid
559 2672 783 2723 amputem.
840 2668 932 2708 Non
961 2666 1069 2707 enim
1109 2669 1246 2720 potest
1286 2666 1329 2706 in
1364 2678 1414 2707 eo
1455 2678 1575 2706 sucus
1614 2677 1705 2705 esse
1749 2662 1988 2712 diuturnus,

332 2828 366 2860 3.
392 2835 500 2868 neque
517 2825 630 2859 abditi
646 2834 714 2858 om.
734 2823 806 2858 ΑΒ.
835 2840 875 2848 -
900 2825 934 2858 5.
959 2828 1040 2857 sunt
1066 2825 1106 2857 R.
1129 2842 1171 2848 —
1196 2824 1230 2857 8.
1255 2828 1414 2856 versatus
1432 2823 1471 2856 B.
1494 2840 1531 2846 -
1559 2821 1593 2854 9.
1617 2825 1766 2862 potuero
1789 2819 1842 2854 A:
1864 2824 1990 2863 potero

242 2875 312 2908 RE.
341 2876 405 2917 (De
433 2876 458 2907 B
483 2883 554 2907 non
580 2871 718 2914 liquet.)
745 2890 786 2896 —
813 2873 870 2904 10.
895 2873 1056 2914 perficere
1081 2873 1122 2904 B.
1149 2888 1193 2893 —
1233 2870 1299 2912 Sit]
1327 2873 1375 2903 sic
1399 2872 1441 2903 Α.
1469 2887 1510 2894 -
1549 2870 1606 2901 11.
1633 2869 1756 2910 leyeret
1780 2869 1821 2900 B.
1853 2885 1887 2891 -
1931 2868 1989 2900 13.

242 2924 288 2954 ad
313 2931 460 2954 summos
482 2930 580 2962 posse
605 2921 646 2954 R.
674 2937 712 2944 -
753 2920 961 2951 cohortabor
985 2928 1056 2950 non
1078 2919 1189 2950 solum
1214 2918 1256 2950 R.
1297 2934 1336 2941 —
1376 2918 1432 2949 14.
1459 2916 1566 2948 bonus
1590 2917 1673 2948 mihi
1697 2916 1724 2947 B
1751 2916 1882 2955 aliique
1898 2937 1908 2954 ,
1934 2914 1989 2946 R:

241 2969 325 3000 ‘mihi
349 2970 456 3001 bonus
481 2969 567 3007 (AT)
593 2967 632 2999 Ε.
659 2983 702 2989 —
727 2967 903 2998 videbitur
927 2974 995 2998 esse
1018 2966 1077 2997 AB
1103 2967 1255 3005 aliique:
1284 2964 1455 2996 videbitur
1482 2962 1564 3003 (om.
1592 2961 1672 3003 csse)
1697 2962 1766 2995 RE.
1787 2977 1827 2986 —
1852 2962 1907 2994 15.
1933 2961 1991 2992 bo-

241 3024 287 3046 no
310 3017 386 3047 viro
413 3015 523 3048 Codd.
550 3015 621 3046 ah:
658 3015 735 3045 viro
762 3013 850 3045 bono
876 3013 927 3050 E,
966 3012 1053 3044 bono
1081 3021 1150 3044 om.
1177 3012 1218 3043 R.
1252 3009 1323 3051 (De
1347 3011 1405 3042 AB
1432 3019 1499 3042 non
1526 3009 1664 3050 liquet.)
1694 3026 1731 3032 —
1760 3008 1816 3041 16.
1842 3008 1991 3040 civitatis

242 3061 452 3093 invidebitur
475 3063 515 3094 B.
542 3078 584 3084 —
609 3060 785 3092 videbitur
808 3062 924 3100 impar
949 3062 980 3091 et
1003 3067 1078 3091 cum
1102 3059 1142 3090 R.
1165 3075 1203 3081 —
1231 3065 1359 3089 summe
1382 3057 1455 3088 AB.
1476 3073 1517 3079 —
1544 3057 1600 3089 17.
1628 3057 1675 3088 ad
1697 3055 1886 3087 mediocres
1911 3062 1990 3086 ora-

243 3110 300 3138 tor
323 3107 350 3138 B
366 3130 374 3145 ,
402 3112 433 3140 et
454 3108 638 3141 mediocris
663 3110 785 3138 orator
804 3107 845 3139 R.
875 3123 912 3130 —
940 3106 998 3137 20.
1024 3109 1071 3136 est
1095 3105 1166 3136 ullo
1190 3103 1293 3135 modo
1318 3104 1359 3135 R.
1389 3121 1428 3127 —
1451 3104 1509 3135 24.
1533 3105 1644 3144 possit
1668 3103 1727 3134 ΑΒ
1753 3102 1908 3142 aliique,
1935 3100 1987 3132 R:

240 3155 352 3194 possis
378 3154 418 3186 E.
447 3169 482 3177 -
511 3155 568 3186 25.
596 3154 784 3186 clamatore
808 3154 838 3185 A
862 3153 985 3191 Leid.‚
1010 3152 1064 3183 R:
1108 3150 1338 3183 declamatore
1362 3147 1402 3190 (B
1415 3148 1444 3192 ⁶2)
1469 3151 1509 3182 E.
1537 3167 1579 3173 -—
1622 3149 1791 3182 stultitiae
1815 3165 1830 3172 -
1851 3163 1865 3169 -
1889 3150 1991 3179 testes

245 3209 315 3232 om.
341 3199 413 3232 ΑΒ.
442 3217 479 3223 -
507 3202 707 3233 domesticos
731 3201 779 3238 B,
802 3200 988 3240 praeconio
1014 3198 1199 3230 domestico
1225 3197 1265 3229 R.
1293 3214 1336 3220 —
1374 3197 1431 3229 27.
1459 3198 1504 3229 sit
1530 3206 1599 3229 om.
1626 3197 1699 3228 ΑΒ.
1735 3211 1777 3218 -
1814 3193 1871 3225 32.
1899 3194 1991 3234 aptis

245 3247 273 3279 B
298 3246 449 3287 aliique:
477 3251 597 3287 aptum
621 3246 701 3288 (Aa)
729 3247 802 3280 RE.
832 3263 871 3270 -
911 3246 968 3278 33.
995 3246 1053 3277 sed
1076 3244 1190 3276 verbis
1215 3243 1318 3276 ABR·
1347 3259 1387 3266 —
1429 3244 1485 3277 35.
1513 3242 1716 3283 facunditas
1739 3242 1778 3274 B.
1819 3255 1863 3264 -
1901 3241 1992 3273 sicut

247 3293 386 3333 facilius
412 3293 523 3325 Codd.
551 3294 631 3334 aliq.
659 3311 703 3316 —-
728 3293 785 3325 36.
807 3293 1039 3335 prodiderunt
1063 3292 1103 3324 B.
1130 3305 1170 3314 -
1197 3290 1254 3322 37.
1278 3292 1357 3323 item
1380 3289 1463 3324 AB:
1488 3291 1577 3325 idem
1603 3290 1670 3323 Gu.
1696 3289 1730 3322 3.
1748 3311 1759 3329 ,
1783 3288 1837 3321 ita
1861 3288 1931 3322 RE.
1947 3303 1988 3311 —

245 3340 303 3373 38.
331 3349 398 3374 esse
421 3348 518 3373 sucus
545 3340 654 3373 Codd.
681 3341 724 3374 al.
750 3341 793 3373 R.
823 3341 885 3384 (Ex
909 3340 967 3373 ΑΒ
992 3340 1078 3373 nihil
1101 3342 1257 3372 notatum
1284 3338 1361 3378 est.)
