2117 3762
819 193 860 234 C.
895 193 959 232 10.
996 194 1059 234 11.
1096 193 1157 233 12.
1781 193 1861 236 1063

107 299 239 355 possis
271 299 418 339 eodem
456 299 581 339 modo
619 295 791 340 solvere.
849 299 915 337 47.
961 298 1164 352 Deinceps
1204 296 1318 338 locus
1359 300 1442 343 est,
1493 296 1564 351 qui
1598 310 1620 337 e
1652 299 1859 338 contrario

109 360 270 401 dicitur.
332 362 640 402 Contrariorum
671 356 836 412 [autem]
872 373 1021 413 genera
1053 359 1189 414 plura:
1230 372 1356 400 unum
1389 370 1555 405 eorum,
1589 371 1694 412 quae
1722 358 1762 398 in
1793 372 1864 399 eo-

111 423 204 463 dem
239 436 391 476 genere
418 422 637 477 plurimum
668 419 883 468 disserunt,
933 428 976 462 ut
1015 422 1239 477 sapientia,
1284 419 1469 462 stultitia.
1528 419 1685 461 Eodem
1722 426 1860 462 autem

111 497 261 536 genere
283 486 493 533 dicuntur,
525 482 672 539 quibus
695 484 918 537 propositis
944 491 1166 525 occurrunt
1189 490 1395 538 tamquam
1421 498 1442 524 e
1464 483 1635 536 regione
1660 484 1863 536 quaedam

108 547 336 594 contraria,
388 554 434 587 ut
476 546 675 588 celeritati
722 546 912 594 tarditas,
962 561 1043 587 non
1082 546 1288 587 debilitas.
1351 548 1413 587 Ex
1457 545 1606 600 quibus
1647 545 1895 587 contrariiss

109 615 351 662 argumenta
381 609 474 650 talia
505 609 727 649 exsistunt:
779 608 820 649 Si
852 608 1063 650 stultitiam
1094 608 1296 661 sugimus,
1345 607 1586 661 sapientiam
1619 621 1862 663 sequamur,

109 676 150 711 et
181 669 427 720 bonitatem,
459 670 493 711 si
522 671 734 710 malitiam.
797 672 933 718 Haeo,
967 684 1073 725 quae
1102 684 1153 711 ex
1183 671 1330 711 eodem
1353 683 1507 723 genere
1528 671 1736 711 contraria
1754 675 1862 717 sunt,

109 732 370 788 appellantur
398 735 581 774 adversa.
641 732 709 773 Ιι8.
751 733 852 773 Sunt
885 732 1007 774 etiam
1043 732 1120 773 alia
1152 732 1379 778 contraria,
1412 745 1517 785 quae
1542 732 1744 785 privantia
1774 732 1870 774 licet

112 795 368 850 appellemus
393 793 559 841 Latine,
595 794 739 836 Graeci
770 794 978 850 appellant
1004 793 1245 848 στερητικά.
1307 794 1548 848 Praeposito
1579 795 1688 836 enim
1711 797 1763 836 IN
1784 796 1870 851 pri-

113 864 232 899 vatur
259 855 433 899 verbum
465 870 513 897 ea
546 857 608 904 vi,
640 870 762 911 quam
791 856 982 904 haberet,
1015 859 1048 898 si
1078 859 1133 897 IN
1163 856 1443 910 praepositum
1473 869 1555 897 non
1587 856 1755 907 suisset,
1792 855 1864 912 [ut]
1882 873 1918 899 πο

112 919 342 973 dignitas
373 917 694 973 indignitas,
741 919 1037 960 humanitas
1068 918 1435 959 inhumanitas
1466 924 1507 960 et
1537 925 1672 962 cetera
1703 921 1868 975 generis

111 982 315 1028 eiusdem,
362 994 541 1036 quorum
578 982 765 1022 tractatio
799 987 860 1022 est
895 983 1062 1029 eadem,
1095 994 1202 1035 quae
1234 980 1495 1035 superiorum
1516 1012 1528 1030 ,
1563 995 1669 1037 quae
1698 982 1870 1026 adversa

111 1043 211 1085 dixi.
268 1045 336 1084 49.
383 1046 483 1084 Nam
514 1045 594 1084 alia
624 1057 791 1098 quoque
826 1049 920 1084 sunt
954 1044 1258 1084 contrariorum
1291 1055 1464 1098 genera,
1506 1043 1618 1085 velut
1646 1058 1718 1094 ea,
1764 1060 1870 1101 quae

110 1119 205 1147 cum
243 1105 382 1162 aliquo
423 1107 712 1153 conseruntur,
762 1111 807 1146 ut
850 1105 1021 1159 duplum
1066 1104 1280 1159 simplum,
1327 1107 1456 1147 multa
1501 1119 1651 1162 pauca,
1698 1107 1868 1164 longum

108 1166 263 1218 breve,
297 1169 429 1210 maius
460 1168 607 1210 minus.
666 1170 769 1209 Sunt
797 1167 921 1209 etiam
949 1167 1016 1210 illa
1048 1167 1165 1209 valde
1195 1167 1432 1217 contraria,
1467 1182 1573 1224 quae
1608 1170 1867 1226 appellantur
1882 1186 1918 1212 15

109 1233 318 1285 negantia.
380 1233 439 1272 Ea
478 1230 735 1283 ἀποφατικὰ
777 1231 945 1278 Graeci,
997 1245 1019 1271 e
1050 1230 1258 1272 contrario
1290 1231 1521 1273 aientibus:
1577 1230 1673 1287 [u]‚
1720 1235 1761 1275 Si
1791 1236 1871 1277 hoc

110 1299 201 1342 est,
234 1293 337 1335 illud
363 1306 446 1335 non
475 1299 550 1334 est.
613 1293 724 1343 Quid
752 1294 863 1334 enim
896 1307 1001 1350 opus
1032 1293 1227 1348 exemplo
1259 1297 1347 1336 est?
1397 1297 1572 1336 Tantum
1593 1295 1865 1352 intelligatur,

109 1356 154 1396 in
183 1362 430 1410 argumento
456 1354 696 1411 quaerendo
728 1355 945 1398 contrariis
976 1355 1167 1398 omnibus
1198 1358 1407 1399 contraria
1435 1372 1519 1399 non
1550 1361 1787 1403 convenire.

223 1420 290 1460 50.
323 1417 387 1459 Ab
410 1417 611 1460 adiunctis
641 1424 776 1460 autem
806 1421 926 1474 posui
948 1419 1141 1475 equidem
1164 1421 1399 1474 exemplum
1422 1420 1561 1476 paullo
1590 1428 1709 1473 ante,
1743 1426 1871 1467 multa

111 1481 298 1535 adiungi,
343 1494 449 1536 quae
489 1480 748 1536 suscipienda
787 1487 950 1532 essent,
997 1483 1031 1523 si
1071 1482 1354 1524 statuissemus
1394 1496 1447 1524 ex
1488 1483 1623 1526 edicto
1663 1488 1869 1539 praetoris
1884 1498 1920 1524 2⁰

111 1544 338 1584 secundum
369 1557 439 1584 eas
470 1544 628 1585 tabulas
659 1544 968 1598 possessionem
1001 1544 1110 1594 dari,
1157 1559 1258 1600 quas
1288 1545 1323 1587 is
1354 1546 1618 1597 instituisset,
1653 1551 1718 1591 cui
1750 1556 1872 1594 testa-

111 1607 238 1647 menti
274 1605 399 1647 faetio
437 1606 546 1648 nulla
585 1612 708 1648 esset.
770 1607 851 1648 Sed
880 1607 996 1648 locus
1027 1609 1094 1649 hic
1124 1609 1254 1661 magis
1288 1607 1339 1649 ad
1376 1610 1673 1652 coniecturales
1705 1626 1870 1662 causas,

112 1683 219 1725 quae
239 1675 454 1710 versantur
474 1669 515 1710 in
535 1668 723 1718 iudiciis,
756 1669 885 1719 valet3
919 1683 1011 1711 cum
1037 1671 1275 1725 quaeritur,
1308 1672 1406 1726 quid
1433 1678 1502 1713 aut
1522 1674 1573 1714 sit
1594 1680 1664 1716 aut
1684 1678 1874 1719 evenerit

113 1738 184 1774 aut
219 1730 401 1773 futurum
441 1733 492 1772 sit
522 1737 591 1772 aut
623 1731 721 1786 quid
757 1733 924 1773 omnino
961 1731 1049 1774 fieri
1074 1733 1217 1788 possit.
1274 1735 1368 1775 ΧΠ.
1402 1737 1471 1776 51.
1506 1739 1562 1777 Ac
1591 1736 1672 1779 loci
1703 1738 1870 1794 quidem

113 1794 242 1850 ipsius
274 1793 410 1836 forma
442 1793 532 1835 talis
565 1799 639 1835 est.
696 1793 903 1836 Admonet
929 1801 1067 1837 autem
1107 1797 1174 1837 hio
1212 1795 1349 1846 locus,
1397 1803 1442 1839 ut
1474 1806 1718 1854 quaeratur,
1770 1802 1870 1858 quid
1885 1810 1922 1837 2⁵

113 1863 208 1898 ante
237 1870 349 1905 rem,
395 1855 496 1912 quid
525 1869 619 1898 cum
650 1871 720 1906 re,
767 1857 868 1912 quid
897 1863 992 1913 post
1020 1871 1109 1899 rem
1140 1860 1341 1901 evenerit.
1406 1860 1541 1904 «Nihil
1571 1863 1652 1905 hoc
1683 1866 1735 1905 ad
1765 1879 1870 1916 nos;

113 1921 166 1962 ad
198 1920 502 1969 Ciceronem,»
536 1920 750 1975 inquiebat
781 1921 921 1962 Gallus
951 1926 1116 1970 noster,
1148 1920 1183 1962 si
1214 1922 1306 1976 quis
1337 1923 1389 1963 ad
1420 1935 1513 1965 eum
1545 1925 1646 1980 quid
1676 1927 1760 1968 tale
1791 1932 1874 1968 ret-

113 1984 283 2031 tulerat,
329 1987 375 2024 ut
412 1983 463 2023 de
493 1980 602 2023 facto
635 1988 921 2038 quaereretur.
983 1986 1044 2024 Tu
1074 1989 1213 2025 tamen
1241 1983 1402 2039 patiere
1432 1985 1591 2028 nullum
1622 2001 1647 2029 a
1676 2002 1744 2030 me
1774 1991 1873 2031 artis

112 2045 326 2088 institutae
365 2044 504 2087 locum
548 2045 792 2100 praeteriri3
844 2059 917 2094 ne,
964 2047 999 2087 si
1038 2046 1161 2093 nihil,
1205 2045 1289 2087 nisi
1325 2045 1438 2102 quod
1474 2050 1526 2090 ad
1567 2054 1605 2090 te
1644 2052 1872 2106 pertineat,

116 2107 382 2150 scribendum
422 2109 605 2162 putaris,
657 2107 827 2150 nimium
868 2113 909 2149 te
945 2121 1084 2149 amare
1124 2108 1306 2150 videare.
1366 2112 1438 2150 Est
1478 2110 1605 2165 igitur
1643 2127 1792 2169 magna
1823 2123 1924 2156 exso

119 2176 234 2226 parte
263 2169 379 2211 locus
408 2171 475 2211 hic
506 2170 712 2211 oratorius
740 2183 825 2211 non
855 2169 981 2213 modo
1011 2185 1095 2214 non
1123 2171 1227 2214 iuris
1258 2172 1566 2224 consultorum,
1599 2174 1672 2217 sed
1702 2190 1755 2218 ne
1784 2178 1877 2233 phi-

117 2233 391 2287 losophorum
422 2231 604 2288 quidem.
665 2234 734 2274 52.
776 2236 881 2274 Ante
911 2247 1000 2275 rem
1032 2235 1142 2276 enim
1172 2240 1452 2291 quaeruntur,
1493 2251 1600 2293 quae
1630 2237 1725 2280 talia
1754 2245 1871 2280 sunt:

116 2300 363 2350 apparatus,
411 2295 643 2351 colloquia,
692 2297 832 2345 locus,
872 2298 1163 2348 constitutum,
1205 2297 1469 2350 convivium;
1517 2314 1610 2342 cum
1640 2315 1686 2342 re
1716 2307 1877 2343 autem:

116 2360 269 2412 pedum
300 2358 503 2413 crepitus,
556 2357 751 2414 strepitus
780 2360 1020 2408 hominum,
1073 2373 1296 2416 corporum
1325 2363 1524 2412 umbrae,
1573 2363 1608 2405 si
1637 2363 1737 2418 quid
1767 2365 1876 2405 eius-

116 2421 262 2471 modi;
307 2426 348 2461 at
376 2426 471 2474 post
500 2435 608 2462 rem:
646 2421 805 2474 pallor,
838 2420 987 2471 rubor,
1032 2421 1245 2472 titubatio,
1277 2424 1312 2464 si
1343 2437 1425 2479 qua
1454 2426 1534 2466 alia
1563 2426 1680 2479 signa
1710 2432 1874 2468 contur-
1887 2437 1923 2464 ³⁵

211 2573 244 2604 1.
272 2580 288 2604 e
313 2573 492 2605 contrario
520 2573 616 2609 abc,
644 2573 722 2619 139,
750 2573 875 2606 Valla:
904 2584 926 2606 a
952 2576 1133 2607 contrario
1161 2574 1233 2607 dE.
1259 2591 1305 2597 -
1345 2575 1378 2608 2.
1406 2579 1522 2608 autem
1546 2586 1614 2610 om.
1644 2587 1696 2618 pr.
1723 2587 1755 2611 a.
1805 2578 1875 2612 Nos

119 2618 335 2652 seclusimus.
365 2635 403 2642 —
428 2620 533 2659 plura
559 2620 610 2652 ab
627 2621 677 2652 cd
694 2629 711 2652 e
729 2644 737 2658 ,
765 2620 852 2653 Gn:
875 2625 959 2653 sunt
982 2622 1090 2662 plura
1117 2622 1158 2654 E.
1186 2637 1227 2644 —
1269 2621 1303 2653 3.
1333 2622 1483 2655 stultitia
1509 2624 1698 2663 abodel',
1737 2625 1873 2659 Oxonn.

120 2671 214 2705 tres,
255 2666 370 2705 Valla,
397 2666 482 2699 BV:
527 2672 557 2699 et
583 2668 734 2699 stultitia
757 2674 793 2709 ψ
822 2668 859 2701 Ε.
886 2685 931 2690 -
955 2668 990 2700 8.
1016 2670 1120 2701 etiam
1145 2669 1198 2700 bc
1215 2692 1223 2707 ,
1265 2673 1303 2701 ut
1326 2669 1464 2702 volebat
1489 2671 1693 2705 Ernestius:
1732 2674 1821 2704 enim
1848 2674 1873 2704 E

121 2722 200 2745 cum
227 2716 308 2747 cett.
338 2729 377 2736 —
420 2713 454 2745 9.
494 2713 697 2754 Praeposito
725 2717 816 2746 enim
840 2715 892 2748 IN
909 2718 1080 2755 privatur
1105 2716 1176 2754 ad,
1205 2715 1263 2747 Gr.
1287 2725 1295 2748 ι
1330 2719 1547 2757 praepositio
1572 2720 1660 2751 enim
1685 2718 1737 2750 IN
1754 2721 1877 2759 privat

121 2760 248 2798 bose,
275 2760 371 2792 vana
390 2783 400 2796 ,
427 2761 475 2799 E,
498 2762 760 2800 praepositione
785 2763 875 2794 enim
899 2761 953 2793 IN
971 2764 1139 2802 privatur
1164 2774 1207 2809 ρ,
1234 2762 1304 2794 BV.
1335 2780 1372 2786 —-
1410 2765 1466 2796 10.
1494 2771 1532 2797 ut
1558 2775 1628 2797 om.
1655 2765 1786 2803 abce,
1813 2766 1873 2798 Gr.

122 2807 192 2839 Nos
209 2807 426 2839 seclusimus.
448 2823 488 2830 —
516 2807 573 2839 14.
595 2806 724 2848 aliquo]
751 2810 821 2840 alio
840 2809 866 2840 E
885 2818 1024 2848 operae.
1048 2825 1087 2831 —
1117 2809 1174 2842 16.
1200 2807 1383 2850 negantia]
1408 2813 1550 2852 negotia
1570 2813 1651 2844 Ern.
1671 2820 1811 2852 operae.
1830 2829 1875 2836 —-

127 2863 143 2885 e
169 2854 348 2886 contrario
373 2853 539 2886 Boethius
565 2859 600 2886 et
626 2855 736 2886 Oxou.
758 2862 817 2896 ψ;
845 2857 1025 2887 contraria
1043 2857 1068 2888 E
1094 2865 1172 2888 cum
1198 2856 1308 2888 Codd.
1329 2860 1468 2890 nostris.
1487 2875 1531 2879 —
1555 2863 1594 2890 ut
1621 2868 1688 2891 om.
1716 2859 1874 2893 abcde.

123 2900 194 2934 Nos
220 2900 440 2932 seclusimus.
471 2917 508 2923 —
545 2901 599 2933 18.
628 2902 665 2932 in
689 2905 896 2943 aryumento
929 2902 1095 2934 abcder
1117 2903 1165 2939 B,
1204 2903 1320 2942 Valla,
1361 2903 1439 2935 BV:
1484 2909 1685 2946 aryumento
1721 2905 1793 2939 NE.
1833 2924 1875 2930 —

123 2947 306 2980 contraria
330 2948 520 2979 contrariis
545 2948 702 2980 omnibus
731 2949 791 2980 bc.
837 2964 873 2970 —-
917 2950 971 2981 19.
998 2950 1110 2981 ηιαῑια
1135 2949 1326 2988 abcdet',
1371 2950 1431 2983 Gr.
1460 2950 1596 2983 Oxonn.
1631 2956 1721 2984 tres:
1763 2953 1878 2986 multa

121 2995 251 3027 scilicet
284 2993 386 3025 UNE.
420 3009 451 3015 —
495 2994 553 3025 20.
580 2996 689 3026 edicto
714 2996 889 3035 praetoris
913 2995 994 3034 UN,
1021 2996 1170 3028 Lamb.:
1209 2998 1318 3028 edicto
1343 2996 1502 3035 abclE,
1529 2999 1641 3030 edicto
1663 3000 1787 3039 populi
1809 3000 1878 3033 Ro-

122 3041 219 3074 mani
245 3040 294 3072 de
313 3063 322 3077 ,
351 3044 514 3079 corrupto
539 3040 608 3073 PR.
637 3043 672 3074 in
696 3042 738 3074 P.
769 3044 823 3078 R,-
849 3043 929 3074 hinc
955 3043 1109 3075 deletum
1136 3052 1168 3076 v.
1197 3046 1230 3075 in
1258 3044 1448 3083 plerisque.
1479 3059 1517 3068 —
1543 3045 1600 3077 24.
1627 3044 1674 3078 Ac
1698 3046 1813 3078 abed
1831 3056 1849 3080 e
1866 3071 1876 3086 ,

124 3088 246 3121 Valla:
284 3087 329 3119 At
355 3086 418 3117 [Ε.
450 3102 485 3108 -
513 3087 570 3118 26.
596 3097 658 3119 nos
685 3096 771 3120 corr.
801 3089 843 3127 b,
871 3089 1058 3128 Boethius,
1088 3093 1123 3122 et
1147 3090 1189 3121 de
1215 3089 1335 3121 Lamb.
1362 3091 1490 3128 suspio.
1521 3090 1630 3123 Sch.:
1664 3093 1719 3125 ius
1745 3094 1771 3125 E
1797 3102 1876 3126 cum

125 3137 261 3168 ceteris.
289 3149 330 3156 —
372 3132 427 3164 27.
451 3134 537 3165 vade
560 3134 606 3165 ad
631 3134 823 3166 Ciceronem
851 3135 871 3166 d
887 3145 919 3168 e.
940 3151 979 3158 —
1005 3135 1183 3177 inquiebat
1207 3136 1392 3175 obedes,
1418 3136 1535 3169 vana:
1560 3139 1719 3180 inquibat
1740 3140 1813 3174 NE.
1834 3155 1877 3163 —

125 3182 210 3224 quid
234 3180 302 3213 tale
327 3180 397 3212 bc:
425 3180 493 3211 tale
517 3180 601 3220 quid
626 3181 680 3214 eE
696 3204 705 3218 ,
731 3179 822 3222 (quis
846 3182 916 3213 tale
940 3181 1007 3220 af.)
1032 3199 1075 3204 —
1100 3181 1157 3214 34.
1184 3183 1215 3214 si.
1238 3182 1321 3223 quid
1346 3182 1398 3214 ab
1414 3190 1431 3214 c
1448 3183 1498 3216 N:
1527 3187 1559 3216 et
1581 3187 1612 3217 si
1635 3187 1717 3227 quid
1744 3188 1769 3219 E
1797 3195 1875 3220 cum

120 3234 207 3262 cett.
230 3245 267 3252 -
298 3226 354 3260 35.
379 3226 513 3266 pallor.
541 3226 648 3258 rubor
673 3227 818 3269 abedr,
846 3228 941 3262 Valla
958 3253 968 3269 ,
994 3229 1079 3262 BV:
1113 3229 1239 3270 rubor,
1264 3230 1382 3270 pallor
1406 3229 1477 3262 eE.
1506 3245 1545 3254 -·
1587 3234 1617 3266 sa·
1641 3242 1712 3274 qua
1737 3234 1846 3267 abed
1864 3255 1874 3272 ,

126 3276 178 3315 Β,
206 3274 254 3308 U:
296 3277 326 3308 et
358 3274 389 3306 εἰ
412 3282 480 3315 qua
505 3273 531 3306 E
558 3281 635 3306 cum
662 3278 742 3306 cett.
