2117 3762
242 263 323 305 130
903 260 973 300 DE
1013 259 1337 300 INVENTIONE

240 371 281 411 8.
314 367 622 424 Discipulorum
651 369 787 407 autem
817 368 938 418 atque
968 376 1139 412 eorum,
1172 365 1242 418 qui
1273 362 1460 419 protinus
1491 361 1542 404 ab
1572 362 1650 404 hac
1670 370 1764 406 sunt
1786 364 2000 421 disciplina

238 431 441 488 profecti,
488 432 615 472 multa
655 430 706 468 de
745 430 832 467 arte
863 430 1083 480 praecepta
1113 428 1359 481 reperimus.
1422 427 1494 466 ΙΙΙ.
1542 427 1604 466 Ex
1641 427 1705 467 1115
1742 428 1900 469 duabus
1940 427 2002 469 di-

239 495 371 536 versis
401 493 520 535 sicuti
549 489 738 537 familiis,
769 501 943 543 quarum
974 487 1103 528 altera
1133 501 1228 529 cum
1258 494 1495 530 versaretur
1515 487 1557 528 in
1578 489 1868 542 philosophia,
1898 503 2002 531 non-

240 556 395 598 nullam
424 553 659 597 rhetoricae
690 563 858 605 quoque
887 550 984 590 artis
1016 548 1094 590 sibi
1125 562 1266 591 curam
1296 553 1556 599 assumebat,
1589 550 1717 591 altera
1743 565 1845 593 vero
1867 551 2001 593 omnis

211 618 282 660 sin
326 618 490 660 dicendi
534 619 621 657 erat
664 611 799 654 studio
842 617 882 653 et
918 612 1212 667 praeceptione
1251 619 1473 667 occupata,
1524 627 1652 654 unum
1690 612 1900 667 quoddam
1942 619 2003 654 est

240 683 463 722 conflatum
503 689 633 731 genus
672 689 696 716 a
734 674 1059 730 posterioribus,
1109 673 1181 729 qui
1220 675 1270 714 ab
1307 677 1495 731 utrisque
1526 690 1599 724 03,
1649 690 1755 731 quae
1785 677 2003 717 commode

240 743 322 785 dici
350 743 624 788 videbantur,
657 739 699 779 in
730 751 825 779 51135
857 744 964 779 artes
996 737 1284 785 contulerunt3
1326 751 1430 792 quos
1459 739 1571 792 ipsos
1602 738 1725 780 simul
1755 743 1878 793 atque
1908 737 2003 778 illos

239 808 475 861 superiores
511 815 587 844 nos
631 801 753 842 nobis
793 815 957 848 omnes,
1004 799 1142 854 quoad
1180 796 1354 839 facultas
1394 800 1509 847 tulit,
1555 802 1851 856 proposuimus
1882 805 1923 841 et
1951 813 2003 841 ex

239 873 381 909 nostro
413 878 579 921 quoque
609 862 797 904 nonnihil
825 862 866 903 in
908 875 1128 903 commune
1167 859 1432 902 contulimus.
1493 864 1533 903 9.
1579 863 1739 913 Quodsi
1777 877 1851 911 ea,
1899 875 2004 917 quae

188 932 281 971 aoin
310 929 373 970 his
402 927 521 969 libris
552 931 843 982 exponuntur,
890 931 1000 966 tanto
1041 936 1169 979 opere
1210 921 1401 975 eligenda
1439 923 1633 974 fuerunt,
1680 930 1835 981 quanto
1867 924 2005 966 studio

238 993 368 1033 electa
397 995 515 1039 sunt,
547 988 737 1045 profecto
769 1001 904 1043 neque
934 1000 1010 1028 nos
1040 999 1177 1042 neque
1198 984 1301 1026 alios
1320 984 1550 1028 industriae
1572 993 1737 1029 nostrae
1759 986 2003 1042 poenitebit.

239 1055 309 1096 Sin
349 1057 486 1095 autem
525 1057 684 1093 temere
721 1050 875 1106 aliquid
916 1049 1110 1101 alicuius·
1133 1049 1386 1103 praeterisse
1427 1054 1497 1090 aut
1535 1063 1621 1091 non
1658 1049 1756 1091 satis
1797 1050 2007 1105 eleganter

237 1120 368 1159 secuti
398 1116 661 1163 videbimur,
710 1112 822 1154 docti
851 1111 902 1154 ab
933 1112 1073 1168 aliquo
1104 1110 1225 1152 facile
1257 1116 1297 1152 et
1325 1110 1507 1152 libenter
1538 1112 1883 1154 commutabimus
1914 1126 2009 1153 sen-

237 1181 424 1222 tentiam.
487 1181 580 1220 Non
611 1175 722 1218 enim
751 1190 899 1231 parum
931 1188 1155 1230 cognosse,
1204 1176 1278 1215 sed
1318 1175 1361 1214 in
1403 1187 1550 1229 parum
1592 1177 1758 1228 cognito
1804 1174 1925 1216 stulte
1967 1178 2008 1215 et

187 1257 223 1283 15
239 1243 310 1285 diu
339 1254 630 1298 perseverasse
661 1244 783 1294 turpe
815 1244 898 1289 est;
946 1243 1172 1291 propterea
1202 1235 1315 1292 quod
1345 1236 1521 1277 alterum
1552 1236 1764 1278 communi
1792 1238 2007 1278 hominum

235 1303 489 1352 infirmitati,
541 1302 718 1344 alterum
758 1300 960 1354 singulari
999 1301 1124 1341 unius
1156 1299 1357 1355 cuiusque
1389 1300 1490 1341 vitio
1524 1304 1586 1340 est
1616 1298 1873 1341 attributum.
1937 1301 2004 1340 10.

238 1370 378 1418 Quare
421 1380 499 1408 nos
544 1366 711 1421 quidem
755 1365 844 1405 sine
882 1363 966 1404 11113
1009 1362 1284 1404 affirmatione
1329 1362 1452 1403 simul
1494 1367 1742 1417 quaerentes
1772 1360 2009 1404 dubitanter

237 1444 367 1472 unum
398 1430 594 1485 quodque
625 1426 834 1474 dicemus,
874 1439 951 1473 ne,
992 1426 1091 1465 dum
1121 1427 1338 1480 parvulum
1369 1427 1450 1467 hoc
1479 1424 1798 1480 consequimur,
1838 1430 1884 1466 ut
1912 1425 2008 1466 satis

237 1496 342 1534 haec
372 1489 591 1533 commode
621 1488 919 1545 perscripsisse
950 1489 1189 1537 videamur,
1219 1487 1321 1530 illud
1352 1488 1607 1535 amittamus,
1639 1489 1752 1543 quod
1782 1486 2009 1528 maximum

188 1571 224 1596 20
240 1561 325 1604 est,
371 1560 418 1597 ut
457 1568 509 1595 ne
547 1551 614 1594 cui
653 1552 716 1592 rei
753 1556 911 1591 temere
941 1556 1066 1605 atque
1097 1556 1339 1605 arroganter
1369 1549 1684 1595 assenserimuS.
1742 1553 1900 1593 Verum
1930 1551 2011 1591 1100

240 1619 408 1674 quidem
437 1629 514 1657 nos
545 1621 585 1656 et
613 1614 657 1655 in
687 1615 769 1655 1100
798 1618 987 1668 tempore
1019 1618 1059 1654 et
1089 1614 1132 1654 in
1162 1613 1278 1655 omni
1310 1615 1392 1655 vita
1423 1613 1633 1662 studiose,
1667 1615 1805 1668 quoad
1834 1611 2008 1654 facultas

238 1681 366 1729 feret,
399 1690 722 1734 consequemur.
783 1678 899 1717 Nunc
929 1681 1087 1727 autem,
1117 1690 1169 1718 ne
1200 1678 1366 1731 longius
1399 1677 1531 1717 oratio
1554 1688 1780 1730 progressa
1799 1674 2006 1723 videatur,

241 1747 292 1785 de
321 1742 519 1798 reliquis,
553 1754 659 1796 quae
690 1737 984 1795 praecipienda
1014 1738 1209 1781 videntur
1240 1753 1353 1786 esse,
1387 1740 1588 1780 dicemus.

355 1808 420 1847 11.
471 1805 602 1859 Igitur
639 1802 799 1858 primus
838 1800 967 1849 liber,
1018 1802 1209 1856 exposito
1248 1815 1403 1856 genere
1444 1801 1567 1842 huius
1597 1800 1697 1842 artis
1729 1804 1770 1842 et
1799 1799 1940 1843 officio
1971 1804 2012 1841 et

189 1883 225 1910 25
241 1868 321 1910 fine
354 1873 395 1909 et
426 1865 598 1908 materia
638 1870 678 1906 et
713 1862 924 1920 partibus,
969 1878 1124 1917 genera
1164 1865 1546 1906 controversiarum
1587 1868 1628 1904 et
1664 1863 1926 1905 inventiones
1971 1868 2013 1904 et

241 1931 556 1974 constitutiones
587 1933 628 1969 et
656 1927 931 1968 iudicationes
967 1927 1225 1975 continebat,
1271 1926 1419 1968 deinde
1461 1931 1599 1981 partes
1639 1927 1841 1967 orationis
1885 1930 1926 1966 et
1967 1925 2011 1966 in

242 2009 312 2036 eas
342 2006 486 2034 omnes
517 1992 659 2032 omnia
691 1994 923 2044 praecepta.
987 1990 1127 2038 Quare
1169 2003 1261 2030 eum
1292 1989 1336 2030 111
1367 2003 1415 2030 eo
1447 1990 1595 2030 ceteris
1628 1991 1679 2030 de
1710 1987 1834 2029 rebus
1865 1987 2011 2028 distin-

244 2058 348 2099 ctius
378 2055 532 2097 dictum
561 2053 634 2101 sit,
677 2052 864 2107 disperse
897 2056 1035 2092 31110111
1066 2051 1117 2093 110
1149 2051 1464 2093 confirmatione
1498 2056 1539 2092 et
1570 2053 1621 2092 de
1650 2052 2008 2106 reprehensione,

242 2134 353 2161 nunc
397 2122 532 2159 certos
571 2114 843 2157 confirmandi
883 2119 923 2155 et
961 2114 1297 2168 reprehendendi
1337 2113 1380 2155 in
1420 2113 1579 2168 singula
1610 2127 1829 2155 causarum
1860 2126 2013 2167 genera

195 2196 230 2222 30
244 2184 359 2224 locos
389 2178 613 2223 tradendos
643 2177 911 2219 arbitramur.
972 2178 1023 2216 Et
1053 2176 1173 2230 quia,
1214 2190 1296 2231 quo
1327 2181 1447 2231 pacto
1477 2177 1644 2217 tractari
1675 2177 1920 2217 conveniret
1949 2189 2014 2217 ar·-

246 2244 603 2300 gumentationes‚
643 2240 687 2282 in
718 2239 824 2281 libro
855 2238 990 2294 primo
1021 2253 1105 2279 non
1135 2238 1402 2294 indiligenter
1434 2238 1670 2292 expositum
1703 2243 1786 2287 est,
1829 2238 1895 2280 hic
1923 2243 2014 2280 tan-

244 2312 332 2348 tum
361 2306 451 2361 ipsa
479 2307 646 2346 inventa
675 2316 799 2344 unam
830 2315 1037 2356 quamque
1067 2301 1111 2342 in
1141 2316 1231 2343 rem
1262 2307 1525 2356 exponentur
1553 2301 1798 2355 simpliciter
1818 2300 1907 2343 sine
1927 2303 2014 2343 ulla

247 2367 540 2415 exornatione,
587 2371 632 2407 ut
673 2380 727 2407 ex
765 2363 844 2405 hoc
883 2364 1052 2405 inventa
1099 2363 1210 2417 ipsa,
1267 2378 1319 2405 ex
1363 2364 1582 2418 superiore
1627 2369 1765 2406 autem
1810 2364 2013 2420 expolitio

245 2431 510 2473 inventorum
540 2433 717 2484 petatur.
781 2428 918 2475 Quare
949 2427 1076 2475 haec,
1125 2441 1230 2481 quae
1260 2441 1370 2468 nunc
1399 2429 1733 2483 praecipientur,
1782 2426 1835 2469 ad
1864 2425 2014 2470 confir-

197 2493 440 2537 351113ῑί0315
471 2496 511 2533 et
540 2489 882 2545 reprehensionis
913 2494 1052 2544 partes
1082 2491 1242 2531 referre
1278 2489 1504 2543 oportebit.

359 2557 428 2599 IV.
481 2557 547 2595 12.
596 2553 739 2595 Omnis
780 2558 820 2593 et
857 2552 1179 2595 demonstrativa
1215 2557 1256 2594 et
1286 2552 1558 2596 deliberativa
1587 2559 1628 2595 et
1655 2551 1859 2595 iudicialis
1891 2566 2014 2595 causa

247 2632 418 2662 necesse
457 2622 519 2659 est
556 2616 600 2658 in
641 2615 778 2670 aliquo
820 2629 989 2664 eorum,
1038 2629 1144 2670 quae
1185 2620 1279 2657 ante
1323 2616 1512 2670 exposita
1542 2621 1660 2665 sunt,
1708 2614 2013 2657 constitutionis

250 2694 429 2736 genere,
464 2693 546 2722 uno
577 2678 846 2733 pluribusve,
879 2682 1084 2719 versetur.
1145 2679 1237 2720 Hoc
1268 2692 1518 2733 quamquam
1546 2680 1604 2721 ita
1633 2683 1717 2727 est,
1750 2683 1889 2719 tamen
1919 2691 2014 2719 cum

251 2742 528 2786 communiter
568 2742 771 2797 quaedam
812 2739 862 2781 de
905 2741 1099 2782 omnibus
1138 2742 1324 2796 praecipi
1353 2742 1534 2796 possint,
1582 2740 1805 2794 separatim
1845 2753 2013 2795 quoque

205 2808 354 2854 40aliae
386 2809 480 2846 sunt
510 2805 710 2858 cuiusque
741 2801 905 2857 generis
936 2808 976 2843 et
1008 2802 1195 2844 diversae
1233 2806 1569 2857 praeceptiones.
1629 2803 1753 2844 Aliud
1784 2803 1893 2844 enim
1923 2804 2013 2844 laus

251 2876 321 2910 aut
361 2867 635 2923 vituperatio,
685 2864 796 2906 aliud
835 2865 1066 2906 sententiae
1104 2865 1251 2915 dictio,
1301 2865 1412 2907 aliud
1452 2867 1658 2907 accusatio
1698 2870 1768 2907 aut
1804 2864 2010 2907 recusatio

252 2929 458 2972 conficere
489 2931 628 2971 debet.
689 2929 738 2968 In
768 2927 957 2976 iudiciis,
991 2927 1091 2982 quid
1111 2941 1290 2982 aequum
1310 2928 1386 2978 sit,
1420 2928 1656 2982 quaeritur,
1690 2928 1732 2969 in
1755 2930 2015 2970 demonstra-

250 2992 459 3042 tionibus,
500 2991 600 3047 quid
629 2992 877 3039 honestum,
920 2989 964 3031 in
994 2989 1390 3040 deliberationibus,
1423 2995 1469 3031 ut
1497 3004 1572 3032 nos
1603 2992 1875 3038 arbitramur,
1913 2989 2012 3045 quid

346 3162 380 3194 9.
407 3166 529 3194 nostra
553 3162 656 3194 ΡΑΤ.
687 3178 725 3186 --
762 3160 819 3194 13.
847 3161 1133 3193 commutabimus
1164 3161 1369 3193 sententiam
1401 3159 1450 3192 P:
1496 3162 1702 3194 sententiam
1727 3158 2014 3193 commutabimus

252 3208 389 3242 ARTE.
418 3227 455 3232 —-
485 3210 539 3241 19.
567 3211 648 3242 haec
673 3209 848 3241 commode
873 3209 1016 3241 VPAT:
1046 3210 1108 3240 hoc
1133 3208 1308 3240 commode
1332 3208 1363 3239 R
1381 3231 1389 3247 ‚
1418 3210 1590 3241 commode
1615 3209 1697 3241 haec
1722 3209 1763 3240 E.
1791 3221 1833 3230 —
1865 3207 1921 3239 21.
1948 3215 2013 3237 nos

254 3266 332 3289 cum
361 3256 496 3287 duobus
524 3255 688 3290 Gronovii
714 3264 858 3297 unoque
885 3256 996 3288 Oxon.
1024 3258 1190 3295 expunxit
1216 3256 1295 3286 Sch.
1323 3255 1470 3288 Servant
1496 3257 1618 3287 nostri.
1656 3273 1692 3279 —
1740 3254 1798 3286 26.
1827 3257 1858 3285 et
1883 3254 2013 3285 consci-

253 3305 403 3336 tutiones
430 3311 499 3334 om.
526 3302 568 3332 R.
590 3320 629 3325 —
656 3308 687 3336 et
712 3303 941 3335 iudicationes
968 3312 1035 3335 om.
1064 3302 1177 3339 ART;
1205 3307 1392 3342 utrumque
1420 3302 1488 3334 del.
1517 3303 1625 3341 Sch.;
1665 3304 1778 3334 servat
1794 3301 2011 3340 Victorinus,

254 3355 346 3384 certe
373 3352 407 3382 in
433 3349 609 3382 lemmate.
637 3367 679 3374 —
705 3350 762 3382 [10.
791 3353 822 3382 ec
847 3358 916 3382 om.
943 3350 1045 3382 PAT.
1075 3366 1115 3374 —
1141 3349 1198 3382 41.
1227 3347 1303 3391 aut]
1330 3350 1429 3383 aliud
1453 3350 1559 3385 ΛΒΤ.
1588 3365 1629 3374 ...
1656 3346 1732 3389 aut]
1759 3347 1860 3382 aliud
1884 3347 1929 3380 R.
