2117 3762
766 287 810 328 C.
848 289 912 328 10.
949 289 1014 330 11.
1052 291 1115 330 12.
1154 291 1217 330 13.
1786 293 1864 333 3¹⁴7

120 396 186 437 isti
217 394 350 441 aiunt,
389 408 481 436 cum
512 400 672 435 taurum
703 392 1014 442 immolavisset,
1062 395 1274 450 excepisse
1306 394 1544 448 sanguinem
1575 400 1713 450 patera
1744 402 1784 437 et
1813 411 1862 438 eo

119 463 219 513 poto
251 463 455 498 mortuum
486 455 728 500 concidisse.
788 458 898 497 Hanc
938 457 1046 498 enim
1085 464 1258 498 mortem
1298 458 1506 498 rhetorice
1538 463 1578 498 et
1609 459 1760 510 tragice
1796 473 1863 499 or-

120 533 220 560 nare
251 525 494 575 potuerunt;
527 517 594 559 illa
626 530 738 558 mors
768 518 948 571 vulgaris
980 519 1130 560 nullam
1162 518 1390 574 praebebat
1420 520 1632 561 materiem
1663 519 1714 561 ad
1746 535 1868 561 orna-

121 586 223 623 tum.
284 583 446 631 Quare,
479 580 675 636 quoniam
707 580 780 621 tibi
812 581 865 622 ita
896 581 1093 638 quadrat,
1135 583 1273 624 omnia
1303 582 1427 623 fuisse
1459 582 1723 624 Themistocli
1753 585 1866 638 paria

121 650 163 685 et
183 643 423 691 Coriolano,
455 650 636 698 pateram
658 658 823 700 quoque
845 659 866 685 a
891 659 954 686 me
976 659 1112 686 sumas
1135 646 1248 685 licet:
1282 647 1494 700 praebebo
1525 647 1647 686 etiam
1677 646 1865 693 hostiam,
1882 659 1896 684 ⁵

119 712 165 748 ut
197 705 438 748 Coriolanus
470 709 522 747 sit
550 706 669 760 plane
711 707 813 748 alter
850 707 1163 748 Themistocles.
1225 707 1291 747 Ιώ.
1336 709 1394 748 Sit
1424 721 1544 755 sane,
1592 706 1779 762 inquam,
1827 713 1869 748 ut

119 768 256 817 lubet,
304 767 354 810 de
385 769 486 816 isto;
535 774 573 809 et
612 782 689 823 ego
720 771 876 811 cautius
908 772 1076 825 posthac
1109 769 1324 810 historiam
1354 771 1548 822 attingam
1581 775 1619 811 te
1650 768 1867 815 audiente,

119 844 245 885 quem
275 842 414 871 rerum
446 833 719 872 Romanarum
751 839 960 873 auctorem
982 832 1148 873 laudare
1171 845 1339 884 possum
1362 831 1727 885 religiosissimum.
1787 831 1868 873 Sed

119 898 205 934 tum
235 891 321 933 sere
351 892 556 940 Pericles,
601 893 825 947 Xanthippi
857 893 988 942 filius,
1034 896 1083 934 de
1115 907 1198 948 quo
1229 899 1321 933 ante
1353 894 1462 940 dixi,
1496 895 1652 947 primus
1682 893 1870 935 adhibuit

118 953 372 1002 doctrinam
405 968 510 1009 quae
541 969 788 1011 quamquam
820 963 905 997 tum
936 956 1044 997 nulla
1075 962 1162 996 erat
1183 955 1366 1002 dicendi,
1400 960 1535 996 tamen
1556 958 1606 996 ab
1628 960 1920 1010 Anaxagoram

116 1018 285 1073 physico
324 1018 510 1058 eruditus
550 1019 885 1059 exercitationem
923 1019 1070 1058 mentis
1109 1032 1132 1058 a
1161 1016 1384 1058 reconditis
1427 1019 1708 1074 abstrusisque
1746 1021 1872 1059 rebus

117 1078 170 1121 ad
220 1093 364 1121 causas
414 1078 600 1121 forenses
650 1082 953 1136 popularesque
1000 1079 1120 1121 facile
1170 1081 1421 1121 traduxerat.
1495 1079 1626 1121 Huius
1671 1080 1870 1121 suavitate

116 1141 297 1183 maxime
336 1141 534 1183 hilaratae
574 1142 756 1184 Athenae
794 1149 913 1192 sunt3
964 1142 1085 1183 huius
1124 1143 1355 1182 ubertatem
1388 1146 1427 1182 et
1457 1141 1618 1196 copiam
1650 1142 1872 1183 admiratae

117 1203 303 1246 eiusdem
334 1205 416 1245 vim
449 1204 610 1246 dicendi
639 1211 925 1260 terroremque
946 1204 1189 1246 timuerunt.
1251 1206 1344 1245 XII.
1377 1206 1446 1245 45.
1481 1206 1593 1245 Haec
1615 1204 1742 1259 igitur
1762 1210 1872 1246 aetas

115 1266 252 1323 prima
281 1267 451 1308 Athenis
481 1274 689 1309 oratorem
720 1281 848 1323 prope
880 1266 1107 1322 perfectum
1139 1265 1244 1307 tulit.
1306 1268 1390 1307 Nec
1422 1268 1531 1308 enim
1563 1268 1603 1307 in
1625 1267 1920 1309 constituen-xs

117 1330 229 1370 tibus
268 1343 354 1370 rem
393 1328 598 1383 publicam
641 1344 718 1371 nec
750 1331 791 1371 in
821 1329 930 1371 bella
961 1329 1199 1382 gerentibus
1230 1341 1305 1369 nec
1335 1329 1377 1370 in
1409 1328 1617 1382 impeditis
1648 1343 1694 1371 ac
1725 1343 1869 1384 regum

117 1389 399 1432 dominatione
443 1390 642 1432 devinctis
687 1394 797 1433 nasei
839 1392 1038 1448 cupiditas
1080 1391 1243 1432 dicendi
1287 1390 1406 1432 solet.
1467 1392 1582 1432 Pacis
1627 1397 1689 1432 est
1731 1405 1870 1433 comes

117 1453 274 1507 otiique
316 1455 426 1494 socia
465 1459 506 1494 et
546 1454 625 1494 iam
666 1452 772 1495 bene
812 1454 1058 1496 constitutae
1097 1453 1270 1495 civitatis
1312 1452 1428 1508 quasi
1467 1455 1632 1494 alumna
1671 1456 1872 1509 quaedam

118 1517 373 1571 eloquentia.
433 1517 502 1557 46.
536 1517 679 1571 Itaque
709 1517 765 1557 ait
794 1516 1055 1565 Aristoteles,
1089 1529 1203 1563 cum,
1235 1514 1403 1557 sublatis
1434 1515 1476 1557 in
1506 1515 1644 1557 Sicilia
1672 1518 1868 1571 tyrannis,

116 1592 186 1620 res
215 1579 399 1634 privatae
430 1577 554 1632 longo
586 1578 802 1620 intervallo
833 1578 995 1620 iudiciis
1025 1584 1336 1632 repeterentur,
1382 1584 1468 1619 tum
1504 1578 1710 1632 primum,
1759 1581 1871 1633 quod
1886 1591 1922 1618 20

118 1647 227 1682 esset
257 1646 377 1682 acuta
406 1640 474 1682 illa
504 1654 604 1696 gens
637 1647 676 1682 et
705 1642 734 1693 †
765 1648 1035 1683 controversa
1065 1646 1227 1688 natura,
1260 1647 1389 1682 artem
1411 1647 1452 1682 et
1471 1647 1691 1697 praecepta
1712 1641 1872 1683 Siculos

118 1705 318 1746 Coracem
348 1708 389 1745 et
418 1702 568 1744 Tisiam
599 1704 918 1757 conscripsisse:
964 1718 1058 1745 nam
1100 1709 1221 1745 antea
1260 1705 1467 1745 neminem
1508 1704 1674 1746 solitum
1705 1706 1770 1745 via
1799 1718 1875 1746 nec

117 1773 204 1809 arte
221 1798 231 1815 ‚
265 1765 336 1808 sed
360 1771 548 1808 accurate
567 1772 702 1807 tamen
725 1772 765 1808 et
784 1768 834 1808 de
858 1767 1009 1821 scripto
1031 1768 1255 1821 plerosque
1278 1765 1440 1816 dicere3
1474 1767 1726 1822 scriptasque
1746 1766 1873 1809 fuisse

117 1835 158 1871 et
188 1834 349 1885 paratas
380 1843 402 1869 a
433 1829 659 1882 Protagora
690 1843 828 1870 rerum
859 1828 1079 1870 illustrium
1110 1830 1434 1883 disputationes,
1481 1843 1586 1884 quae
1625 1843 1735 1871 nunc
1764 1842 1875 1871 com-

116 1905 263 1932 munes
292 1890 553 1944 appellantur
585 1891 685 1932 loci:
717 1892 785 1931 47.
810 1893 921 1946 quod
949 1892 1059 1931 idem
1079 1889 1226 1932 fecisse
1250 1891 1469 1945 Gorgiam,
1503 1905 1596 1932 cum
1617 1893 1870 1944 singularum
1888 1906 1924 1932 25

114 1966 258 1996 rerum
286 1952 430 1994 laudes
460 1952 868 2008 vituperationesque
901 1954 1233 2008 conscripsisset3
1281 1953 1392 2007 quod
1430 1953 1630 1996 iudicaret
1652 1957 1748 1995 ‘hoc
1782 1968 1877 1996 ora-

115 2016 218 2058 toris
249 2028 339 2056 esse
371 2013 550 2055 maxime
582 2016 799 2070 proprium
830 2029 918 2057 rem
947 2029 1099 2069 augere
1131 2028 1252 2068 posse
1283 2017 1491 2057 laudando
1515 2016 1875 2072 vituperandoque

114 2091 263 2121 rursus
292 2076 502 2132 affligere:
537 2075 632 2117 huic
656 2077 952 2133 Antiphontem
974 2077 1271 2119 Rhamnusium
1291 2077 1439 2119 similia
1459 2081 1662 2133 quaedam
1682 2082 1876 2122 habuisse

116 2141 372 2194 conscripta;
406 2154 488 2195 quo
520 2139 729 2182 neminem
760 2154 942 2195 unquam
973 2140 1120 2182 melius
1150 2142 1277 2181 ullam
1309 2141 1490 2182 oravisse
1521 2143 1667 2195 capitis
1698 2155 1876 2194 causam,

116 2216 210 2245 cum
242 2215 287 2242 se
317 2202 406 2255 ipse
435 2200 696 2250 defenderet,
728 2218 771 2244 se
793 2204 1008 2250 audiente,
1038 2202 1224 2258 locuples
1246 2209 1391 2244 auctor
1410 2203 1572 2256 scripsit
1593 2206 1931 2259 Thucydidestao

115 2266 184 2307 48.
229 2277 323 2305 nam
366 2264 530 2320 Lysiam
566 2265 702 2320 primo
739 2265 927 2321 profiteri
967 2264 1132 2306 solitum
1174 2271 1302 2306 artem
1340 2278 1429 2306 esse
1471 2265 1660 2317 dicendi3
1704 2265 1875 2308 deinde,

116 2325 230 2383 quod
261 2325 506 2367 Theodorus
536 2332 644 2368 esset
671 2329 712 2368 in
743 2333 830 2369 arte
860 2327 1071 2375 subtilior,
1116 2326 1158 2369 in
1199 2328 1457 2369 orationibus
1493 2334 1628 2369 autem
1668 2327 1868 2377 ieiunior,

117 2391 328 2431 orationes
358 2402 451 2430 eum
482 2388 666 2430 scribere
697 2389 787 2430 aliis
818 2391 1028 2445 coepisse,
1061 2395 1191 2431 artem
1221 2389 1473 2432 removisse:
1507 2390 1696 2432 similiter
1717 2393 1873 2432 Isocra-

116 2457 199 2494 tem
240 2451 374 2507 primo
415 2456 546 2492 artem
586 2451 750 2494 dicendi
792 2466 882 2494 esse
912 2452 1154 2507 negavisse,
1202 2451 1384 2494 scribere
1415 2458 1555 2494 autem
1585 2452 1674 2495 aliis
1705 2453 1870 2494 solitum

117 2515 351 2562 orationes,
399 2515 548 2570 quibus
584 2516 626 2556 in
663 2514 824 2556 iudiciis
863 2521 1103 2557 uterentur:
1157 2518 1252 2564 sed,
1303 2529 1395 2556 cum
1427 2530 1480 2556 ex
1511 2529 1587 2564 eo,
1635 2514 1730 2571 quia
1759 2514 1875 2569 quasi
1890 2528 1925 2555 ³⁵

117 2579 396 2620 committeret
425 2583 567 2618 contra
597 2577 756 2631 legem,
788 2591 870 2633 quo
903 2577 995 2632 quis
1025 2577 1178 2618 iudicio
1208 2577 1598 2626 circumveniretur,
1632 2590 1756 2629 saepe
1788 2578 1875 2631 ipse

116 2641 160 2682 in
189 2638 386 2681 iudicium
417 2645 658 2689 vocaretur,
696 2641 904 2681 orationes
935 2640 1023 2682 aliis
1054 2640 1257 2682 destitisse
1288 2642 1472 2683 scribere
1504 2646 1715 2695 totumque
1747 2652 1789 2680 se
1825 2637 1875 2680 ad

118 2706 227 2743 artes
257 2705 562 2757 componendas
595 2702 864 2744 transtulisse.
924 2704 1037 2744 XIII.
1072 2703 1140 2743 49.
1173 2704 1224 2743 Et
1255 2704 1452 2745 Graeciae
1476 2702 1641 2759 quidem
1663 2706 1874 2742 oratorum

118 2768 262 2817 partus
291 2769 413 2819 atque
445 2764 579 2806 fontes
610 2764 724 2807 vides
755 2767 806 2806 ad
836 2771 1073 2808 nostrorum
1103 2765 1310 2807 annalium
1349 2768 1552 2808 rationem
1591 2770 1770 2807 veteres.
1817 2762 1868 2805 ad

118 2825 304 2881 ipsorum
349 2840 446 2868 sane
487 2832 689 2868 recentes.
747 2829 849 2868 Nam
893 2833 1007 2875 ante,
1055 2841 1178 2883 quam
1219 2827 1418 2869 delectata
1459 2833 1520 2869 est
1559 2825 1872 2867 Atheniensium
1888 2840 1923 2867 40

119 2887 262 2929 civitas
293 2887 369 2929 hac
398 2888 518 2930 laude
547 2888 734 2938 dicendi,
768 2891 895 2930 multa
925 2892 1005 2931 iam
1035 2889 1320 2931 memorabilia
1353 2896 1392 2931 et
1421 2889 1461 2930 in
1495 2889 1730 2930 domesticis
1761 2893 1802 2928 et
1831 2887 1875 2928 in

120 2948 280 2991 bellicis
309 2952 437 2992 rebus
467 2951 673 2993 effecerat.
734 2953 824 2993 Hoc
860 2957 996 2993 autem
1035 2951 1216 2994 studium
1258 2965 1340 2992 non
1379 2957 1465 2992 erat
1495 2963 1713 2992 commune
1747 2951 1876 2992 Grae-

214 3088 248 3120 3.
277 3088 324 3119 ad
350 3088 548 3119 ornandum
572 3089 692 3122 Lamb.
722 3091 755 3122 in
783 3099 850 3131 mg.
879 3089 1020 3129 Repett.
1052 3093 1171 3121 contra
1199 3087 1310 3121 Codd.
1346 3092 1457 3119 notos.
1494 3102 1538 3107 —-
1577 3086 1612 3118 4.
1658 3086 1876 3121 Themistocli

119 3135 181 3176 Lg.
211 3135 267 3166 20.
296 3134 353 3166 53.
381 3134 438 3166 58.
465 3135 522 3166 68.
549 3137 632 3167 70.:
661 3139 698 3168 in
725 3136 940 3168 Themistocle
966 3135 1039 3166 RE.
1080 3133 1131 3172 (in
1156 3143 1224 3166 om.
1254 3136 1357 3166 ceteri
1385 3133 1519 3170 Codd.,
1548 3134 1608 3172 qui
1637 3132 1768 3166 habent
1794 3134 1875 3166 The-

119 3180 303 3221 mistocle.)
322 3196 364 3203 —
389 3181 445 3212 13.
473 3181 623 3214 Athenae
647 3188 725 3215 sunt
755 3183 865 3215 Codd.
895 3184 964 3214 noti
982 3206 990 3220 ,
1019 3186 1052 3214 et
1077 3181 1131 3212 R:
1159 3184 1238 3212 sunt
1264 3180 1415 3212 Athenae
1434 3180 1472 3211 E.
1495 3194 1536 3201 —
1562 3180 1620 3211 21.
1647 3185 1875 3213 controversa

120 3227 269 3268 natura]
298 3229 346 3260 stc
364 3227 440 3259 libri
467 3233 501 3259 et
520 3228 567 3265 R;
596 3231 840 3261 controversiis
857 3233 944 3261 nata
962 3228 1095 3260 lacobs.
1123 3226 1373 3266 (controversia
1391 3229 1476 3258 nata
1491 3223 1624 3267 Peter.)
1648 3242 1684 3248 —
1713 3226 1769 3259 33.
1798 3237 1874 3259 cum

121 3293 134 3300 ·
159 3292 174 3298 -
197 3276 362 3315 coepisset
390 3273 456 3306 Gu.
484 3275 519 3305 1.
553 3291 594 3297 —
629 3274 687 3306 34.
714 3276 795 3307 aliis
821 3285 898 3308 om.
927 3276 991 3307 Gu.
1020 3276 1052 3306 1.
1080 3275 1114 3306 2.
1142 3273 1267 3305 Dresd.
1295 3273 1409 3305 Peter.
1436 3289 1479 3294 —
1511 3272 1568 3304 36.
1595 3273 1633 3304 in
1656 3273 1786 3306 iudicio
1812 3274 1872 3315 Lg.

124 3321 182 3353 20.
213 3322 253 3354 R.
279 3320 401 3354 Lamb.
431 3319 498 3352 Sed
527 3320 588 3351 crr.
619 3328 681 3361 pro
709 3321 846 3356 Cluent.
874 3323 942 3362 55,
970 3322 1060 3354 151:
1089 3321 1216 3362 leyem,
1253 3329 1300 3352 ΝΕ
1324 3328 1406 3359 Qms
1430 3327 1567 3352 wmcm
1591 3327 1874 3354 cmcvmvssa'ma—

123 3377 211 3407 wa,
241 3367 276 3400 C.
307 3366 605 3409 Gracchus-tulit.
