2117 3762
254 241 336 282 210
961 240 1032 279 DE
1069 240 1316 280 ORATORE

254 345 405 395 didici,
446 344 518 387 sed
549 344 599 386 de
630 357 720 385 mea
751 342 1075 391 consuetudine;
1128 344 1298 399 ipsaque
1329 343 1417 391 illa,
1459 357 1565 398 quae
1596 344 1639 383 in
1669 346 2012 385 commentarium

253 423 393 450 meum
434 408 588 455 rettuli,
634 413 727 448 sunt
765 406 994 452 eiusmodi,
1045 418 1130 446 non
1167 406 1303 462 aliqua
1343 406 1443 448 mihi
1474 404 1659 446 doctrina
1692 406 1838 445 tradita
1869 405 1940 447 sed
1970 407 2012 446 in

254 486 392 512 rerum
422 485 500 512 usu
532 471 747 524 causisque
784 472 980 514 tractata,
1032 481 1138 521 quae
1170 469 1203 508 si
1234 469 1376 516 vobis,
1425 467 1664 508 hominibus
1702 465 2010 514 eruditissimis,

252 548 335 574 non
365 535 676 588 probabuntur,
721 535 900 570 vestram
931 528 1189 582 iniquitatem
1221 536 1479 578 accusatote,
1524 530 1593 583 qui
1626 542 1677 569 ex
1711 543 1775 569 me
1808 541 1855 568 ea
1885 542 2010 583 quae—

221 598 419 643 ⁵sieritis‚
451 609 555 650 quae
586 607 662 646 ego
694 593 920 639 nesciren13
954 604 1089 632 meam
1121 591 1358 634 facilitatem
1387 593 1620 640 laudatote,
1654 606 1747 632 cum
1779 590 1898 632 vobis
1927 606 2012 632 non

248 673 342 700 meo
384 657 535 699 iudicio
577 656 649 696 sed
687 659 824 694 vestro
872 652 1008 694 studio
1040 652 1230 694 inductus
1263 668 1345 695 non
1376 661 1542 708 gravate
1575 655 1847 709 respondero.
1911 655 2007 694 209.

249 725 350 762 Tum
384 722 573 764 Crassus,
605 720 737 770 Perge
769 715 915 762 modo,
949 716 1100 770 inquit,
1132 717 1298 757 Antoni.
1357 717 1522 759 Nullum
1551 723 1611 758 est
1631 718 1739 757 enim
1761 715 2009 769 periculum,

247 798 299 824 ne
330 784 427 837 quid
459 787 502 822 tu
533 782 730 834 eloquare
761 780 838 819 nisi
872 778 924 818 ita
955 780 1205 832 prudenter,
1256 783 1301 818 ut
1337 779 1544 820 neminem
1582 782 1771 821 nostruin
1801 778 2014 831 poeniteat

248 849 298 887 ad
329 849 438 886 hunc
468 850 506 884 te
538 855 773 883 sermonem
806 840 1035 895 impulisse.

198 918 233 944 10
357 909 445 960 Ego
478 918 603 953 vero,
638 905 790 959 inquit,
822 916 1017 957 pergam;
1060 908 1100 942 et
1130 903 1171 941 id
1202 900 1371 948 faciam,
1404 900 1515 956 quod
1545 903 1586 943 in
1618 902 1819 956 principio
1851 901 1941 943 fieri
1970 901 2013 943 in

247 966 438 1010 omnibus
480 965 832 1020 disputationibus
880 970 1074 1020 oportere
1118 977 1292 1004 censeo:
1345 968 1408 1009 ut,
1456 963 1554 1017 quid
1592 963 1694 1005 illud
1725 964 1798 1012 sit,
1847 966 1897 1005 de
1930 964 2012 1019 quo

246 1032 499 1087 disputetur,
550 1028 818 1081 explanetur3
871 1040 924 1067 nc
957 1027 1095 1079 vagari
1127 1033 1167 1067 et
1197 1040 1337 1066 errare
1369 1032 1542 1078 cogatur
1572 1028 1730 1073 oratio,
1780 1028 1812 1067 si
1844 1027 1896 1075 ii,
1942 1027 2012 1080 qui

244 1094 353 1135 inter
381 1108 425 1135 se
458 1091 752 1137 dissenserint,
784 1103 868 1129 non
898 1088 1010 1130 idem
1044 1087 1163 1142 [esse]
1198 1088 1324 1136 illud,
1368 1102 1450 1142 quo
1484 1089 1535 1128 de
1566 1089 1722 1141 agitur,
1765 1090 2009 1143 intelligant.

245 1159 341 1198 210.
375 1159 476 1197 Nam
508 1154 542 1195 si
572 1153 679 1195 forte
711 1158 1006 1208 quaereretur,
1051 1166 1157 1207 quae
1190 1158 1298 1192 esset
1327 1165 1392 1192 ars
1422 1152 1710 1205 imperatoris,
1759 1151 2013 1192 constituen-

194 1229 230 1254 15
246 1221 344 1261 dum
374 1225 563 1272 putarem
595 1215 823 1272 principio,
857 1216 949 1269 quis
981 1221 1090 1256 esset
1120 1216 1366 1269 impe1·ator;
1400 1214 1470 1269 qui
1502 1226 1595 1254 cum
1627 1219 1735 1254 esset
1764 1216 2009 1255 constitutus

244 1281 552 1323 administrator
583 1277 753 1333 quidam
783 1276 884 1318 belli
915 1276 1107 1331 gerendi,
1149 1283 1235 1316 tum
1268 1277 1589 1330 adiungeremus
1619 1278 1671 1316 de
1704 1277 1914 1326 exercitu,
1960 1279 2011 1317 de

243 1345 408 1391 castris,
451 1341 502 1383 de
533 1339 790 1395 agminibus,
833 1338 883 1380 de
915 1341 1129 1393 signorum
1160 1338 1474 1386 collationibus,
1516 1340 1565 1379 de
1598 1339 1848 1393 oppidorum
1881 1353 2012 1395 oppu-

244 1403 531 1462 gnationibus,
566 1407 616 1445 de
648 1407 907 1449 commeatu,
942 1403 993 1442 de
1024 1401 1185 1442 insidiis
1217 1401 1414 1442 faciendis
1445 1407 1567 1456 atque
1599 1402 1802 1449 vitandis,
1836 1400 1888 1442 de
1918 1402 2011 1443 reli-

245 1469 338 1524 quis
358 1471 510 1516 rebus,
545 1481 649 1523 quae
672 1471 810 1506 essent
840 1463 1037 1519 propriae
1068 1462 1165 1504 belli
1195 1465 1531 1513 administrandi3
1568 1477 1743 1518 quarum
1775 1463 1845 1518 qui
1876 1469 2014 1504 essent

194 1541 230 1565 2⁰
245 1533 383 1574 animo
417 1537 458 1572 et
488 1529 658 1571 scientia
692 1532 932 1582 compotes,
985 1539 1056 1567 eos
1095 1540 1184 1567 esse
1227 1529 1502 1581 imperatores
1533 1525 1736 1575 dicerem3
1789 1531 2012 1582 utererque

245 1594 448 1648 exemplis
477 1592 767 1634 Africanorum
801 1595 842 1630 et
870 1589 1171 1637 Maximorum,
1218 1591 1546 1644 Epaminondam
1578 1595 1703 1644 atque
1734 1589 2013 1630 Hannibalem

245 1664 368 1714 atque
400 1656 486 1697 eius
518 1655 684 1708 generis
715 1652 907 1693 homines
938 1653 1217 1693 nominarem.
1279 1655 1375 1693 211.
1410 1654 1482 1693 Sin
1513 1657 1652 1692 autem
1684 1665 2008 1707 quaereremus,

245 1722 336 1776 quis
377 1723 486 1759 esset
523 1719 579 1763 is,
633 1714 704 1769 qui
740 1712 791 1755 a'd
821 1727 909 1754 rem
941 1712 1147 1768 publicam
1177 1713 1476 1756 moderandam
1507 1730 1628 1756 usum
1661 1721 1702 1755 et
1731 1716 1944 1756 scientiam
1973 1720 2014 1755 et

245 1783 426 1824 studium
457 1794 579 1821 suum
610 1776 877 1824 contulisset,
912 1774 1130 1817 definirem
1161 1779 1241 1818 hoc
1270 1780 1419 1820 modo:
1470 1777 1561 1831 qui,
1595 1778 1748 1832 quibus
1780 1775 1905 1818 rebus
1934 1779 2014 1818 uti-

194 1854 230 1879 2⁵
245 1846 334 1887 litas
364 1845 426 1885 rei
458 1841 651 1898 publicae
682 1844 900 1892 pararetur
931 1846 1263 1894 augereturque,
1297 1846 1456 1882 teneret
1486 1841 1620 1893 iisque
1651 1845 1863 1890 uteretur;
1901 1842 2012 1880 hunc

244 1909 304 1949 rei
334 1906 525 1962 publicae
557 1909 766 1945 rectorem
799 1907 839 1942 et
869 1901 1032 1942 consilii
1061 1902 1215 1956 publici
1244 1908 1459 1943 auctorem
1482 1916 1572 1942 esse
1593 1901 1856 1942 habendum:
1891 1915 2012 1957 prae-

245 1970 509 2023 dicaremque
540 1968 586 2006 P.
611 1965 858 2011 Lentulum,
904 1964 1137 2018 principem
1169 1964 1307 2013 illum,
1357 1972 1396 2006 et
1427 1966 1488 2005 Ti.
1516 1966 1747 2006 Gracchum
1780 1970 1940 2018 patrem
1971 1970 2012 2004 et

246 2034 297 2082 Q.
322 2031 538 2073 Metellum
569 2033 610 2068 et
638 2029 684 2067 P.
707 2025 948 2068 Africanum
979 2032 1019 2066 et
1050 2027 1094 2066 C.
1119 2026 1306 2068 Laelium
1338 2033 1378 2067 et
1407 2025 1734 2068 innumerabiles
1773 2027 1878 2067 alios
1917 2040 2011 2067 cum

246 2109 298 2136 ex
328 2099 471 2135 nostra
501 2090 692 2136 civitate,
724 2094 811 2129 tum
843 2103 894 2128 ex
923 2089 1088 2129 ceteris.
1150 2091 1245 2129 212.
1282 2088 1352 2130 Sin
1385 2095 1522 2130 autem
1555 2094 1857 2143 quaereretur,
1900 2087 2013 2144 quis-

197 2166 231 2193 ³0
246 2171 340 2198 nam
370 2156 471 2197 iuris
502 2151 715 2196 consultus
746 2165 842 2192 vere
874 2150 1180 2200 nominaretur,
1214 2165 1308 2192 eum
1330 2150 1539 2199 dicerem,
1571 2152 1642 2206 qui
1673 2152 1812 2204 legum
1843 2154 1884 2191 et
1914 2163 2012 2191 con-

246 2218 476 2260 suetudinis
508 2218 620 2263 eius,
671 2228 754 2270 qua
783 2214 934 2267 privati
962 2214 1006 2254 in
1038 2213 1201 2255 civitate
1233 2220 1473 2263 uterentur,
1521 2219 1562 2254 et
1591 2215 1642 2254 ad
1674 2212 2012 2268 respondendum

250 2281 306 2336 [et
335 2282 387 2321 ad
416 2275 636 2334 agendum]
683 2283 723 2317 et
752 2277 804 2316 ad
836 2277 1065 2316 cavendum
1105 2277 1262 2329 peritus
1294 2283 1426 2327 esset3
1489 2282 1529 2318 et
1559 2291 1613 2318 ex
1644 2291 1693 2318 eo
1726 2290 1878 2330 genere
1909 2278 2008 2317 Sex.

245 2345 434 2392 Aelium,
476 2342 543 2384 Μ’.
569 2339 809 2387 Manilium,
855 2340 900 2378 P.
924 2338 1105 2379 Mucium
1136 2341 1411 2381 nominarem.
1472 2341 1618 2380 XLIX.
1649 2341 1808 2394 Atque,
1854 2343 1900 2380 ut
1929 2338 2011 2379 iam

246 2408 298 2447 ad
327 2405 486 2447 leviora
515 2403 664 2444 artium
695 2403 830 2442 studia
860 2402 1045 2450 veniam,
1089 2401 1124 2442 si
1154 2404 1356 2451 musicus,
1399 2403 1433 2444 si
1464 2403 1780 2457 grammaticus,
1823 2401 1857 2442 si
1886 2406 2010 2456 poe'ta

200 2478 234 2503 ³⁵
247 2474 491 2524 quaeratur,
522 2467 677 2521 possim
710 2464 901 2505 similiter
932 2463 1160 2518 explicare,
1194 2465 1293 2520 quid
1324 2480 1470 2508 eorum
1501 2466 1676 2521 quisque
1706 2462 1950 2520 profiteatur
1971 2466 2011 2504 et

247 2546 330 2588 quo
361 2544 445 2572 non
475 2528 650 2583 amplius
681 2529 732 2568 ab
764 2540 930 2582 quoque
961 2527 1012 2567 sit
1032 2529 1339 2582 postulandum.
1400 2528 1644 2582 Philosophi
1667 2526 1844 2582 denique
1865 2525 2009 2581 ipsius,

248 2593 320 2649 qui
349 2596 400 2634 de
432 2606 505 2633 sua
534 2592 573 2632 vi
604 2603 651 2631 ac
681 2589 879 2644 sapientia
909 2603 1016 2630 unus
1048 2591 1188 2631 omnia
1214 2604 1344 2646 paene
1365 2590 1609 2646 profitetur,
1643 2596 1705 2631 est
1725 2595 1864 2630 tamen
1884 2601 2011 2644 quae-

249 2658 344 2697 dam
385 2653 632 2709 descriptio,
678 2659 724 2693 ut
762 2654 823 2700 is,
872 2654 943 2707 qui
989 2651 1150 2694 studeat
1194 2654 1381 2696 omnium
1425 2669 1565 2696 rerum
1609 2652 1842 2695 divinarum
1885 2658 2009 2708 atque

248 2720 523 2759 humanarum
546 2718 648 2764 vim,
680 2721 868 2757 naturam
901 2729 1126 2771 causasque
1157 2730 1279 2758 nosse
1310 2722 1350 2758 et
1379 2731 1546 2759 omnem
1566 2715 1673 2758 hene
1695 2715 1863 2759 vivendi
1883 2716 2010 2758 ratio÷

341 2899 375 2931 4.
405 2899 644 2940 quaesiveritis
669 2898 710 2929 R.
744 2913 774 2920 -
808 2898 841 2930 5.
870 2898 1073 2939 facultatem
1098 2899 1139 2930 R.
1170 2915 1209 2921 —
1236 2900 1270 2931 7.
1299 2900 1414 2940 inquit
1439 2898 1545 2940 Perye
1568 2899 1672 2931 modo
1697 2900 1740 2931 R.
1771 2916 1809 2923 —
1854 2898 1910 2931 13.
1939 2898 2007 2930 dis-

250 2948 396 2978 sererint
422 2947 500 2987 (sic)
527 2945 568 2976 B.
599 2963 638 2967 —
679 2953 746 2976 esse
774 2944 902 2977 delevit
928 2945 1135 2983 Schutzius;
1172 2954 1235 2977 nos
1273 2946 1477 2985 iampridem
1504 2950 1538 2978 et
1562 2955 1674 2985 nuper
1699 2946 1837 2979 Ellendt
1861 2946 2006 2979 seclusi·

250 3000 338 3024 mus.
369 3009 407 3015 —
445 2994 486 3024 de
511 3001 578 3033 quo
604 2992 677 3024 BR.
707 3008 745 3013 —
792 2992 983 3033 intelliyent
1008 2992 1102 3024 Libri
1130 2997 1164 3025 et
1190 2993 1281 3024 Edd.
1310 3002 1429 3025 omnes
1456 2990 1573 3033 (etiam
1600 2992 1660 3031 R.)
1685 2999 1765 3026 ante
1791 2993 2004 3031 Ernestium,

252 3041 310 3077 qui
331 3042 489 3071 correxit.
514 3057 554 3062 —
574 3040 629 3070 15.
651 3038 742 3078 quis]
761 3040 820 3079 qui
838 3038 864 3069 B
884 3045 918 3071 et
935 3039 1023 3070 Edd.
1045 3044 1128 3072 vett.
1157 3041 1241 3077 (non
1261 3038 1321 3078 R.)
1343 3057 1380 3062 —
1403 3039 1459 3072 16.
1480 3040 1623 3080 quidam
1641 3049 1709 3072 om.
1730 3041 1772 3072 R.
1795 3057 1836 3062 —
1863 3040 1919 3072 17.
1940 3039 2004 3072 Vv-

250 3086 290 3116 de
316 3087 520 3124 oppidorum
547 3085 864 3127 oppuynationibus
889 3089 987 3125 ponit
1013 3091 1091 3124 post
1115 3094 1147 3117 v.
1175 3087 1331 3118 vitandis
1356 3086 1395 3117 B.
1416 3103 1456 3109 —
1485 3087 1540 3119 19.
1569 3096 1720 3128 quorum
1736 3087 1777 3118 Β.
1800 3102 1837 3109 ·-
1865 3086 1922 3118 22.
1951 3090 2005 3117 at-

250 3139 315 3171 que
338 3137 418 3162 ante
446 3132 678 3164 Hannibalem
704 3141 773 3164 om.
801 3133 843 3163 R.
870 3147 916 3154 ·—
941 3141 1143 3173 quaeremus
1168 3132 1194 3163 B
1221 3137 1255 3165 et
1280 3132 1346 3164 Ed.
1375 3133 1489 3165 Hahn.
1519 3136 1604 3172 (non
1630 3135 1690 3170 R.)
1712 3149 1748 3156 —
1776 3133 1833 3164 25.
1862 3141 2004 3175 augere-

250 3183 309 3208 tur
335 3181 505 3208 teneretur
531 3179 645 3219 hisque
671 3180 711 3210 B.
739 3196 780 3201 —
820 3178 877 3210 28.
907 3179 946 3218 Q.
973 3178 1177 3211 Marcellum
1203 3179 1243 3210 Β.
1275 3195 1315 3201 -
1356 3179 1412 3212 29.
1442 3179 1531 3221 cum]
1559 3186 1632 3212 tum
1656 3181 1698 3213 R.
1728 3195 1766 3201 —
1808 3179 1863 3211 30.
1891 3179 2005 3220 legum

250 3223 569 3264 consuetudinisque
594 3226 636 3256 R.
680 3243 717 3248 —
761 3225 818 3256 32.
844 3230 874 3257 et
902 3226 948 3256 ad
973 3227 1146 3266 agendum
1172 3225 1290 3263 Libri,
1330 3226 1384 3257 R:
1425 3230 1455 3258 et
1492 3228 1540 3258 ad
1570 3226 1786 3259 scribendum
1809 3226 2001 3258 Ernestius.

248 3270 336 3302 Mihi
362 3270 501 3302 videtur
536 3271 617 3303 falsa
643 3274 828 3311 geminatio
863 3281 915 3304 vv.
953 3277 983 3304 et
1010 3274 1056 3304 ad
1082 3273 1292 3308 cavendum,
1333 3277 1495 3313 quocirca
1522 3274 1662 3306 seclusi.
1690 3273 1757 3305 On.
1787 3290 1828 3295 —
1866 3277 1897 3304 et
1921 3277 2003 3305 ante

250 3325 293 3348 em
317 3325 385 3348 om.
413 3316 453 3347 R.
483 3333 519 3338 —-
547 3315 603 3348 33.
632 3317 684 3348 M.
710 3318 897 3351 Manilium
923 3318 965 3351 R.
997 3335 1033 3341 —
1062 3319 1118 3351 35.
1142 3328 1282 3359 possum
1306 3320 1347 3353 R.
1379 3337 1414 3343 --
1444 3319 1502 3352 36.
1529 3319 1612 3363 quo]
1637 3320 1731 3362 quod
1755 3319 1798 3351 R.
1827 3335 1866 3342 —
1909 3329 1933 3351 α
1958 3320 2000 3352 R.
