<?xml version="1.0" encoding="UTF-8"?>
<!DOCTYPE html PUBLIC "-//W3C//DTD XHTML 1.0 Transitional//EN"
    "http://www.w3.org/TR/xhtml1/DTD/xhtml1-transitional.dtd">
<html xmlns="http://www.w3.org/1999/xhtml" xml:lang="en" lang="en">
 <head>
  <title>
</title>
<meta http-equiv="Content-Type" content="text/html;charset=utf-8" />
  <meta name='ocr-system' content='tesseract 3.04.00' />
  <meta name='ocr-capabilities' content='ocr_page ocr_carea ocr_par ocr_line ocrx_word'/>
</head>
<body>
  <div class='ocr_page' id='page_1' title='image "./operaquaesupersu01ciceuoft/operaquaesupersu01ciceuoft_0448.png"; bbox 0 0 2117 3762; ppageno 0'>
   <div class='ocr_carea' id='block_1_1' title="bbox 293 203 1276 258">
    <p class='ocr_par' dir='ltr' id='par_1_1' title="bbox 293 203 1276 258">
     <span class='ocr_line' id='line_1_1' title="bbox 293 203 1276 258; baseline -0.014 0"><span class='ocrx_word' id='word_1_1' title='bbox 293 216 374 258; x_wconf 69' lang='lat'>(436</span> <span class='ocrx_word' id='word_1_2' title='bbox 1062 203 1276 246; x_wconf 87' lang='lat' dir='ltr'><strong>ORATOR</strong></span> 
     </span>
    </p>
   </div>
   <div class='ocr_carea' id='block_1_2' title="bbox 247 305 2058 2369">
    <p class='ocr_par' dir='ltr' id='par_1_2' title="bbox 247 305 2058 2369">
     <span class='ocr_line' id='line_1_2' title="bbox 295 305 2044 371; baseline -0.01 -7"><span class='ocrx_word' id='word_1_3' title='bbox 295 326 402 364; x_wconf 90' lang='lat' dir='ltr'>Non</span> <span class='ocrx_word' id='word_1_4' title='bbox 437 320 571 361; x_wconf 91' lang='lat' dir='ltr'>scire</span> <span class='ocrx_word' id='word_1_5' title='bbox 610 314 773 371; x_wconf 88' lang='lat' dir='ltr'>quidem</span> <span class='ocrx_word' id='word_1_6' title='bbox 812 308 1033 352; x_wconf 88' lang='lat' dir='ltr'>barbarum</span> <span class='ocrx_word' id='word_1_7' title='bbox 1071 310 1153 350; x_wconf 91' lang='lat' dir='ltr'>iam</span> <span class='ocrx_word' id='word_1_8' title='bbox 1194 308 1379 360; x_wconf 91' lang='lat' dir='ltr'>videtur;</span> <span class='ocrx_word' id='word_1_9' title='bbox 1428 305 1638 349; x_wconf 92' lang='lat' dir='ltr'>nescire</span> <span class='ocrx_word' id='word_1_10' title='bbox 1669 305 1844 348; x_wconf 90' lang='lat' dir='ltr'>dulcius.</span> <span class='ocrx_word' id='word_1_11' title='bbox 1904 308 2044 362; x_wconf 92' lang='lat' dir='ltr'>Ipsum</span> 
     </span>
     <span class='ocr_line' id='line_1_3' title="bbox 295 369 2040 428; baseline -0.01 -2"><span class='ocrx_word' id='word_1_12' title='bbox 295 382 596 428; x_wconf 83' lang='lat' dir='ltr'>meridiem,</span> <span class='ocrx_word' id='word_1_13' title='bbox 643 390 715 418; x_wconf 88' lang='lat' dir='ltr'>cur</span> <span class='ocrx_word' id='word_1_14' title='bbox 744 388 826 415; x_wconf 93' lang='lat' dir='ltr'>non</span> <span class='ocrx_word' id='word_1_15' title='bbox 867 370 1171 413; x_wconf 78' lang='lat' dir='ltr'>medidiem?</span> <span class='ocrx_word' id='word_1_16' title='bbox 1221 373 1352 413; x_wconf 84' lang='lat' dir='ltr'>Credo</span> <span class='ocrx_word' id='word_1_17' title='bbox 1394 373 1506 426; x_wconf 92' lang='lat' dir='ltr'>quod</span> <span class='ocrx_word' id='word_1_18' title='bbox 1542 374 1628 410; x_wconf 87' lang='lat' dir='ltr'>erat</span> <span class='ocrx_word' id='word_1_19' title='bbox 1657 369 1882 409; x_wconf 85' lang='lat' dir='ltr'>insuavius.</span> <span class='ocrx_word' id='word_1_20' title='bbox 1946 370 2040 410; x_wconf 89' lang='lat'>158.</span> 
     </span>
     <span class='ocr_line' id='line_1_4' title="bbox 296 430 2044 499; baseline -0.01 -10"><span class='ocrx_word' id='word_1_21' title='bbox 296 449 382 489; x_wconf 89' lang='lat' dir='ltr'>Una</span> <span class='ocrx_word' id='word_1_22' title='bbox 419 440 668 499; x_wconf 77' lang='lat' dir='ltr'>praepositio</span> <span class='ocrx_word' id='word_1_23' title='bbox 708 442 769 478; x_wconf 91' lang='lat' dir='ltr'>est</span> <span class='ocrx_word' id='word_1_24' title='bbox 807 434 896 476; x_wconf 89' lang='lat' dir='ltr'>abs</span> <span class='ocrx_word' id='word_1_25' title='bbox 936 447 1067 489; x_wconf 90' lang='lat' dir='ltr'>eaque</span> <span class='ocrx_word' id='word_1_26' title='bbox 1104 447 1213 474; x_wconf 91' lang='lat' dir='ltr'>nunc</span> <span class='ocrx_word' id='word_1_27' title='bbox 1250 438 1406 475; x_wconf 88' lang='lat' dir='ltr'>tantum</span> <span class='ocrx_word' id='word_1_28' title='bbox 1447 433 1488 474; x_wconf 93' lang='lat' dir='ltr'>in</span> <span class='ocrx_word' id='word_1_29' title='bbox 1519 432 1675 487; x_wconf 89' lang='lat' dir='ltr'>accepti</span> <span class='ocrx_word' id='word_1_30' title='bbox 1705 430 1855 472; x_wconf 86' lang='lat' dir='ltr'>tabulis</span> <span class='ocrx_word' id='word_1_31' title='bbox 1885 436 2044 477; x_wconf 90' lang='lat' dir='ltr'>manet,</span> 
     </span>
     <span class='ocr_line' id='line_1_5' title="bbox 298 494 2048 559; baseline -0.01 -8"><span class='ocrx_word' id='word_1_32' title='bbox 298 524 348 550; x_wconf 92' lang='lat' dir='ltr'>ne</span> <span class='ocrx_word' id='word_1_33' title='bbox 378 510 441 548; x_wconf 93' lang='lat' dir='ltr'>his</span> <span class='ocrx_word' id='word_1_34' title='bbox 472 504 636 559; x_wconf 89' lang='lat' dir='ltr'>quidem</span> <span class='ocrx_word' id='word_1_35' title='bbox 669 497 873 539; x_wconf 89' lang='lat' dir='ltr'>omnium:</span> <span class='ocrx_word' id='word_1_36' title='bbox 926 495 969 537; x_wconf 91' lang='lat' dir='ltr'>in</span> <span class='ocrx_word' id='word_1_37' title='bbox 999 495 1158 550; x_wconf 87' lang='lat' dir='ltr'>reliquo</span> <span class='ocrx_word' id='word_1_38' title='bbox 1189 509 1381 537; x_wconf 83' lang='lat' dir='ltr'>sermone</span> <span class='ocrx_word' id='word_1_39' title='bbox 1412 500 1565 536; x_wconf 89' lang='lat' dir='ltr'>mutata</span> <span class='ocrx_word' id='word_1_40' title='bbox 1596 500 1679 543; x_wconf 91' lang='lat' dir='ltr'>est;</span> <span class='ocrx_word' id='word_1_41' title='bbox 1725 506 1818 534; x_wconf 90' lang='lat' dir='ltr'>nam</span> <span class='ocrx_word' id='word_1_42' title='bbox 1851 494 2048 534; x_wconf 87' lang='lat' dir='ltr'>amovit</span> 
     </span>
     <span class='ocr_line' id='line_1_6' title="bbox 267 556 2047 616; baseline -0.008 -6"><span class='ocrx_word' id='word_1_43' title='bbox 267 570 466 612; x_wconf 70' lang='lat' dir='ltr'>sdicimus</span> <span class='ocrx_word' id='word_1_44' title='bbox 498 572 536 606; x_wconf 91' lang='lat' dir='ltr'>et</span> <span class='ocrx_word' id='word_1_45' title='bbox 572 561 744 616; x_wconf 82' lang='lat' dir='ltr'>abegit</span> <span class='ocrx_word' id='word_1_46' title='bbox 781 566 822 601; x_wconf 92' lang='lat' dir='ltr'>et</span> <span class='ocrx_word' id='word_1_47' title='bbox 857 558 1105 607; x_wconf 88' lang='lat' dir='ltr'>abstulit,</span> <span class='ocrx_word' id='word_1_48' title='bbox 1156 564 1202 599; x_wconf 89' lang='lat' dir='ltr'>ut</span> <span class='ocrx_word' id='word_1_49' title='bbox 1231 560 1310 599; x_wconf 92' lang='lat' dir='ltr'>iam</span> <span class='ocrx_word' id='word_1_50' title='bbox 1343 559 1527 606; x_wconf 80' lang='lat' dir='ltr'>nescias,</span> <span class='ocrx_word' id='word_1_51' title='bbox 1581 558 1701 598; x_wconf 83' lang='lat' dir='ltr'>abne</span> <span class='ocrx_word' id='word_1_52' title='bbox 1738 569 1886 597; x_wconf 85' lang='lat' dir='ltr'>verum</span> <span class='ocrx_word' id='word_1_53' title='bbox 1917 556 1968 595; x_wconf 85' lang='lat' dir='ltr'>sit</span> <span class='ocrx_word' id='word_1_54' title='bbox 1996 568 2047 595; x_wconf 91' lang='lat' dir='ltr'>an</span> 
     </span>
     <span class='ocr_line' id='line_1_7' title="bbox 298 617 2044 677; baseline -0.01 -3"><span class='ocrx_word' id='word_1_55' title='bbox 298 634 406 674; x_wconf 90' lang='lat' dir='ltr'>abs.</span> <span class='ocrx_word' id='word_1_56' title='bbox 467 627 597 677; x_wconf 88' lang='lat' dir='ltr'>Quid,</span> <span class='ocrx_word' id='word_1_57' title='bbox 648 625 681 664; x_wconf 93' lang='lat' dir='ltr'>si</span> <span class='ocrx_word' id='word_1_58' title='bbox 712 622 833 664; x_wconf 89' lang='lat' dir='ltr'>etiam</span> <span class='ocrx_word' id='word_1_59' title='bbox 865 619 1073 675; x_wconf 84' lang='lat' dir='ltr'>abfugit</span> <span class='ocrx_word' id='word_1_60' title='bbox 1103 626 1221 675; x_wconf 81' lang='lat' dir='ltr'>turpe</span> <span class='ocrx_word' id='word_1_61' title='bbox 1253 622 1385 661; x_wconf 81' lang='lat' dir='ltr'>visum</span> <span class='ocrx_word' id='word_1_62' title='bbox 1418 625 1499 668; x_wconf 89' lang='lat' dir='ltr'>est,</span> <span class='ocrx_word' id='word_1_63' title='bbox 1546 625 1587 661; x_wconf 92' lang='lat' dir='ltr'>et</span> <span class='ocrx_word' id='word_1_64' title='bbox 1616 617 1768 660; x_wconf 88' lang='lat' dir='ltr'>abfer</span> <span class='ocrx_word' id='word_1_65' title='bbox 1798 617 2044 665; x_wconf 91' lang='lat' dir='ltr'>noluerunt,</span> 
     </span>
     <span class='ocr_line' id='line_1_8' title="bbox 299 681 2046 740; baseline -0.006 -7"><span class='ocrx_word' id='word_1_66' title='bbox 299 692 452 736; x_wconf 84' lang='lat' dir='ltr'>aufer</span> <span class='ocrx_word' id='word_1_67' title='bbox 488 689 746 729; x_wconf 76' lang='lat' dir='ltr'>maluerunt?</span> <span class='ocrx_word' id='word_1_68' title='bbox 797 699 901 740; x_wconf 84' lang='lat' dir='ltr'>quae</span> <span class='ocrx_word' id='word_1_69' title='bbox 933 684 1188 738; x_wconf 80' lang='lat' dir='ltr'>praepositio</span> <span class='ocrx_word' id='word_1_70' title='bbox 1220 688 1385 738; x_wconf 86' lang='lat' dir='ltr'>praeter</span> <span class='ocrx_word' id='word_1_71' title='bbox 1413 683 1517 724; x_wconf 87' lang='lat' dir='ltr'>haec</span> <span class='ocrx_word' id='word_1_72' title='bbox 1548 685 1630 724; x_wconf 92' lang='lat' dir='ltr'>duo</span> <span class='ocrx_word' id='word_1_73' title='bbox 1660 681 1787 724; x_wconf 76' lang='lat' dir='ltr'>verba</span> <span class='ocrx_word' id='word_1_74' title='bbox 1817 681 1932 722; x_wconf 92' lang='lat' dir='ltr'>nullo</span> <span class='ocrx_word' id='word_1_75' title='bbox 1964 681 2046 721; x_wconf 88' lang='lat' dir='ltr'>alio</span> 
     </span>
     <span class='ocr_line' id='line_1_9' title="bbox 296 742 2049 804; baseline -0.008 -7"><span class='ocrx_word' id='word_1_76' title='bbox 296 758 338 797; x_wconf 91' lang='lat' dir='ltr'>in</span> <span class='ocrx_word' id='word_1_77' title='bbox 377 751 502 795; x_wconf 86' lang='lat' dir='ltr'>verbo</span> <span class='ocrx_word' id='word_1_78' title='bbox 542 748 788 804; x_wconf 88' lang='lat' dir='ltr'>reperietur.</span> <span class='ocrx_word' id='word_1_79' title='bbox 857 746 973 787; x_wconf 90' lang='lat' dir='ltr'>Noti</span> <span class='ocrx_word' id='word_1_80' title='bbox 1018 751 1135 786; x_wconf 87' lang='lat' dir='ltr'>crant</span> <span class='ocrx_word' id='word_1_81' title='bbox 1171 749 1211 785; x_wconf 92' lang='lat' dir='ltr'>et</span> <span class='ocrx_word' id='word_1_82' title='bbox 1247 745 1367 786; x_wconf 88' lang='lat' dir='ltr'>navi</span> <span class='ocrx_word' id='word_1_83' title='bbox 1410 750 1450 785; x_wconf 89' lang='lat' dir='ltr'>et</span> <span class='ocrx_word' id='word_1_84' title='bbox 1489 747 1624 793; x_wconf 90' lang='lat' dir='ltr'>nari,</span> <span class='ocrx_word' id='word_1_85' title='bbox 1676 743 1825 800; x_wconf 88' lang='lat' dir='ltr'>quibus</span> <span class='ocrx_word' id='word_1_86' title='bbox 1863 757 1955 785; x_wconf 92' lang='lat' dir='ltr'>cum</span> <span class='ocrx_word' id='word_1_87' title='bbox 1997 742 2049 784; x_wconf 93' lang='lat' dir='ltr'>in</span> 
     </span>
     <span class='ocr_line' id='line_1_10' title="bbox 297 805 2049 872; baseline -0.006 -15"><span class='ocrx_word' id='word_1_88' title='bbox 297 812 496 872; x_wconf 84' lang='lat' dir='ltr'>praeponi</span> <span class='ocrx_word' id='word_1_89' title='bbox 527 817 763 865; x_wconf 80' lang='lat' dir='ltr'>oporteret,</span> <span class='ocrx_word' id='word_1_90' title='bbox 797 809 955 851; x_wconf 90' lang='lat' dir='ltr'>dulcius</span> <span class='ocrx_word' id='word_1_91' title='bbox 985 808 1119 850; x_wconf 86' lang='lat' dir='ltr'>visum</span> <span class='ocrx_word' id='word_1_92' title='bbox 1142 812 1203 848; x_wconf 88' lang='lat' dir='ltr'>est</span> <span class='ocrx_word' id='word_1_93' title='bbox 1233 806 1425 860; x_wconf 85' lang='lat' dir='ltr'>ignoti,</span> <span class='ocrx_word' id='word_1_94' title='bbox 1459 805 1658 861; x_wconf 85' lang='lat' dir='ltr'>ignavi,</span> <span class='ocrx_word' id='word_1_95' title='bbox 1690 807 1863 861; x_wconf 84' lang='lat' dir='ltr'>ignari</span> <span class='ocrx_word' id='word_1_96' title='bbox 1895 805 2049 852; x_wconf 88' lang='lat' dir='ltr'>dicere,</span> 
     </span>
     <span class='ocr_line' id='line_1_11' title="bbox 247 868 2050 934; baseline -0.006 -14"><span class='ocrx_word' id='word_1_97' title='bbox 247 896 282 920; x_wconf 85' lang='lat'>10</span> <span class='ocrx_word' id='word_1_98' title='bbox 298 893 417 934; x_wconf 90' lang='lat' dir='ltr'>quam</span> <span class='ocrx_word' id='word_1_99' title='bbox 447 882 492 917; x_wconf 93' lang='lat' dir='ltr'>ut</span> <span class='ocrx_word' id='word_1_100' title='bbox 520 875 673 916; x_wconf 89' lang='lat' dir='ltr'>veritas</span> <span class='ocrx_word' id='word_1_101' title='bbox 703 873 951 928; x_wconf 88' lang='lat' dir='ltr'>postulabat.</span> <span class='ocrx_word' id='word_1_102' title='bbox 1012 873 1081 912; x_wconf 80' lang='lat' dir='ltr'>Ex</span> <span class='ocrx_word' id='word_1_103' title='bbox 1116 884 1212 912; x_wconf 91' lang='lat' dir='ltr'>usu</span> <span class='ocrx_word' id='word_1_104' title='bbox 1250 870 1392 911; x_wconf 89' lang='lat' dir='ltr'>dicunt</span> <span class='ocrx_word' id='word_1_105' title='bbox 1422 874 1463 910; x_wconf 91' lang='lat' dir='ltr'>et</span> <span class='ocrx_word' id='word_1_106' title='bbox 1493 883 1515 910; x_wconf 94' lang='lat' dir='ltr'>e</span> <span class='ocrx_word' id='word_1_107' title='bbox 1553 882 1605 910; x_wconf 95' lang='lat' dir='ltr'>re</span> <span class='ocrx_word' id='word_1_108' title='bbox 1645 869 1885 924; x_wconf 89' lang='lat' dir='ltr'>publica,</span> <span class='ocrx_word' id='word_1_109' title='bbox 1937 868 2050 923; x_wconf 91' lang='lat' dir='ltr'>quod</span> 
     </span>
     <span class='ocr_line' id='line_1_12' title="bbox 294 931 2052 990; baseline -0.007 -7"><span class='ocrx_word' id='word_1_110' title='bbox 294 945 337 984; x_wconf 88' lang='lat' dir='ltr'>in</span> <span class='ocrx_word' id='word_1_111' title='bbox 366 940 495 982; x_wconf 90' lang='lat' dir='ltr'>altero</span> <span class='ocrx_word' id='word_1_112' title='bbox 526 936 680 979; x_wconf 87' lang='lat' dir='ltr'>vocalis</span> <span class='ocrx_word' id='word_1_113' title='bbox 712 934 971 990; x_wconf 84' lang='lat' dir='ltr'>excipiebat,</span> <span class='ocrx_word' id='word_1_114' title='bbox 1003 934 1046 974; x_wconf 92' lang='lat' dir='ltr'>in</span> <span class='ocrx_word' id='word_1_115' title='bbox 1076 934 1206 974; x_wconf 89' lang='lat' dir='ltr'>altero</span> <span class='ocrx_word' id='word_1_116' title='bbox 1239 939 1346 974; x_wconf 88' lang='lat' dir='ltr'>esset</span> <span class='ocrx_word' id='word_1_117' title='bbox 1365 931 1588 985; x_wconf 80' lang='lat' dir='ltr'>asperitas,</span> <span class='ocrx_word' id='word_1_118' title='bbox 1620 932 1698 973; x_wconf 89' lang='lat' dir='ltr'>nisi</span> <span class='ocrx_word' id='word_1_119' title='bbox 1718 932 1895 973; x_wconf 88' lang='lat' dir='ltr'>litteram</span> <span class='ocrx_word' id='word_1_120' title='bbox 1916 936 2052 972; x_wconf 91' lang='lat' dir='ltr'>sustu-</span> 
     </span>
     <span class='ocr_line' id='line_1_13' title="bbox 295 992 2051 1052; baseline -0.008 -6"><span class='ocrx_word' id='word_1_121' title='bbox 295 1005 438 1047; x_wconf 89' lang='lat' dir='ltr'>lisses:</span> <span class='ocrx_word' id='word_1_122' title='bbox 471 1007 539 1049; x_wconf 90' lang='lat' dir='ltr'>ut,</span> <span class='ocrx_word' id='word_1_123' title='bbox 573 997 766 1052; x_wconf 85' lang='lat' dir='ltr'>exegit,</span> <span class='ocrx_word' id='word_1_124' title='bbox 803 997 984 1042; x_wconf 83' lang='lat' dir='ltr'>edixit.</span> <span class='ocrx_word' id='word_1_125' title='bbox 1043 996 1271 1038; x_wconf 89' lang='lat' dir='ltr'>Refecit:</span> <span class='ocrx_word' id='word_1_126' title='bbox 1303 994 1542 1042; x_wconf 85' lang='lat' dir='ltr'>rettulit,</span> <span class='ocrx_word' id='word_1_127' title='bbox 1577 993 1835 1036; x_wconf 87' lang='lat' dir='ltr'>reddidit:</span> <span class='ocrx_word' id='word_1_128' title='bbox 1870 992 2051 1035; x_wconf 88' lang='lat' dir='ltr'>adiuncti</span> 
     </span>
     <span class='ocr_line' id='line_1_14' title="bbox 295 1056 2052 1118; baseline -0.007 -10"><span class='ocrx_word' id='word_1_129' title='bbox 295 1064 413 1110; x_wconf 81' lang='lat' dir='ltr'>verbi</span> <span class='ocrx_word' id='word_1_130' title='bbox 443 1064 617 1118; x_wconf 88' lang='lat' dir='ltr'>primam</span> <span class='ocrx_word' id='word_1_131' title='bbox 646 1061 827 1102; x_wconf 88' lang='lat' dir='ltr'>litteram</span> <span class='ocrx_word' id='word_1_132' title='bbox 856 1058 1109 1115; x_wconf 89' lang='lat' dir='ltr'>praepositio</span> <span class='ocrx_word' id='word_1_133' title='bbox 1141 1058 1434 1106; x_wconf 87' lang='lat' dir='ltr'>commutavit,</span> <span class='ocrx_word' id='word_1_134' title='bbox 1479 1062 1524 1098; x_wconf 92' lang='lat' dir='ltr'>ut</span> <span class='ocrx_word' id='word_1_135' title='bbox 1553 1056 1786 1111; x_wconf 90' lang='lat' dir='ltr'>subegit,</span> <span class='ocrx_word' id='word_1_136' title='bbox 1827 1069 2052 1098; x_wconf 92' lang='lat' dir='ltr'>summu—</span> 
     </span>
     <span class='ocr_line' id='line_1_15' title="bbox 296 1124 724 1175; baseline -0.021 -3"><span class='ocrx_word' id='word_1_137' title='bbox 296 1127 453 1175; x_wconf 87' lang='lat' dir='ltr'>tavit,</span> <span class='ocrx_word' id='word_1_138' title='bbox 487 1124 724 1167; x_wconf 90' lang='lat' dir='ltr'>sustulit.</span> 
     </span>
     <span class='ocr_line' id='line_1_16' title="bbox 247 1179 2052 1237; baseline -0.006 -6"><span class='ocrx_word' id='word_1_139' title='bbox 247 1206 281 1230; x_wconf 69' lang='grc' dir='ltr'>ιε</span> <span class='ocrx_word' id='word_1_140' title='bbox 407 1188 593 1231; x_wconf 88' lang='lat' dir='ltr'>XLVIII.</span> <span class='ocrx_word' id='word_1_141' title='bbox 629 1187 723 1226; x_wconf 86' lang='lat'><strong>159.</strong></span> <span class='ocrx_word' id='word_1_142' title='bbox 776 1182 909 1234; x_wconf 89' lang='lat' dir='ltr'>Quid,</span> <span class='ocrx_word' id='word_1_143' title='bbox 960 1183 1003 1224; x_wconf 85' lang='lat' dir='ltr'>in</span> <span class='ocrx_word' id='word_1_144' title='bbox 1045 1181 1182 1224; x_wconf 90' lang='lat' dir='ltr'>verbis</span> <span class='ocrx_word' id='word_1_145' title='bbox 1219 1181 1369 1223; x_wconf 91' lang='lat' dir='ltr'>iunctis</span> <span class='ocrx_word' id='word_1_146' title='bbox 1406 1195 1530 1237; x_wconf 92' lang='lat' dir='ltr'>quam</span> <span class='ocrx_word' id='word_1_147' title='bbox 1570 1180 1670 1222; x_wconf 90' lang='lat' dir='ltr'>scite</span> <span class='ocrx_word' id='word_1_148' title='bbox 1713 1179 2052 1235; x_wconf 89' lang='lat' dir='ltr'>insipientem</span> 
     </span>
     <span class='ocr_line' id='line_1_17' title="bbox 297 1242 2053 1305; baseline -0.007 -10"><span class='ocrx_word' id='word_1_149' title='bbox 297 1268 382 1295; x_wconf 91' lang='lat' dir='ltr'>non</span> <span class='ocrx_word' id='word_1_150' title='bbox 426 1248 808 1305; x_wconf 90' lang='lat' dir='ltr'>insapientem,</span> <span class='ocrx_word' id='word_1_151' title='bbox 857 1246 1094 1301; x_wconf 91' lang='lat' dir='ltr'>iniquum</span> <span class='ocrx_word' id='word_1_152' title='bbox 1145 1258 1229 1286; x_wconf 90' lang='lat' dir='ltr'>non</span> <span class='ocrx_word' id='word_1_153' title='bbox 1271 1245 1572 1299; x_wconf 89' lang='lat' dir='ltr'>inaequum,</span> <span class='ocrx_word' id='word_1_154' title='bbox 1624 1242 1925 1297; x_wconf 84' lang='lat' dir='ltr'>tricipitem</span> <span class='ocrx_word' id='word_1_155' title='bbox 1967 1255 2053 1283; x_wconf 90' lang='lat' dir='ltr'>non</span> 
     </span>
     <span class='ocr_line' id='line_1_18' title="bbox 299 1304 2053 1370; baseline -0.007 -13"><span class='ocrx_word' id='word_1_156' title='bbox 299 1315 628 1370; x_wconf 89' lang='lat' dir='ltr'>tricapitem,</span> <span class='ocrx_word' id='word_1_157' title='bbox 673 1310 941 1352; x_wconf 90' lang='lat' dir='ltr'>concisum</span> <span class='ocrx_word' id='word_1_158' title='bbox 972 1322 1055 1350; x_wconf 91' lang='lat' dir='ltr'>non</span> <span class='ocrx_word' id='word_1_159' title='bbox 1086 1308 1422 1349; x_wconf 86' lang='lat' dir='ltr'>concaesuml</span> <span class='ocrx_word' id='word_1_160' title='bbox 1473 1309 1536 1347; x_wconf 86' lang='lat' dir='ltr'>Ex</span> <span class='ocrx_word' id='word_1_161' title='bbox 1567 1319 1649 1361; x_wconf 91' lang='lat' dir='ltr'>quo</span> <span class='ocrx_word' id='word_1_162' title='bbox 1682 1307 1849 1362; x_wconf 89' lang='lat' dir='ltr'>quidam</span> <span class='ocrx_word' id='word_1_163' title='bbox 1879 1304 2053 1360; x_wconf 90' lang='lat' dir='ltr'>perti-</span> 
     </span>
     <span class='ocr_line' id='line_1_19' title="bbox 299 1366 2053 1426; baseline -0.007 -6"><span class='ocrx_word' id='word_1_164' title='bbox 299 1393 407 1420; x_wconf 91' lang='lat' dir='ltr'>sum</span> <span class='ocrx_word' id='word_1_165' title='bbox 448 1375 571 1417; x_wconf 89' lang='lat' dir='ltr'>etiam</span> <span class='ocrx_word' id='word_1_166' title='bbox 608 1372 770 1420; x_wconf 89' lang='lat' dir='ltr'>volunt,</span> <span class='ocrx_word' id='word_1_167' title='bbox 806 1370 934 1426; x_wconf 66' lang='lat' dir='ltr'>⁴quod</span> <span class='ocrx_word' id='word_1_168' title='bbox 972 1369 1116 1411; x_wconf 87' lang='lat' dir='ltr'>eadem</span> <span class='ocrx_word' id='word_1_169' title='bbox 1148 1372 1403 1411; x_wconf 89' lang='lat' dir='ltr'>consuetudo</span> <span class='ocrx_word' id='word_1_170' title='bbox 1435 1383 1519 1410; x_wconf 90' lang='lat' dir='ltr'>non</span> <span class='ocrx_word' id='word_1_171' title='bbox 1548 1367 1753 1424; x_wconf 90' lang='lat' dir='ltr'>probavit.</span> <span class='ocrx_word' id='word_1_172' title='bbox 1812 1366 1923 1418; x_wconf 89' lang='lat' dir='ltr'>Quid</span> <span class='ocrx_word' id='word_1_173' title='bbox 1953 1378 2053 1409; x_wconf 90' lang='lat' dir='ltr'>vero</span> 
     </span>
     <span class='ocr_line' id='line_1_20' title="bbox 296 1431 2053 1493; baseline -0.007 -11"><span class='ocrx_word' id='word_1_174' title='bbox 296 1442 378 1482; x_wconf 88' lang='lat' dir='ltr'>hoc</span> <span class='ocrx_word' id='word_1_175' title='bbox 408 1438 653 1493; x_wconf 80' lang='lat' dir='ltr'>elegantius,</span> <span class='ocrx_word' id='word_1_176' title='bbox 702 1436 814 1490; x_wconf 90' lang='lat' dir='ltr'>quod</span> <span class='ocrx_word' id='word_1_177' title='bbox 844 1447 927 1475; x_wconf 93' lang='lat' dir='ltr'>non</span> <span class='ocrx_word' id='word_1_178' title='bbox 955 1434 1002 1475; x_wconf 88' lang='lat' dir='ltr'>fit</span> <span class='ocrx_word' id='word_1_179' title='bbox 1031 1438 1176 1475; x_wconf 80' lang='lat' dir='ltr'>natura</span> <span class='ocrx_word' id='word_1_180' title='bbox 1205 1431 1278 1474; x_wconf 91' lang='lat' dir='ltr'>sed</span> <span class='ocrx_word' id='word_1_181' title='bbox 1313 1434 1494 1488; x_wconf 90' lang='lat' dir='ltr'>quodam</span> <span class='ocrx_word' id='word_1_182' title='bbox 1532 1431 1748 1474; x_wconf 76' lang='lat' dir='ltr'>instituto?</span> <span class='ocrx_word' id='word_1_183' title='bbox 1797 1432 2053 1472; x_wconf 88' lang='lat' dir='ltr'>Indoctus</span> 
     </span>
     <span class='ocr_line' id='line_1_21' title="bbox 250 1492 2051 1554; baseline -0.006 -11"><span class='ocrx_word' id='word_1_184' title='bbox 250 1517 286 1543; x_wconf 85' lang='lat'>20</span> <span class='ocrx_word' id='word_1_185' title='bbox 300 1502 472 1545; x_wconf 91' lang='lat' dir='ltr'>dicimus</span> <span class='ocrx_word' id='word_1_186' title='bbox 503 1499 624 1541; x_wconf 89' lang='lat' dir='ltr'>brevi</span> <span class='ocrx_word' id='word_1_187' title='bbox 652 1498 785 1554; x_wconf 90' lang='lat' dir='ltr'>prima</span> <span class='ocrx_word' id='word_1_188' title='bbox 813 1496 972 1545; x_wconf 89' lang='lat' dir='ltr'>littera,</span> <span class='ocrx_word' id='word_1_189' title='bbox 1024 1495 1238 1537; x_wconf 91' lang='lat' dir='ltr'>insanus</span> <span class='ocrx_word' id='word_1_190' title='bbox 1276 1494 1499 1550; x_wconf 89' lang='lat' dir='ltr'>producta,</span> <span class='ocrx_word' id='word_1_191' title='bbox 1548 1496 1867 1536; x_wconf 89' lang='lat' dir='ltr'>inhumanus</span> <span class='ocrx_word' id='word_1_192' title='bbox 1906 1492 2051 1540; x_wconf 88' lang='lat' dir='ltr'>brevi,</span> 
     </span>
     <span class='ocr_line' id='line_1_22' title="bbox 299 1555 2054 1615; baseline -0.006 -8"><span class='ocrx_word' id='word_1_193' title='bbox 299 1565 492 1608; x_wconf 84' lang='lat' dir='ltr'>infelix</span> <span class='ocrx_word' id='word_1_194' title='bbox 530 1564 667 1615; x_wconf 84' lang='lat' dir='ltr'>longa.</span> <span class='ocrx_word' id='word_1_195' title='bbox 728 1562 803 1608; x_wconf 92' lang='lat' dir='ltr'>Et,</span> <span class='ocrx_word' id='word_1_196' title='bbox 853 1573 906 1600; x_wconf 90' lang='lat' dir='ltr'>ne</span> <span class='ocrx_word' id='word_1_197' title='bbox 945 1558 1108 1607; x_wconf 90' lang='lat' dir='ltr'>multis,</span> <span class='ocrx_word' id='word_1_198' title='bbox 1158 1559 1306 1613; x_wconf 89' lang='lat' dir='ltr'>quibus</span> <span class='ocrx_word' id='word_1_199' title='bbox 1345 1559 1386 1599; x_wconf 94' lang='lat' dir='ltr'>in</span> <span class='ocrx_word' id='word_1_200' title='bbox 1425 1555 1564 1598; x_wconf 89' lang='lat' dir='ltr'>verbis</span> <span class='ocrx_word' id='word_1_201' title='bbox 1596 1571 1669 1598; x_wconf 91' lang='lat' dir='ltr'>eae</span> <span class='ocrx_word' id='word_1_202' title='bbox 1699 1557 1858 1612; x_wconf 89' lang='lat' dir='ltr'>primae</span> <span class='ocrx_word' id='word_1_203' title='bbox 1888 1557 2054 1597; x_wconf 86' lang='lat' dir='ltr'>litterae</span> 
     </span>
     <span class='ocr_line' id='line_1_23' title="bbox 300 1617 2054 1681; baseline -0.006 -11"><span class='ocrx_word' id='word_1_204' title='bbox 300 1633 396 1671; x_wconf 91' lang='lat' dir='ltr'>sunt</span> <span class='ocrx_word' id='word_1_205' title='bbox 435 1638 539 1681; x_wconf 91' lang='lat' dir='ltr'>quae</span> <span class='ocrx_word' id='word_1_206' title='bbox 579 1624 621 1665; x_wconf 93' lang='lat' dir='ltr'>in</span> <span class='ocrx_word' id='word_1_207' title='bbox 667 1623 915 1676; x_wconf 86' lang='lat' dir='ltr'>sapiente</span> <span class='ocrx_word' id='word_1_208' title='bbox 964 1626 1085 1676; x_wconf 87' lang='lat' dir='ltr'>atque</span> <span class='ocrx_word' id='word_1_209' title='bbox 1126 1620 1315 1669; x_wconf 84' lang='lat' dir='ltr'>felice,</span> <span class='ocrx_word' id='word_1_210' title='bbox 1361 1622 1565 1674; x_wconf 90' lang='lat' dir='ltr'>producte</span> <span class='ocrx_word' id='word_1_211' title='bbox 1604 1620 1776 1670; x_wconf 89' lang='lat' dir='ltr'>dicitur,</span> <span class='ocrx_word' id='word_1_212' title='bbox 1823 1619 1866 1661; x_wconf 94' lang='lat' dir='ltr'>in</span> <span class='ocrx_word' id='word_1_213' title='bbox 1904 1617 2054 1660; x_wconf 89' lang='lat' dir='ltr'>ceteris</span> 
     </span>
     <span class='ocr_line' id='line_1_24' title="bbox 301 1682 2052 1738; baseline -0.007 -5"><span class='ocrx_word' id='word_1_214' title='bbox 301 1688 493 1734; x_wconf 91' lang='lat' dir='ltr'>omnibus</span> <span class='ocrx_word' id='word_1_215' title='bbox 524 1687 721 1728; x_wconf 89' lang='lat' dir='ltr'>breviter.</span> <span class='ocrx_word' id='word_1_216' title='bbox 782 1685 970 1738; x_wconf 88' lang='lat' dir='ltr'>Itemque</span> <span class='ocrx_word' id='word_1_217' title='bbox 1000 1685 1324 1738; x_wconf 87' lang='lat' dir='ltr'>composuit,</span> <span class='ocrx_word' id='word_1_218' title='bbox 1365 1684 1671 1732; x_wconf 90' lang='lat' dir='ltr'>consuevit,</span> <span class='ocrx_word' id='word_1_219' title='bbox 1713 1682 2052 1738; x_wconf 89' lang='lat' dir='ltr'>concrepuit,</span> 
     </span>
     <span class='ocr_line' id='line_1_25' title="bbox 303 1744 2052 1801; baseline -0.006 -6"><span class='ocrx_word' id='word_1_220' title='bbox 303 1751 454 1795; x_wconf 84' lang='lat' dir='ltr'>conse</span> <span class='ocrx_word' id='word_1_221' title='bbox 469 1750 557 1800; x_wconf 89' lang='lat' dir='ltr'>cit;</span> <span class='ocrx_word' id='word_1_222' title='bbox 598 1746 765 1790; x_wconf 89' lang='lat' dir='ltr'>consule</span> <span class='ocrx_word' id='word_1_223' title='bbox 795 1746 1035 1795; x_wconf 87' lang='lat' dir='ltr'>veritatem,</span> <span class='ocrx_word' id='word_1_224' title='bbox 1069 1744 1366 1801; x_wconf 85' lang='lat' dir='ltr'>reprehendet:</span> <span class='ocrx_word' id='word_1_225' title='bbox 1400 1745 1510 1787; x_wconf 85' lang='lat' dir='ltr'>refer</span> <span class='ocrx_word' id='word_1_226' title='bbox 1539 1747 1590 1787; x_wconf 88' lang='lat' dir='ltr'>ad</span> <span class='ocrx_word' id='word_1_227' title='bbox 1620 1759 1765 1795; x_wconf 90' lang='lat' dir='ltr'>aures,</span> <span class='ocrx_word' id='word_1_228' title='bbox 1797 1746 2052 1801; x_wconf 88' lang='lat' dir='ltr'>probabunt.</span> 
     </span>
     <span class='ocr_line' id='line_1_26' title="bbox 252 1805 2056 1866; baseline -0.004 -12"><span class='ocrx_word' id='word_1_229' title='bbox 252 1828 287 1855; x_wconf 85' lang='lat'>2⁵</span> <span class='ocrx_word' id='word_1_230' title='bbox 305 1818 491 1866; x_wconf 87' lang='lat' dir='ltr'>Quaere,</span> <span class='ocrx_word' id='word_1_231' title='bbox 524 1814 626 1854; x_wconf 75' lang='lat' dir='ltr'>cur?</span> <span class='ocrx_word' id='word_1_232' title='bbox 665 1813 724 1851; x_wconf 90' lang='lat' dir='ltr'>Ita</span> <span class='ocrx_word' id='word_1_233' title='bbox 755 1824 798 1850; x_wconf 91' lang='lat' dir='ltr'>se</span> <span class='ocrx_word' id='word_1_234' title='bbox 829 1808 967 1850; x_wconf 90' lang='lat' dir='ltr'>dicent</span> <span class='ocrx_word' id='word_1_235' title='bbox 994 1808 1144 1850; x_wconf 91' lang='lat' dir='ltr'>iuvari.</span> <span class='ocrx_word' id='word_1_236' title='bbox 1204 1808 1416 1862; x_wconf 84' lang='lat' dir='ltr'>Voluptati</span> <span class='ocrx_word' id='word_1_237' title='bbox 1446 1814 1585 1850; x_wconf 89' lang='lat' dir='ltr'>autem</span> <span class='ocrx_word' id='word_1_238' title='bbox 1615 1808 1779 1850; x_wconf 90' lang='lat' dir='ltr'>aurium</span> <span class='ocrx_word' id='word_1_239' title='bbox 1808 1805 2056 1862; x_wconf 86' lang='lat' dir='ltr'>morigerari</span> 
     </span>
     <span class='ocr_line' id='line_1_27' title="bbox 303 1870 2054 1926; baseline -0.005 -6"><span class='ocrx_word' id='word_1_240' title='bbox 303 1881 425 1920; x_wconf 90' lang='lat' dir='ltr'>debet</span> <span class='ocrx_word' id='word_1_241' title='bbox 453 1875 600 1918; x_wconf 90' lang='lat' dir='ltr'>oratio.</span> <span class='ocrx_word' id='word_1_242' title='bbox 663 1875 756 1914; x_wconf 87' lang='lat'>160.</span> <span class='ocrx_word' id='word_1_243' title='bbox 791 1873 900 1922; x_wconf 89' lang='lat' dir='ltr'>Quin</span> <span class='ocrx_word' id='word_1_244' title='bbox 932 1884 1009 1926; x_wconf 87' lang='lat' dir='ltr'>ego</span> <span class='ocrx_word' id='word_1_245' title='bbox 1038 1872 1152 1926; x_wconf 90' lang='lat' dir='ltr'>ipse,</span> <span class='ocrx_word' id='word_1_246' title='bbox 1185 1884 1278 1912; x_wconf 89' lang='lat' dir='ltr'>cum</span> <span class='ocrx_word' id='word_1_247' title='bbox 1308 1870 1457 1912; x_wconf 89' lang='lat' dir='ltr'>scirem</span> <span class='ocrx_word' id='word_1_248' title='bbox 1486 1871 1545 1912; x_wconf 91' lang='lat' dir='ltr'>ita</span> <span class='ocrx_word' id='word_1_249' title='bbox 1564 1872 1743 1912; x_wconf 89' lang='lat' dir='ltr'>maiores</span> <span class='ocrx_word' id='word_1_250' title='bbox 1764 1872 1927 1912; x_wconf 90' lang='lat' dir='ltr'>locutos</span> <span class='ocrx_word' id='word_1_251' title='bbox 1950 1883 2054 1918; x_wconf 91' lang='lat' dir='ltr'>esse,</span> 
     </span>
     <span class='ocr_line' id='line_1_28' title="bbox 303 1932 2057 1994; baseline -0.005 -12"><span class='ocrx_word' id='word_1_252' title='bbox 303 1946 348 1982; x_wconf 90' lang='lat' dir='ltr'>ut</span> <span class='ocrx_word' id='word_1_253' title='bbox 376 1952 577 1994; x_wconf 85' lang='lat' dir='ltr'>nusquam</span> <span class='ocrx_word' id='word_1_254' title='bbox 607 1937 687 1978; x_wconf 92' lang='lat' dir='ltr'>nisi</span> <span class='ocrx_word' id='word_1_255' title='bbox 716 1935 758 1976; x_wconf 92' lang='lat' dir='ltr'>in</span> <span class='ocrx_word' id='word_1_256' title='bbox 788 1934 922 1976; x_wconf 87' lang='lat' dir='ltr'>vocali</span> <span class='ocrx_word' id='word_1_257' title='bbox 951 1935 1201 1989; x_wconf 87' lang='lat' dir='ltr'>aspiratione</span> <span class='ocrx_word' id='word_1_258' title='bbox 1230 1940 1472 1983; x_wconf 91' lang='lat' dir='ltr'>uterentur,</span> <span class='ocrx_word' id='word_1_259' title='bbox 1507 1934 1709 1990; x_wconf 89' lang='lat' dir='ltr'>loquebar</span> <span class='ocrx_word' id='word_1_260' title='bbox 1738 1933 1822 1982; x_wconf 90' lang='lat' dir='ltr'>sic,</span> <span class='ocrx_word' id='word_1_261' title='bbox 1862 1938 1908 1974; x_wconf 89' lang='lat' dir='ltr'>ut</span> <span class='ocrx_word' id='word_1_262' title='bbox 1936 1932 2057 1987; x_wconf 92' lang='lat' dir='ltr'>pul-</span> 
     </span>
     <span class='ocr_line' id='line_1_29' title="bbox 304 1993 2054 2054; baseline -0.005 -10"><span class='ocrx_word' id='word_1_263' title='bbox 304 2017 451 2051; x_wconf 91' lang='lat' dir='ltr'>cros,</span> <span class='ocrx_word' id='word_1_264' title='bbox 503 2002 750 2054; x_wconf 83' lang='lat' dir='ltr'>Cetegos,</span> <span class='ocrx_word' id='word_1_265' title='bbox 803 1999 1097 2051; x_wconf 89' lang='lat' dir='ltr'>triumpos,</span> <span class='ocrx_word' id='word_1_266' title='bbox 1148 1994 1490 2050; x_wconf 85' lang='lat' dir='ltr'>Kartaginem</span> <span class='ocrx_word' id='word_1_267' title='bbox 1543 1998 1747 2046; x_wconf 88' lang='lat' dir='ltr'>dicerem;</span> <span class='ocrx_word' id='word_1_268' title='bbox 1806 1993 2054 2049; x_wconf 87' lang='lat' dir='ltr'>aliquando,</span> 
     </span>
     <span class='ocr_line' id='line_1_30' title="bbox 303 2058 2057 2120; baseline -0.005 -14"><span class='ocrx_word' id='word_1_269' title='bbox 303 2064 428 2120; x_wconf 90' lang='lat' dir='ltr'>idque</span> <span class='ocrx_word' id='word_1_270' title='bbox 473 2077 588 2111; x_wconf 89' lang='lat' dir='ltr'>sero,</span> <span class='ocrx_word' id='word_1_271' title='bbox 639 2060 826 2102; x_wconf 90' lang='lat' dir='ltr'>convicio</span> <span class='ocrx_word' id='word_1_272' title='bbox 870 2059 1032 2101; x_wconf 88' lang='lat' dir='ltr'>aurium</span> <span class='ocrx_word' id='word_1_273' title='bbox 1079 2073 1171 2100; x_wconf 90' lang='lat' dir='ltr'>cum</span> <span class='ocrx_word' id='word_1_274' title='bbox 1217 2065 1380 2100; x_wconf 82' lang='lat' dir='ltr'>extorta</span> <span class='ocrx_word' id='word_1_275' title='bbox 1423 2058 1525 2099; x_wconf 89' lang='lat' dir='ltr'>mihi</span> <span class='ocrx_word' id='word_1_276' title='bbox 1564 2060 1716 2101; x_wconf 89' lang='lat' dir='ltr'>veritas</span> <span class='ocrx_word' id='word_1_277' title='bbox 1756 2063 1886 2107; x_wconf 92' lang='lat' dir='ltr'>esset,</span> <span class='ocrx_word' id='word_1_278' title='bbox 1936 2070 2057 2099; x_wconf 92' lang='lat' dir='ltr'>usum</span> 
     </span>
     <span class='ocr_line' id='line_1_31' title="bbox 256 2120 2058 2183; baseline -0.003 -17"><span class='ocrx_word' id='word_1_279' title='bbox 256 2140 290 2166; x_wconf 80' lang='lat'>³0</span> <span class='ocrx_word' id='word_1_280' title='bbox 304 2125 501 2183; x_wconf 92' lang='lat' dir='ltr'>loquendi</span> <span class='ocrx_word' id='word_1_281' title='bbox 529 2126 685 2181; x_wconf 90' lang='lat' dir='ltr'>populo</span> <span class='ocrx_word' id='word_1_282' title='bbox 714 2122 920 2171; x_wconf 90' lang='lat' dir='ltr'>concessi,</span> <span class='ocrx_word' id='word_1_283' title='bbox 966 2121 1177 2162; x_wconf 88' lang='lat' dir='ltr'>scientiam</span> <span class='ocrx_word' id='word_1_284' title='bbox 1213 2120 1314 2162; x_wconf 83' lang='lat' dir='ltr'>mihi</span> <span class='ocrx_word' id='word_1_285' title='bbox 1344 2124 1573 2164; x_wconf 86' lang='lat' dir='ltr'>reservavi.</span> <span class='ocrx_word' id='word_1_286' title='bbox 1635 2121 1881 2163; x_wconf 91' lang='lat' dir='ltr'>Orcivios</span> <span class='ocrx_word' id='word_1_287' title='bbox 1918 2124 2058 2161; x_wconf 85' lang='lat' dir='ltr'>tamen</span> 
     </span>
     <span class='ocr_line' id='line_1_32' title="bbox 306 2182 2058 2239; baseline -0.005 -8"><span class='ocrx_word' id='word_1_288' title='bbox 306 2195 347 2231; x_wconf 93' lang='lat' dir='ltr'>et</span> <span class='ocrx_word' id='word_1_289' title='bbox 373 2192 626 2236; x_wconf 89' lang='lat' dir='ltr'>Matones,</span> <span class='ocrx_word' id='word_1_290' title='bbox 673 2187 889 2233; x_wconf 91' lang='lat' dir='ltr'>Otones,</span> <span class='ocrx_word' id='word_1_291' title='bbox 932 2184 1243 2238; x_wconf 85' lang='lat' dir='ltr'>Caepiones,</span> <span class='ocrx_word' id='word_1_292' title='bbox 1286 2184 1555 2239; x_wconf 87' lang='lat' dir='ltr'>sepulcra,</span> <span class='ocrx_word' id='word_1_293' title='bbox 1599 2197 1852 2233; x_wconf 88' lang='lat' dir='ltr'>coronas,</span> <span class='ocrx_word' id='word_1_294' title='bbox 1893 2182 2058 2224; x_wconf 87' lang='lat' dir='ltr'>lacri-</span> 
     </span>
     <span class='ocr_line' id='line_1_33' title="bbox 305 2245 2058 2304; baseline -0.003 -12"><span class='ocrx_word' id='word_1_295' title='bbox 305 2264 408 2292; x_wconf 87' lang='lat' dir='ltr'>mas</span> <span class='ocrx_word' id='word_1_296' title='bbox 438 2249 632 2298; x_wconf 86' lang='lat' dir='ltr'>dicimus,</span> <span class='ocrx_word' id='word_1_297' title='bbox 677 2249 773 2304; x_wconf 91' lang='lat' dir='ltr'>quia</span> <span class='ocrx_word' id='word_1_298' title='bbox 802 2260 876 2302; x_wconf 91' lang='lat' dir='ltr'>per</span> <span class='ocrx_word' id='word_1_299' title='bbox 906 2245 1068 2287; x_wconf 90' lang='lat' dir='ltr'>aurium</span> <span class='ocrx_word' id='word_1_300' title='bbox 1098 2245 1297 2288; x_wconf 90' lang='lat' dir='ltr'>iudicium</span> <span class='ocrx_word' id='word_1_301' title='bbox 1327 2260 1492 2302; x_wconf 90' lang='lat' dir='ltr'>semper</span> <span class='ocrx_word' id='word_1_302' title='bbox 1519 2247 1630 2290; x_wconf 91' lang='lat' dir='ltr'>licet.</span> <span class='ocrx_word' id='word_1_303' title='bbox 1691 2250 1918 2290; x_wconf 87' lang='lat' dir='ltr'>Burrum</span> <span class='ocrx_word' id='word_1_304' title='bbox 1948 2259 2058 2288; x_wconf 89' lang='lat' dir='ltr'>sem-</span> 
     </span>
     <span class='ocr_line' id='line_1_34' title="bbox 305 2307 1133 2369; baseline -0.011 -12"><span class='ocrx_word' id='word_1_305' title='bbox 305 2328 383 2369; x_wconf 91' lang='lat' dir='ltr'>per</span> <span class='ocrx_word' id='word_1_306' title='bbox 410 2312 586 2361; x_wconf 91' lang='lat' dir='ltr'>Ennius,</span> <span class='ocrx_word' id='word_1_307' title='bbox 617 2324 826 2366; x_wconf 91' lang='lat' dir='ltr'>nunquam</span> <span class='ocrx_word' id='word_1_308' title='bbox 854 2307 1133 2366; x_wconf 71' lang='lat' dir='ltr'>Pyrrhum3</span> 
     </span>
    </p>
   </div>
   <div class='ocr_carea' id='block_1_3' title="bbox 701 2410 1228 2464">
    <p class='ocr_par' dir='ltr' id='par_1_3' title="bbox 701 2410 1228 2464">
     <span class='ocr_line' id='line_1_35' title="bbox 701 2410 1228 2464; baseline 0.002 -13"><span class='ocrx_word' id='word_1_309' title='bbox 701 2411 744 2451; x_wconf 72' lang='lat' dir='ltr'>Vi</span> <span class='ocrx_word' id='word_1_310' title='bbox 765 2410 1029 2463; x_wconf 79' lang='lat' dir='ltr'>patefecerunt</span> <span class='ocrx_word' id='word_1_311' title='bbox 1055 2410 1228 2464; x_wconf 72' lang='lat' dir='ltr'>Bruqes,</span> 
     </span>
    </p>
   </div>
   <div class='ocr_carea' id='block_1_4' title="bbox 309 2586 2059 3237">
    <p class='ocr_par' dir='ltr' id='par_1_4' title="bbox 309 2586 2059 3237">
     <span class='ocr_line' id='line_1_36' title="bbox 400 2586 2057 2631; baseline 0.001 -12"><span class='ocrx_word' id='word_1_312' title='bbox 400 2592 433 2623; x_wconf 91' lang='lat'>1.</span> <span class='ocrx_word' id='word_1_313' title='bbox 458 2587 624 2631; x_wconf 82' lang='lat' dir='ltr'>quiddam</span> <span class='ocrx_word' id='word_1_314' title='bbox 649 2586 838 2618; x_wconf 84' lang='lat' dir='ltr'>barbarum</span> <span class='ocrx_word' id='word_1_315' title='bbox 861 2587 1027 2618; x_wconf 84' lang='lat' dir='ltr'>nimirum</span> <span class='ocrx_word' id='word_1_316' title='bbox 1060 2586 1184 2618; x_wconf 83' lang='lat' dir='ltr'>habere</span> <span class='ocrx_word' id='word_1_317' title='bbox 1218 2586 1354 2620; x_wconf 81' lang='lat' dir='ltr'>videtur</span> <span class='ocrx_word' id='word_1_318' title='bbox 1380 2592 1557 2629; x_wconf 85' lang='lat' dir='ltr'>tamquam</span> <span class='ocrx_word' id='word_1_319' title='bbox 1583 2598 1622 2622; x_wconf 85' lang='lat' dir='ltr'>ex</span> <span class='ocrx_word' id='word_1_320' title='bbox 1648 2589 1717 2621; x_wconf 89' lang='lat' dir='ltr'>Vit.</span> <span class='ocrx_word' id='word_1_321' title='bbox 1744 2588 1887 2630; x_wconf 85' lang='lat' dir='ltr'>Meyer:</span> <span class='ocrx_word' id='word_1_322' title='bbox 1926 2588 1988 2622; x_wconf 84' lang='lat' dir='ltr'>sed</span> <span class='ocrx_word' id='word_1_323' title='bbox 2020 2589 2057 2620; x_wconf 87' lang='lat' dir='ltr'>in</span> 
     </span>
     <span class='ocr_line' id='line_1_37' title="bbox 311 2633 2058 2676; baseline -0.004 -3"><span class='ocrx_word' id='word_1_324' title='bbox 311 2639 422 2673; x_wconf 88' lang='lat' dir='ltr'>Codd.</span> <span class='ocrx_word' id='word_1_325' title='bbox 460 2636 602 2668; x_wconf 82' lang='lat' dir='ltr'>sinceris</span> <span class='ocrx_word' id='word_1_326' title='bbox 636 2633 739 2665; x_wconf 82' lang='lat' dir='ltr'>huius</span> <span class='ocrx_word' id='word_1_327' title='bbox 766 2633 872 2671; x_wconf 87' lang='lat' dir='ltr'>lect.‚</span> <span class='ocrx_word' id='word_1_328' title='bbox 915 2642 1005 2673; x_wconf 89' lang='lat' dir='ltr'>quae</span> <span class='ocrx_word' id='word_1_329' title='bbox 1041 2642 1123 2666; x_wconf 88' lang='lat' dir='ltr'>sane</span> <span class='ocrx_word' id='word_1_330' title='bbox 1151 2637 1202 2666; x_wconf 86' lang='lat' dir='ltr'>est</span> <span class='ocrx_word' id='word_1_331' title='bbox 1238 2636 1272 2665; x_wconf 92' lang='lat' dir='ltr'>in</span> <span class='ocrx_word' id='word_1_332' title='bbox 1299 2635 1440 2667; x_wconf 78' lang='lat' dir='ltr'>Ascens.</span> <span class='ocrx_word' id='word_1_333' title='bbox 1477 2645 1551 2676; x_wconf 90' lang='lat' dir='ltr'>pr.‚</span> <span class='ocrx_word' id='word_1_334' title='bbox 1594 2636 1725 2668; x_wconf 88' lang='lat' dir='ltr'>nullum</span> <span class='ocrx_word' id='word_1_335' title='bbox 1753 2640 1931 2676; x_wconf 86' lang='lat' dir='ltr'>comparet</span> <span class='ocrx_word' id='word_1_336' title='bbox 1955 2636 2058 2669; x_wconf 89' lang='lat' dir='ltr'>vesti-</span> 
     </span>
     <span class='ocr_line' id='line_1_38' title="bbox 310 2679 2059 2728; baseline -0.002 -11"><span class='ocrx_word' id='word_1_337' title='bbox 310 2689 426 2728; x_wconf 69' lang='lat' dir='ltr'>giumz</span> <span class='ocrx_word' id='word_1_338' title='bbox 454 2693 494 2716; x_wconf 83' lang='lat' dir='ltr'>ex</span> <span class='ocrx_word' id='word_1_339' title='bbox 516 2681 728 2721; x_wconf 88' lang='lat' dir='ltr'>interpolatis</span> <span class='ocrx_word' id='word_1_340' title='bbox 755 2685 938 2713; x_wconf 84' lang='lat' dir='ltr'>enotatur:</span> <span class='ocrx_word' id='word_1_341' title='bbox 965 2679 1151 2712; x_wconf 83' lang='lat' dir='ltr'>barbarum</span> <span class='ocrx_word' id='word_1_342' title='bbox 1173 2682 1246 2712; x_wconf 81' lang='lat' dir='ltr'>iam</span> <span class='ocrx_word' id='word_1_343' title='bbox 1271 2682 1393 2714; x_wconf 83' lang='lat' dir='ltr'>habere</span> <span class='ocrx_word' id='word_1_344' title='bbox 1416 2683 1555 2714; x_wconf 81' lang='lat' dir='ltr'>videtur</span> <span class='ocrx_word' id='word_1_345' title='bbox 1579 2683 1659 2715; x_wconf 87' lang='lat' dir='ltr'>Vet.</span> <span class='ocrx_word' id='word_1_346' title='bbox 1687 2682 1808 2722; x_wconf 83' lang='lat' dir='ltr'>Steph.</span> <span class='ocrx_word' id='word_1_347' title='bbox 1829 2705 1839 2721; x_wconf 92' lang='lat'>‚</span> <span class='ocrx_word' id='word_1_348' title='bbox 1866 2682 2059 2715; x_wconf 79' lang='lat' dir='ltr'>barbarum</span> 
     </span>
     <span class='ocr_line' id='line_1_39' title="bbox 309 2727 2056 2772; baseline -0.003 -6"><span class='ocrx_word' id='word_1_349' title='bbox 309 2742 393 2766; x_wconf 75' lang='lat' dir='ltr'>num</span> <span class='ocrx_word' id='word_1_350' title='bbox 418 2728 509 2772; x_wconf 85' lang='lat' dir='ltr'>(eum</span> <span class='ocrx_word' id='word_1_351' title='bbox 535 2727 609 2766; x_wconf 89' lang='lat' dir='ltr'>lin.)</span> <span class='ocrx_word' id='word_1_352' title='bbox 635 2728 756 2760; x_wconf 83' lang='lat' dir='ltr'>habere</span> <span class='ocrx_word' id='word_1_353' title='bbox 780 2727 916 2758; x_wconf 77' lang='lat' dir='ltr'>videtur</span> <span class='ocrx_word' id='word_1_354' title='bbox 942 2727 1012 2759; x_wconf 84' lang='lat' dir='ltr'>Eri.</span> <span class='ocrx_word' id='word_1_355' title='bbox 1046 2744 1083 2751; x_wconf 93' lang='lat'><em>-</em></span> <span class='ocrx_word' id='word_1_356' title='bbox 1110 2727 1144 2759; x_wconf 89' lang='lat'>3.</span> <span class='ocrx_word' id='word_1_357' title='bbox 1172 2732 1221 2760; x_wconf 85' lang='lat' dir='ltr'>est</span> <span class='ocrx_word' id='word_1_358' title='bbox 1245 2728 1307 2760; x_wconf 86' lang='lat' dir='ltr'>abs</span> <span class='ocrx_word' id='word_1_359' title='bbox 1332 2728 1450 2770; x_wconf 86' lang='lat' dir='ltr'>eaque]</span> <span class='ocrx_word' id='word_1_360' title='bbox 1478 2735 1526 2762; x_wconf 82' lang='lat' dir='ltr'>est</span> <span class='ocrx_word' id='word_1_361' title='bbox 1550 2737 1657 2771; x_wconf 83' lang='lat' dir='ltr'>eaque</span> <span class='ocrx_word' id='word_1_362' title='bbox 1680 2729 1751 2761; x_wconf 84' lang='lat' dir='ltr'>Vit.</span> <span class='ocrx_word' id='word_1_363' title='bbox 1771 2730 1870 2763; x_wconf 88' lang='lat' dir='ltr'>Eins.</span> <span class='ocrx_word' id='word_1_364' title='bbox 1897 2729 1960 2761; x_wconf 86' lang='lat' dir='ltr'>Dr.</span> <span class='ocrx_word' id='word_1_365' title='bbox 1988 2728 2056 2761; x_wconf 90' lang='lat' dir='ltr'>Gu.</span> 
     </span>
     <span class='ocr_line' id='line_1_40' title="bbox 311 2773 2058 2818; baseline -0.001 -8"><span class='ocrx_word' id='word_1_366' title='bbox 311 2781 345 2812; x_wconf 84' lang='lat'>1.</span> <span class='ocrx_word' id='word_1_367' title='bbox 372 2779 406 2810; x_wconf 84' lang='lat'>2.</span> <span class='ocrx_word' id='word_1_368' title='bbox 433 2778 489 2815; x_wconf 86' lang='lat' dir='ltr'>R,</span> <span class='ocrx_word' id='word_1_369' title='bbox 515 2779 565 2808; x_wconf 84' lang='lat' dir='ltr'>est</span> <span class='ocrx_word' id='word_1_370' title='bbox 591 2775 633 2806; x_wconf 92' lang='lat' dir='ltr'>ab</span> <span class='ocrx_word' id='word_1_371' title='bbox 659 2783 723 2815; x_wconf 81' lang='lat' dir='ltr'>que</span> <span class='ocrx_word' id='word_1_372' title='bbox 750 2773 816 2806; x_wconf 88' lang='lat' dir='ltr'>Gu.</span> <span class='ocrx_word' id='word_1_373' title='bbox 844 2773 878 2804; x_wconf 92' lang='grc'>3.</span> <span class='ocrx_word' id='word_1_374' title='bbox 908 2778 959 2805; x_wconf 82' lang='lat' dir='ltr'>est</span> <span class='ocrx_word' id='word_1_375' title='bbox 982 2774 1091 2814; x_wconf 80' lang='lat' dir='ltr'>abque</span> <span class='ocrx_word' id='word_1_376' title='bbox 1116 2783 1179 2814; x_wconf 84' lang='lat' dir='ltr'>que</span> <span class='ocrx_word' id='word_1_377' title='bbox 1205 2774 1276 2806; x_wconf 86' lang='lat' dir='ltr'>Eri.</span> <span class='ocrx_word' id='word_1_378' title='bbox 1316 2776 1359 2807; x_wconf 79' lang='lat' dir='ltr'>Ut</span> <span class='ocrx_word' id='word_1_379' title='bbox 1383 2786 1444 2808; x_wconf 88' lang='lat' dir='ltr'>nos</span> <span class='ocrx_word' id='word_1_380' title='bbox 1462 2799 1471 2813; x_wconf 91' lang='lat'>,</span> <span class='ocrx_word' id='word_1_381' title='bbox 1498 2777 1642 2809; x_wconf 83' lang='lat' dir='ltr'>Ascens.</span> <span class='ocrx_word' id='word_1_382' title='bbox 1671 2785 1742 2809; x_wconf 86' lang='lat' dir='ltr'>sec.</span> <span class='ocrx_word' id='word_1_383' title='bbox 1769 2786 1869 2818; x_wconf 88' lang='lat' dir='ltr'>seqq.</span> <span class='ocrx_word' id='word_1_384' title='bbox 1896 2793 1938 2799; x_wconf 95' lang='lat'>-</span> <span class='ocrx_word' id='word_1_385' title='bbox 1963 2776 1998 2808; x_wconf 66' lang='grc' dir='ltr'>ά.</span> <span class='ocrx_word' id='word_1_386' title='bbox 2025 2779 2058 2808; x_wconf 79' lang='lat' dir='ltr'>et</span> 
     </span>
     <span class='ocr_line' id='line_1_41' title="bbox 311 2819 2059 2863; baseline -0.003 -5"><span class='ocrx_word' id='word_1_387' title='bbox 311 2835 352 2858; x_wconf 78' lang='lat' dir='ltr'>ne</span> <span class='ocrx_word' id='word_1_388' title='bbox 378 2824 506 2856; x_wconf 85' lang='lat' dir='ltr'>Handii</span> <span class='ocrx_word' id='word_1_389' title='bbox 530 2823 695 2862; x_wconf 85' lang='lat' dir='ltr'>suspicio.</span> <span class='ocrx_word' id='word_1_390' title='bbox 726 2837 768 2844; x_wconf 97' lang='lat'><strong>—</strong></span> <span class='ocrx_word' id='word_1_391' title='bbox 793 2819 826 2852; x_wconf 90' lang='lat'>8.</span> <span class='ocrx_word' id='word_1_392' title='bbox 862 2822 1053 2860; x_wconf 76' lang='lat' dir='ltr'>reperietur</span> <span class='ocrx_word' id='word_1_393' title='bbox 1078 2821 1147 2853; x_wconf 83' lang='lat' dir='ltr'>Vit.</span> <span class='ocrx_word' id='word_1_394' title='bbox 1175 2821 1272 2853; x_wconf 88' lang='lat' dir='ltr'>Eins.</span> <span class='ocrx_word' id='word_1_395' title='bbox 1302 2822 1370 2854; x_wconf 89' lang='lat' dir='ltr'>Gu.</span> <span class='ocrx_word' id='word_1_396' title='bbox 1397 2824 1430 2854; x_wconf 82' lang='lat'>2.</span> <span class='ocrx_word' id='word_1_397' title='bbox 1457 2823 1536 2856; x_wconf 83' lang='lat' dir='ltr'>Vet.</span> <span class='ocrx_word' id='word_1_398' title='bbox 1564 2823 1684 2863; x_wconf 88' lang='lat' dir='ltr'>Steph.</span> <span class='ocrx_word' id='word_1_399' title='bbox 1712 2823 1783 2856; x_wconf 89' lang='lat' dir='ltr'>Erl.</span> <span class='ocrx_word' id='word_1_400' title='bbox 1801 2824 1856 2856; x_wconf 87' lang='lat' dir='ltr'>R:</span> <span class='ocrx_word' id='word_1_401' title='bbox 1883 2823 2059 2863; x_wconf 79' lang='lat' dir='ltr'>reperitur</span> 
     </span>
     <span class='ocr_line' id='line_1_42' title="bbox 314 2868 2056 2909; baseline -0.002 -5"><span class='ocrx_word' id='word_1_402' title='bbox 314 2881 392 2904; x_wconf 85' lang='lat' dir='ltr'>cum</span> <span class='ocrx_word' id='word_1_403' title='bbox 416 2871 570 2903; x_wconf 88' lang='lat' dir='ltr'>Victorio</span> <span class='ocrx_word' id='word_1_404' title='bbox 598 2869 636 2900; x_wconf 87' lang='lat' dir='ltr'>E.</span> <span class='ocrx_word' id='word_1_405' title='bbox 667 2885 704 2892; x_wconf 93' lang='lat'>—</span> <span class='ocrx_word' id='word_1_406' title='bbox 733 2868 788 2900; x_wconf 82' lang='lat'>12.</span> <span class='ocrx_word' id='word_1_407' title='bbox 816 2868 957 2908; x_wconf 80' lang='lat' dir='ltr'>refecit,</span> <span class='ocrx_word' id='word_1_408' title='bbox 982 2868 1135 2907; x_wconf 82' lang='lat' dir='ltr'>rettulit,</span> <span class='ocrx_word' id='word_1_409' title='bbox 1174 2869 1325 2901; x_wconf 78' lang='lat' dir='ltr'>reddidit</span> <span class='ocrx_word' id='word_1_410' title='bbox 1351 2870 1428 2902; x_wconf 86' lang='lat' dir='ltr'>libri</span> <span class='ocrx_word' id='word_1_411' title='bbox 1454 2872 1547 2905; x_wconf 86' lang='lat' dir='ltr'>noti,</span> <span class='ocrx_word' id='word_1_412' title='bbox 1590 2875 1624 2902; x_wconf 91' lang='lat' dir='ltr'>et</span> <span class='ocrx_word' id='word_1_413' title='bbox 1647 2872 1772 2903; x_wconf 85' lang='lat' dir='ltr'>sinceri</span> <span class='ocrx_word' id='word_1_414' title='bbox 1800 2875 1835 2903; x_wconf 87' lang='lat' dir='ltr'>et</span> <span class='ocrx_word' id='word_1_415' title='bbox 1858 2869 2056 2909; x_wconf 84' lang='lat' dir='ltr'>interpolati</span> 
     </span>
     <span class='ocr_line' id='line_1_43' title="bbox 315 2913 2058 2958; baseline -0.002 -7"><span class='ocrx_word' id='word_1_416' title='bbox 315 2920 430 2958; x_wconf 87' lang='lat' dir='ltr'>(etiam</span> <span class='ocrx_word' id='word_1_417' title='bbox 455 2919 482 2949; x_wconf 80' lang='grc' dir='ltr'><strong>Α</strong></span> <span class='ocrx_word' id='word_1_418' title='bbox 509 2922 542 2949; x_wconf 87' lang='lat' dir='ltr'>et</span> <span class='ocrx_word' id='word_1_419' title='bbox 569 2915 635 2948; x_wconf 88' lang='lat' dir='ltr'>Gu.</span> <span class='ocrx_word' id='word_1_420' title='bbox 663 2913 771 2954; x_wconf 86' lang='lat' dir='ltr'>tres):</span> <span class='ocrx_word' id='word_1_421' title='bbox 800 2913 930 2954; x_wconf 75' lang='lat' dir='ltr'>effecit,</span> <span class='ocrx_word' id='word_1_422' title='bbox 969 2915 1110 2952; x_wconf 77' lang='lat' dir='ltr'>extulit,</span> <span class='ocrx_word' id='word_1_423' title='bbox 1145 2916 1251 2948; x_wconf 77' lang='lat' dir='ltr'>edidit</span> <span class='ocrx_word' id='word_1_424' title='bbox 1277 2925 1355 2948; x_wconf 86' lang='lat' dir='ltr'>cum</span> <span class='ocrx_word' id='word_1_425' title='bbox 1379 2917 1468 2949; x_wconf 81' lang='lat' dir='ltr'>Aldo</span> <span class='ocrx_word' id='word_1_426' title='bbox 1493 2920 1527 2949; x_wconf 87' lang='lat' dir='ltr'>et</span> <span class='ocrx_word' id='word_1_427' title='bbox 1549 2916 1670 2949; x_wconf 85' lang='lat' dir='ltr'>Lamb.</span> <span class='ocrx_word' id='word_1_428' title='bbox 1707 2918 1748 2949; x_wconf 88' lang='lat' dir='ltr'>E.</span> <span class='ocrx_word' id='word_1_429' title='bbox 1779 2933 1817 2940; x_wconf 92' lang='lat'>—</span> <span class='ocrx_word' id='word_1_430' title='bbox 1859 2916 1916 2949; x_wconf 87' lang='lat'>13.</span> <span class='ocrx_word' id='word_1_431' title='bbox 1940 2918 2058 2956; x_wconf 78' lang='lat' dir='ltr'>prima</span> 
     </span>
     <span class='ocr_line' id='line_1_44' title="bbox 316 2960 2057 3004; baseline 0 -8"><span class='ocrx_word' id='word_1_432' title='bbox 316 2966 431 2997; x_wconf 77' lang='lat' dir='ltr'>littera</span> <span class='ocrx_word' id='word_1_433' title='bbox 453 2963 747 3004; x_wconf 75' lang='lat' dir='ltr'>praepositionem</span> <span class='ocrx_word' id='word_1_434' title='bbox 771 2960 994 3000; x_wconf 84' lang='lat' dir='ltr'>probabiliter</span> <span class='ocrx_word' id='word_1_435' title='bbox 1020 2961 1212 2994; x_wconf 85' lang='lat' dir='ltr'>Schneider</span> <span class='ocrx_word' id='word_1_436' title='bbox 1236 2963 1457 2996; x_wconf 84' lang='lat' dir='ltr'>Elementarl.</span> <span class='ocrx_word' id='word_1_437' title='bbox 1484 2972 1518 3002; x_wconf 88' lang='lat' dir='ltr'>p.</span> <span class='ocrx_word' id='word_1_438' title='bbox 1545 2963 1625 2995; x_wconf 78' lang='lat'><strong>612.</strong></span> <span class='ocrx_word' id='word_1_439' title='bbox 1644 2987 1653 3002; x_wconf 96' lang='lat'>,</span> <span class='ocrx_word' id='word_1_440' title='bbox 1679 2964 1807 3004; x_wconf 86' lang='lat' dir='ltr'>Peter,</span> <span class='ocrx_word' id='word_1_441' title='bbox 1843 2963 1993 2996; x_wconf 88' lang='lat' dir='ltr'>Goeller·</span> <span class='ocrx_word' id='word_1_442' title='bbox 2013 2978 2057 2984; x_wconf 93' lang='lat'>--</span> 
     </span>
     <span class='ocr_line' id='line_1_45' title="bbox 316 3007 2058 3052; baseline -0.001 -10"><span class='ocrx_word' id='word_1_443' title='bbox 316 3010 457 3051; x_wconf 74' lang='lat' dir='ltr'>subeqit]</span> <span class='ocrx_word' id='word_1_444' title='bbox 485 3010 561 3042; x_wconf 86' lang='lat' dir='ltr'>iibri</span> <span class='ocrx_word' id='word_1_445' title='bbox 587 3010 706 3046; x_wconf 87' lang='lat' dir='ltr'>(etiam</span> <span class='ocrx_word' id='word_1_446' title='bbox 732 3009 761 3039; x_wconf 84' lang='grc' dir='ltr'><strong>Α</strong></span> <span class='ocrx_word' id='word_1_447' title='bbox 788 3011 822 3040; x_wconf 87' lang='lat' dir='ltr'>et</span> <span class='ocrx_word' id='word_1_448' title='bbox 847 3007 912 3039; x_wconf 91' lang='lat' dir='ltr'>Gu.</span> <span class='ocrx_word' id='word_1_449' title='bbox 940 3010 1047 3044; x_wconf 82' lang='lat' dir='ltr'>tres):</span> <span class='ocrx_word' id='word_1_450' title='bbox 1074 3007 1216 3050; x_wconf 62' lang='lat' dir='ltr'>suffugit</span> <span class='ocrx_word' id='word_1_451' title='bbox 1241 3017 1318 3041; x_wconf 88' lang='lat' dir='ltr'>cum</span> <span class='ocrx_word' id='word_1_452' title='bbox 1345 3010 1434 3042; x_wconf 88' lang='lat' dir='ltr'>Ven.</span> <span class='ocrx_word' id='word_1_453' title='bbox 1461 3018 1529 3042; x_wconf 85' lang='lat' dir='ltr'>sec.</span> <span class='ocrx_word' id='word_1_454' title='bbox 1558 3010 1599 3041; x_wconf 90' lang='lat' dir='ltr'>E.</span> <span class='ocrx_word' id='word_1_455' title='bbox 1630 3026 1670 3033; x_wconf 91' lang='lat'><strong>—</strong></span> <span class='ocrx_word' id='word_1_456' title='bbox 1697 3009 1940 3052; x_wconf 80' lang='lat' dir='ltr'>summutavit]</span> <span class='ocrx_word' id='word_1_457' title='bbox 1967 3018 2058 3042; x_wconf 80' lang='lat' dir='ltr'>sum-</span> 
     </span>
     <span class='ocr_line' id='line_1_46' title="bbox 317 3054 2054 3096; baseline 0 -8"><span class='ocrx_word' id='word_1_458' title='bbox 317 3059 422 3088; x_wconf 80' lang='lat' dir='ltr'>movit</span> <span class='ocrx_word' id='word_1_459' title='bbox 448 3058 536 3089; x_wconf 88' lang='lat' dir='ltr'>Ven.</span> <span class='ocrx_word' id='word_1_460' title='bbox 564 3064 634 3088; x_wconf 88' lang='lat' dir='ltr'>sec.</span> <span class='ocrx_word' id='word_1_461' title='bbox 675 3071 716 3078; x_wconf 90' lang='lat'>—</span> <span class='ocrx_word' id='word_1_462' title='bbox 757 3054 814 3086; x_wconf 87' lang='grc'>19.</span> <span class='ocrx_word' id='word_1_463' title='bbox 839 3054 999 3086; x_wconf 80' lang='lat' dir='ltr'>indoctus</span> <span class='ocrx_word' id='word_1_464' title='bbox 1026 3054 1115 3087; x_wconf 85' lang='lat' dir='ltr'>Geli.</span> <span class='ocrx_word' id='word_1_465' title='bbox 1141 3055 1184 3087; x_wconf 88' lang='lat' dir='ltr'>N.</span> <span class='ocrx_word' id='word_1_466' title='bbox 1211 3055 1254 3087; x_wconf 85' lang='lat' dir='ltr'>A.</span> <span class='ocrx_word' id='word_1_467' title='bbox 1282 3057 1323 3093; x_wconf 77' lang='lat'>2,</span> <span class='ocrx_word' id='word_1_468' title='bbox 1351 3057 1432 3094; x_wconf 87' lang='lat'>17.,</span> <span class='ocrx_word' id='word_1_469' title='bbox 1470 3059 1553 3089; x_wconf 89' lang='lat' dir='ltr'>item</span> <span class='ocrx_word' id='word_1_470' title='bbox 1581 3057 1635 3096; x_wconf 88' lang='grc' dir='ltr'>Α,</span> <span class='ocrx_word' id='word_1_471' title='bbox 1661 3057 1741 3090; x_wconf 88' lang='lat' dir='ltr'>Vet.</span> <span class='ocrx_word' id='word_1_472' title='bbox 1769 3058 1836 3090; x_wconf 88' lang='lat' dir='ltr'>Gu.</span> <span class='ocrx_word' id='word_1_473' title='bbox 1864 3057 1898 3089; x_wconf 88' lang='lat'>3.</span> <span class='ocrx_word' id='word_1_474' title='bbox 1924 3061 1960 3090; x_wconf 84' lang='lat' dir='ltr'>et</span> <span class='ocrx_word' id='word_1_475' title='bbox 1983 3056 2054 3089; x_wconf 79' lang='lat' dir='ltr'>Vit-</span> 
     </span>
     <span class='ocr_line' id='line_1_47' title="bbox 319 3100 2057 3144; baseline -0.001 -8"><span class='ocrx_word' id='word_1_476' title='bbox 319 3103 415 3136; x_wconf 86' lang='lat' dir='ltr'>Eius.</span> <span class='ocrx_word' id='word_1_477' title='bbox 441 3103 537 3135; x_wconf 85' lang='lat' dir='ltr'>Mon.</span> <span class='ocrx_word' id='word_1_478' title='bbox 565 3103 607 3135; x_wconf 84' lang='lat' dir='ltr'>R.</span> <span class='ocrx_word' id='word_1_479' title='bbox 637 3100 685 3143; x_wconf 86' lang='lat' dir='ltr'>(hi</span> <span class='ocrx_word' id='word_1_480' title='bbox 712 3106 877 3141; x_wconf 84' lang='lat' dir='ltr'>quattuor</span> <span class='ocrx_word' id='word_1_481' title='bbox 900 3100 1100 3135; x_wconf 76' lang='lat' dir='ltr'>inductus):</span> <span class='ocrx_word' id='word_1_482' title='bbox 1126 3101 1265 3133; x_wconf 76' lang='lat' dir='ltr'>inclitus</span> <span class='ocrx_word' id='word_1_483' title='bbox 1291 3103 1362 3136; x_wconf 87' lang='lat' dir='ltr'>Erl.</span> <span class='ocrx_word' id='word_1_484' title='bbox 1390 3103 1432 3135; x_wconf 87' lang='lat' dir='ltr'>E.</span> <span class='ocrx_word' id='word_1_485' title='bbox 1460 3121 1502 3126; x_wconf 98' lang='lat'><strong>—</strong></span> <span class='ocrx_word' id='word_1_486' title='bbox 1537 3104 1594 3135; x_wconf 77' lang='lat'>22.</span> <span class='ocrx_word' id='word_1_487' title='bbox 1621 3107 1724 3144; x_wconf 82' lang='lat' dir='ltr'>atque</span> <span class='ocrx_word' id='word_1_488' title='bbox 1746 3107 1783 3137; x_wconf 80' lang='lat' dir='ltr'>in</span> <span class='ocrx_word' id='word_1_489' title='bbox 1807 3103 1902 3144; x_wconf 80' lang='lat' dir='ltr'>felice</span> <span class='ocrx_word' id='word_1_490' title='bbox 1925 3103 1986 3135; x_wconf 88' lang='lat' dir='ltr'>Dr.</span> <span class='ocrx_word' id='word_1_491' title='bbox 2013 3119 2057 3126; x_wconf 91' lang='lat'>—-</span> 
     </span>
     <span class='ocr_line' id='line_1_48' title="bbox 320 3148 2057 3189; baseline 0 -8"><span class='ocrx_word' id='word_1_492' title='bbox 320 3151 479 3182; x_wconf 81' lang='lat' dir='ltr'>dicuntur</span> <span class='ocrx_word' id='word_1_493' title='bbox 504 3149 590 3181; x_wconf 85' lang='lat' dir='ltr'>Geli.</span> <span class='ocrx_word' id='word_1_494' title='bbox 617 3148 640 3180; x_wconf 95' lang='grc'>1.</span> <span class='ocrx_word' id='word_1_495' title='bbox 667 3149 688 3179; x_wconf 91' lang='lat' dir='ltr'>l.</span> <span class='ocrx_word' id='word_1_496' title='bbox 730 3148 796 3181; x_wconf 89' lang='lat' dir='ltr'>Gu.</span> <span class='ocrx_word' id='word_1_497' title='bbox 825 3152 913 3187; x_wconf 89' lang='lat' dir='ltr'>tres,</span> <span class='ocrx_word' id='word_1_498' title='bbox 952 3148 1013 3179; x_wconf 88' lang='lat' dir='ltr'>Dr.</span> <span class='ocrx_word' id='word_1_499' title='bbox 1042 3148 1113 3180; x_wconf 87' lang='lat' dir='ltr'>Erl.</span> <span class='ocrx_word' id='word_1_500' title='bbox 1152 3148 1332 3188; x_wconf 76' lang='lat' dir='ltr'>(producte</span> <span class='ocrx_word' id='word_1_501' title='bbox 1357 3151 1484 3182; x_wconf 82' lang='lat' dir='ltr'>dicitur</span> <span class='ocrx_word' id='word_1_502' title='bbox 1507 3159 1569 3189; x_wconf 81' lang='grc' dir='ltr'>ιΝ,</span> <span class='ocrx_word' id='word_1_503' title='bbox 1609 3151 1648 3183; x_wconf 78' lang='lat' dir='ltr'>‘in</span> <span class='ocrx_word' id='word_1_504' title='bbox 1671 3157 1738 3184; x_wconf 84' lang='lat' dir='ltr'>cet.</span> <span class='ocrx_word' id='word_1_505' title='bbox 1766 3151 1979 3186; x_wconf 78' lang='lat' dir='ltr'>Schmzius.)</span> <span class='ocrx_word' id='word_1_506' title='bbox 2011 3165 2057 3171; x_wconf 92' lang='lat'>—-</span> 
     </span>
     <span class='ocr_line' id='line_1_49' title="bbox 321 3195 2054 3237; baseline 0.001 -9"><span class='ocrx_word' id='word_1_507' title='bbox 321 3197 376 3228; x_wconf 90' lang='lat'>30.</span> <span class='ocrx_word' id='word_1_508' title='bbox 397 3196 570 3226; x_wconf 83' lang='lat' dir='ltr'>scientiam</span> <span class='ocrx_word' id='word_1_509' title='bbox 587 3196 638 3226; x_wconf 76' lang='lat' dir='ltr'>rei</span> <span class='ocrx_word' id='word_1_510' title='bbox 654 3195 723 3226; x_wconf 89' lang='lat' dir='ltr'>Vit.</span> <span class='ocrx_word' id='word_1_511' title='bbox 743 3212 782 3219; x_wconf 96' lang='lat'>—</span> <span class='ocrx_word' id='word_1_512' title='bbox 802 3195 859 3227; x_wconf 81' lang='lat'>32.</span> <span class='ocrx_word' id='word_1_513' title='bbox 878 3203 1010 3235; x_wconf 88' lang='lat' dir='ltr'>semper</span> <span class='ocrx_word' id='word_1_514' title='bbox 1026 3201 1104 3228; x_wconf 85' lang='lat' dir='ltr'>ante</span> <span class='ocrx_word' id='word_1_515' title='bbox 1123 3204 1155 3228; x_wconf 88' lang='lat' dir='ltr'>v.</span> <span class='ocrx_word' id='word_1_516' title='bbox 1174 3195 1251 3227; x_wconf 85' lang='lat' dir='ltr'>licet</span> <span class='ocrx_word' id='word_1_517' title='bbox 1270 3204 1338 3228; x_wconf 89' lang='lat' dir='ltr'>om.</span> <span class='ocrx_word' id='word_1_518' title='bbox 1360 3196 1427 3229; x_wconf 90' lang='lat' dir='ltr'>Gu.</span> <span class='ocrx_word' id='word_1_519' title='bbox 1447 3197 1480 3229; x_wconf 89' lang='grc'>3.</span> <span class='ocrx_word' id='word_1_520' title='bbox 1501 3197 1572 3229; x_wconf 88' lang='lat' dir='ltr'>Erl.</span> <span class='ocrx_word' id='word_1_521' title='bbox 1597 3212 1632 3219; x_wconf 89' lang='lat'>—</span> <span class='ocrx_word' id='word_1_522' title='bbox 1660 3199 1812 3230; x_wconf 81' lang='lat' dir='ltr'>Burrum</span> <span class='ocrx_word' id='word_1_523' title='bbox 1824 3197 1948 3229; x_wconf 82' lang='lat' dir='ltr'>Paiatt.</span> <span class='ocrx_word' id='word_1_524' title='bbox 1969 3196 2054 3237; x_wconf 88' lang='lat' dir='ltr'>duo,</span> 
     </span>
    </p>
   </div>
   <div class='ocr_carea' id='block_1_5' title="bbox 320 3242 2053 3329">
    <p class='ocr_par' dir='ltr' id='par_1_5' title="bbox 320 3242 2053 3329">
     <span class='ocr_line' id='line_1_50' title="bbox 320 3242 2053 3322; baseline 0.002 -48"><span class='ocrx_word' id='word_1_525' title='bbox 320 3242 468 3322; x_wconf 47' lang='lat' dir='ltr'>ssamb„</span> <span class='ocrx_word' id='word_1_526' title='bbox 496 3242 765 3320; x_wconf 56' lang='lat' dir='ltr'>bgrhumRErl„</span> <span class='ocrx_word' id='word_1_527' title='bbox 789 3242 941 3275; x_wconf 79' lang='lat' dir='ltr'>Parrum</span> <span class='ocrx_word' id='word_1_528' title='bbox 966 3242 1074 3275; x_wconf 85' lang='lat' dir='ltr'>Codd.</span> <span class='ocrx_word' id='word_1_529' title='bbox 1103 3242 1273 3284; x_wconf 89' lang='lat' dir='ltr'>plerique,</span> <span class='ocrx_word' id='word_1_530' title='bbox 1299 3243 1373 3276; x_wconf 85' lang='lat' dir='ltr'>RE.</span> <span class='ocrx_word' id='word_1_531' title='bbox 1399 3260 1443 3266; x_wconf 92' lang='lat'><em>-</em></span> <span class='ocrx_word' id='word_1_532' title='bbox 1467 3244 1524 3277; x_wconf 67' lang='lat'>34.</span> <span class='ocrx_word' id='word_1_533' title='bbox 1556 3243 1608 3286; x_wconf 83' lang='lat' dir='ltr'>Vi]</span> <span class='ocrx_word' id='word_1_534' title='bbox 1636 3244 1669 3278; x_wconf 86' lang='lat' dir='ltr'>bi</span> <span class='ocrx_word' id='word_1_535' title='bbox 1691 3246 1734 3278; x_wconf 85' lang='grc' dir='ltr'>Α.</span> <span class='ocrx_word' id='word_1_536' title='bbox 1763 3260 1802 3269; x_wconf 97' lang='grc'>-</span> <span class='ocrx_word' id='word_1_537' title='bbox 1828 3245 1960 3286; x_wconf 72' lang='lat' dir='ltr'>Fruqes</span> <span class='ocrx_word' id='word_1_538' title='bbox 1985 3244 2053 3278; x_wconf 84' lang='lat' dir='ltr'>Vit.</span> 
     </span>
     <span class='ocr_line' id='line_1_51' title="bbox 355 3295 681 3329; baseline -0.006 -7"><span class='ocrx_word' id='word_1_539' title='bbox 355 3299 381 3322; x_wconf 90' lang='lat' dir='ltr'>r.</span> <span class='ocrx_word' id='word_1_540' title='bbox 401 3313 410 3329; x_wconf 94' lang='lat'>,</span> <span class='ocrx_word' id='word_1_541' title='bbox 436 3297 488 3329; x_wconf 88' lang='lat' dir='ltr'>pr.</span> <span class='ocrx_word' id='word_1_542' title='bbox 548 3295 613 3319; x_wconf 84' lang='lat' dir='ltr'>ins.</span> <span class='ocrx_word' id='word_1_543' title='bbox 673 3310 681 3320; x_wconf 87' lang='lat'><strong>.</strong></span> 
     </span>
    </p>
   </div>
  </div>
 </body>
</html>
