2117 3762
696 276 792 315 LlB.
823 273 876 314 lt.
938 276 982 316 C.
1015 276 1082 315 38.
1116 276 1184 315 39.
1217 276 1285 315 40.
1785 279 1861 317 157

111 394 161 423 ea
189 386 260 422 aut
289 395 382 422 cum
414 379 614 436 improbis
643 379 937 419 communicari
969 387 1036 422 aut
1066 381 1107 421 in
1138 377 1417 421 mediocribus
1447 377 1682 420 hominibus
1703 381 1864 432 pervul-

111 445 220 497 gari;
271 450 310 484 ct
341 443 462 484 alter:
506 443 642 482 Minus
680 443 868 483 homines
908 442 1067 483 vii-tutis
1107 443 1282 495 cupidos
1313 442 1427 490 sore,
1480 441 1643 482 virtutis
1674 443 1856 496 praemio

110 506 378 560 pervulga103
429 518 533 560 quae
573 505 680 544 enim
725 518 815 545 rara
853 511 893 546 et
929 507 1056 546 ardua
1095 506 1197 552 sint,
1249 519 1298 545 ea
1336 505 1593 560 experiendo
1622 505 1794 559 pulchra
1825 511 1865 545 ct

110 569 289 609 iucunda
329 567 566 608 hominibus
602 564 759 614 vide1·i;
812 573 852 607 et
895 568 1059 609 tertius:
1113 569 1154 607 Si
1187 567 1406 613 exsistant,
1438 568 1507 622 qui
1546 568 1656 619 apud
1686 566 1865 607 maiores

111 636 278 672 nostros
317 629 372 672 ob
413 628 621 683 egregiam
664 627 856 669 virtutem
890 630 958 670 tali
989 632 1151 670 honore
1183 630 1338 683 dignati
1369 636 1488 678 sunt,
1541 643 1679 670 nonne
1712 631 1763 669 de
1794 642 1896 670 suas

111 692 263 746 gloria,
305 707 397 733 cum
429 692 518 745 pari
549 692 734 746 praemio
769 692 868 733 tales
900 695 1088 734 homines
1120 692 1227 733 aslici
1258 694 1444 740 videant,
1488 690 1662 732 delibari
1693 695 1866 747 putent?

110 761 151 795 et
181 768 327 797 eorum
358 754 615 796 enumeratio
647 761 687 795 et
716 768 808 796 cum
840 757 920 803 eis,
953 770 1057 810 quos
1089 761 1232 796 contra
1263 753 1396 801 dicas,
1437 755 1707 809 comparatio.
1767 754 1868 795 Eius

109 823 270 866 autem,
304 817 375 872 qui
406 816 636 872 praemium
669 823 798 870 petet,
832 819 927 858 sacti
959 819 1020 858 sui
1052 816 1339 872 amplificatio,
1371 830 1539 864 eorum,
1580 817 1651 872 qui
1681 816 1868 871 praemio

109 878 245 920 affecti
275 885 391 927 sunt,
427 891 519 919 cum
552 880 636 919 suis
667 878 784 919 factis
816 879 1040 921 contentio.
1104 882 1197 920 115.
1239 879 1397 919 Deinde
1417 910 1428 927 ‚
1461 885 1622 919 ceteros
1654 893 1677 919 a
1707 879 1868 920 virtutis

108 942 245 983 studio
276 942 488 996 repulsum
518 941 594 989 iri,
628 942 660 982 si
692 943 780 995 ipsc
811 945 997 995 praemio
1027 956 1112 982 non
1143 942 1195 982 sit
1224 940 1409 981 affectus.
1470 941 1700 982 Facultates
1729 946 1867 983 autem
1883 954 1918 979 ιο

108 1005 444 1052 considerantur,
493 1017 584 1044 cum
616 1006 786 1059 aliquod
815 1005 1084 1059 pecuniarum
1116 1004 1346 1057 praemium
1379 1005 1633 1056 postulatur;
1683 1005 1724 1044 in
1755 1017 1866 1058 quo,

106 1071 245 1107 utrum
267 1067 440 1122 copiane
463 1067 514 1107 sit
535 1067 647 1119 agri,
681 1066 972 1120 vectigalium,
1004 1067 1229 1121 pecuniae,
1261 1079 1311 1106 an
1335 1067 1529 1119 penuria,
1564 1067 1866 1108 consideratur.

107 1129 210 1169 Loci
239 1143 505 1170 communes:
553 1128 781 1170 Facultates
811 1142 986 1182 augere,
1018 1142 1102 1168 non
1132 1129 1318 1168 minuere
1351 1134 1570 1182 oportere,
1615 1134 1677 1170 et:
1730 1130 1869 1183 Impu-

108 1189 275 1233 dentem
307 1205 423 1240 esse,
465 1190 534 1246 qui
565 1204 642 1244 pro
674 1189 876 1232 beneficio
908 1204 993 1232 non
1025 1190 1200 1244 gratiam
1230 1204 1375 1231 verum
1405 1194 1638 1232 mercedem
1667 1191 1868 1246 postulet;

109 1260 254 1295 contra
283 1259 419 1296 autem
451 1255 501 1293 de
532 1254 708 1308 pecunia
740 1252 975 1294 ratiocinari
1005 1254 1220 1294 sordidum
1250 1266 1363 1301 esse,
1398 1267 1492 1294 cum
1523 1255 1574 1294 de
1605 1255 1733 1308 gratia
1763 1252 1918 1295 refe-15

106 1314 236 1357 reuda
266 1315 547 1364 deliberetur;
596 1321 637 1355 et
665 1329 708 1356 56
739 1330 823 1356 non
853 1315 1031 1371 pretium
1063 1329 1139 1371 pro
1177 1314 1284 1357 facto
1330 1317 1402 1357 sed
1447 1319 1650 1357 honorem
1682 1317 1759 1363 ita,
1808 1315 1869 1357 uti

106 1377 337 1420 factitatum
368 1380 441 1427 sit,
486 1392 564 1431 pro
604 1376 809 1419 beneficio
841 1378 1068 1434 postulare.
1128 1380 1187 1419 Ac
1218 1380 1268 1420 de
1301 1378 1667 1420 constitutionibus
1699 1379 1868 1433 quidem

108 1445 206 1483 satis
238 1443 392 1483 dictum
423 1446 505 1482 est:
552 1454 661 1482 nunc
691 1439 744 1482 de
775 1440 824 1482 iis
855 1441 1168 1490 controversiis,
1219 1455 1326 1497 quae
1361 1441 1404 1481 in
1441 1439 1597 1494 scripto
1627 1446 1868 1489 versantur,

109 1505 329 1546 dicendum
360 1502 539 1544 videtur.

218 1569 308 1609 XL.
359 1568 451 1607 116.
501 1567 548 1606 In
591 1567 748 1619 scripto
799 1572 989 1608 versatur
1037 1566 1343 1616 controversia,
1397 1580 1491 1608 cum
1537 1580 1591 1607 ex
1635 1565 1868 1621 scriptionis
1883 1578 1918 1605 πο

107 1630 270 1672 ratione
300 1630 456 1685 aliquid
488 1630 604 1669 dubii
635 1630 831 1670 nascitur.
893 1630 939 1670 Id
969 1628 1014 1670 fit
1050 1644 1104 1671 ex
1142 1629 1364 1684 ambiguo,
1415 1643 1468 1672 ex
1510 1630 1662 1685 scripto
1687 1636 1743 1671 ‘et
1778 1643 1872 1671 sen-

108 1693 263 1742 tentia,
315 1707 367 1733 ex
409 1693 629 1733 contrariis
672 1690 866 1746 legibus,
915 1706 966 1733 ex
1011 1691 1352 1741 ratiocinatione,
1399 1706 1452 1734 ex
1498 1690 1750 1734 definitione.
1808 1694 1871 1734 Ex

109 1755 306 1811 ambiguo
336 1760 475 1796 autem
505 1754 688 1795 nascitur
718 1755 1025 1803 controversia,
1068 1769 1185 1803 cum,
1228 1754 1327 1809 quid
1358 1754 1534 1796 senserit
1565 1755 1764 1810 scriptor,
1797 1757 1873 1797 ob-

109 1832 275 1860 scurum
307 1823 390 1865 est,
423 1818 536 1871 quod
567 1816 764 1872 scriptum
798 1818 899 1858 duas
920 1816 1111 1872 pluresve
1133 1831 1201 1858 res
1222 1815 1442 1871 significat,
1474 1819 1525 1858 ad
1545 1817 1656 1858 hunc
1677 1819 1869 1860 modum:

108 1879 430 1935 Paterfamilias,
461 1892 555 1919 cum
585 1878 715 1919 filium
745 1881 944 1920 heredem
972 1880 1149 1928 faceret,
1182 1893 1378 1922 vasorum
1408 1885 1700 1934 argenteorum
1729 1879 1870 1936 pondo
1884 1897 1918 1923 25

110 1948 275 1984 centum
306 1941 432 1984 uxori
462 1953 561 1982 suae
592 1940 650 1981 sic
681 1941 854 1995 legavit:
901 1943 1050 1984 HERES
1089 1955 1200 1983 MEvs
1237 1953 1383 1983 vxom
1414 1955 1529 1983 MEAE
1562 1954 1768 1984 vAsonvm
1798 1957 1871 1984 Aa-

110 2016 376 2047 GENTEORVM
417 2016 563 2047 Poxno
607 2017 799 2052 cmrvu,
847 2018 962 2053 QVAE
1008 2017 1181 2053 VOLET,
1232 2016 1366 2045 DATO.
1425 2006 1523 2046 Post
1559 2011 1737 2047 mortem
1782 2007 1871 2047 eius

108 2082 207 2110 vasa
236 2066 454 2123 magnifica
483 2073 524 2109 et
552 2068 734 2121 pretiose
767 2068 922 2108 caelata
951 2070 1055 2123 petit
1083 2081 1106 2109 a
1134 2066 1220 2108 filio
1252 2072 1398 2107 mater.
1458 2066 1531 2108 llle
1553 2081 1619 2115 se,
1653 2081 1759 2122 quae
1781 2069 1872 2122 ipse

108 2131 259 2180 vellet,
292 2130 446 2173 debere
477 2132 592 2172 dicit.
653 2131 865 2180 Primum,
899 2132 933 2172 si
962 2129 1052 2172 fieri
1081 2131 1254 2186 poterit,
1292 2128 1665 2172 demonstrandum
1695 2136 1757 2172 est
1786 2144 1872 2173 non

110 2207 202 2235 esse
232 2193 430 2249 ambigue
461 2194 685 2248 scriptum3
718 2198 943 2248 propterea
973 2195 1086 2248 quod
1116 2207 1261 2235 omnes
1281 2191 1324 2233 in
1346 2192 1647 2234 consuetudine
1668 2192 1871 2234 sermonis
1886 2208 1920 2234 30

110 2257 170 2296 sic
197 2256 260 2296 uti
289 2255 448 2297 soleant
479 2268 529 2297 eo
560 2257 690 2296 verbo
723 2268 808 2297 uno
839 2255 1078 2310 pluribusve
1108 2255 1152 2297 in
1182 2269 1274 2297 eam
1304 2255 1571 2314 sententiam,
1602 2257 1644 2297 in
1676 2270 1798 2311 quam
1818 2257 1869 2305 is,

111 2316 184 2372 qui
213 2316 349 2366 dicet,
382 2318 668 2373 accipiendum
700 2332 790 2359 esse
822 2317 1138 2360 demonstrabit.
1202 2320 1296 2359 117.
1330 2319 1489 2360 Deinde
1519 2333 1572 2360 ex
1595 2320 1812 2374 superiore
1833 2323 1874 2360 et

111 2394 166 2421 ex
194 2378 395 2422 inferiore
427 2381 629 2435 scriptura
659 2382 895 2422 docendum
924 2382 990 2429 id,
1033 2382 1146 2437 quod
1177 2387 1425 2437 quaeratur,
1471 2380 1562 2423 fieri
1588 2381 1868 2437 perspicuum.

111 2443 251 2492 Quare
281 2442 316 2484 si
344 2442 434 2498 ipsa
465 2444 686 2498 separatim
718 2458 771 2486 ex
802 2457 845 2485 se
875 2442 1004 2486 verba
1034 2442 1373 2493 considerentur,
1407 2443 1547 2486 omnia
1577 2450 1647 2485 aut
1671 2445 1870 2499 pleraque

110 2504 307 2560 ambigua
344 2507 477 2548 visum
514 2508 588 2557 iri;
640 2520 745 2562 quae
786 2511 924 2549 autem
963 2519 1015 2547 ex
1061 2507 1174 2547 omni
1220 2507 1480 2547 considerata
1524 2507 1727 2561 scriptura
1776 2519 1920 2559 per-⁵⁵

112 2569 256 2622 spicua
296 2567 418 2617 fiant,
467 2571 568 2610 haec
609 2567 802 2624 ambigua
847 2583 930 2610 non
971 2574 1165 2622 oportere
1198 2569 1440 2610 existimari.
1497 2568 1677 2617 Deinde,
1718 2568 1872 2622 quain

110 2631 313 2673 sententia
354 2630 532 2687 scriptor
567 2630 719 2680 fuerit,
772 2646 824 2673 ex
863 2632 1010 2673 ceteris
1049 2631 1139 2672 eius
1179 2631 1342 2686 scriptis
1373 2636 1494 2672 etex
1532 2629 1675 2678 factis,
1725 2629 1868 2678 dictis,

112 2692 250 2736 animo
291 2699 413 2748 atque
455 2693 538 2735 vita
583 2693 673 2736 eius
723 2694 830 2736 sumi
872 2695 1085 2750 oportebit
1125 2698 1167 2735 et
1203 2707 1294 2734 eam
1333 2692 1463 2747 ipsam
1513 2694 1778 2748 scripturam,
1826 2690 1872 2732 in

114 2768 195 2809 qua
235 2755 359 2797 inerit
398 2755 500 2797 illud
548 2756 810 2811 ambiguum,
867 2758 918 2798 de
968 2769 1052 2812 quo
1101 2761 1344 2812 quaeretur,
1401 2761 1529 2797 totam
1578 2756 1770 2796 omnibus
1819 2767 1872 2794 ex

111 2818 299 2872 partibus
328 2824 590 2872 pertentare,
638 2819 674 2860 si
709 2818 809 2875 quid
847 2825 918 2860 aut
961 2818 1014 2860 ad
1051 2820 1094 2860 id
1132 2819 1368 2874 appositum
1409 2819 1484 2867 sit,
1536 2818 1647 2873 quod
1683 2830 1760 2857 nos
1809 2814 1924 2857 in-ao

113 2884 418 2936 terpretemur‚
464 2871 535 2923 aut'
578 2882 648 2934 ei,
700 2880 813 2936 quod
864 2880 1126 2923 adversarius
1169 2882 1395 2936 intelligat,
1444 2881 1699 2921 adversetur.
1768 2879 1872 2920 Nam

208 3031 242 3063 1.
270 3032 528 3064 communicare
553 3032 690 3065 PART.
724 3050 761 3057 —
806 3031 840 3064 3.
875 3041 917 3066 ea
943 3032 1149 3073 experiendo
1175 3032 1296 3065 PART
1338 3032 1517 3071 ceterique
1543 3031 1616 3063 nott
1655 3028 1739 3072 (nist
1773 3031 1871 3072 quod

114 3087 207 3111 unus
232 3078 360 3112 alterve
386 3079 474 3111 male
500 3078 740 3120 experienda).·
767 3089 808 3112 ea
833 3088 876 3110 επ
895 3080 1053 3119 praemio
1079 3088 1118 3112 ex
1144 3080 1266 3112 audaci
1292 3079 1369 3111 Atdi
1397 3078 1557 3118 interpol.
1582 3078 1623 3110 E.
1646 3094 1687 3101 -
1713 3077 1747 3110 7.
1777 3079 1872 3110 dicas

113 3127 227 3159 PAT:
265 3126 388 3157 dicant
413 3126 462 3165 R,
502 3127 597 3158 dicat
623 3128 672 3163 E.
711 3128 800 3159 dicet
826 3125 1023 3158 Scbtitzius.
1063 3142 1107 3148 —
1142 3126 1176 3158 8.
1214 3135 1330 3158 eorum
1364 3125 1480 3156 PAT:
1523 3127 1700 3157 eteorum
1724 3124 1801 3156 RE.
1831 3139 1869 3147 —-

115 3173 172 3206 12.
199 3174 342 3213 copiane
359 3173 437 3204 PR:
464 3174 567 3213 copia
589 3173 695 3205 ΑΤΕ.
718 3189 756 3195 -
783 3172 840 3205 16.
861 3182 933 3204 non
945 3173 1099 3213 precium
1122 3172 1243 3205 PART
1268 3180 1458 3211 omnesque
1485 3171 1578 3204 Oud.
1606 3176 1746 3211 praeter
1769 3171 1870 3205 Leid.

114 3220 162 3252 11.
180 3243 189 3259 ,
217 3222 276 3261 qui
292 3222 441 3259 pretium
457 3227 541 3250 non.
559 3234 602 3241 —
628 3220 690 3252 Vv.
713 3221 767 3252 ita
789 3235 804 3241 -
828 3236 842 3243 -
866 3221 912 3251 sit
937 3222 1011 3251 sine
1038 3228 1140 3252 causa
1166 3220 1300 3252 seclusa
1326 3218 1367 3250 ab
1394 3218 1552 3250 Ernestio
1577 3217 1646 3251 det.
1667 3218 1806 3251 Schmz.
1828 3233 1870 3240 -—

115 3267 173 3299 25.
192 3267 310 3308 pondo
329 3270 463 3299 centum
479 3266 594 3298 ART:
623 3270 759 3298 centum
772 3266 947 3306 pondusP
961 3289 969 3305 ,
997 3269 1132 3298 centum
1143 3266 1262 3305 pondo
1282 3265 1321 3296 E.
1342 3281 1383 3287 -
1409 3265 1466 3298 28.
1486 3265 1548 3297 Ille
1573 3265 1663 3305 quod
1686 3268 1758 3307 ipse
1781 3264 1872 3296 volet

117 3313 189 3346 ΑΤ.
217 3312 313 3353 (velit
331 3314 411 3346 Ern.
438 3317 578 3345 auctore
600 3310 811 3352 Schutzius.)
832 3329 870 3336 -
899 3312 957 3344 37.
983 3314 1121 3352 scriptis
1145 3317 1177 3344 et
1202 3321 1244 3344 ez
1267 3310 1372 3351 factis
1391 3311 1511 3344 PART
1535 3311 1689 3351 aliique:
1716 3312 1868 3351 scriptis,

116 3362 218 3403 sactis
243 3361 285 3402 E,
312 3363 346 3393 in
373 3368 441 3403 qua
467 3361 544 3393 tect.
571 3357 767 3401 πλεονάζει
792 3360 941 3393 alterum
967 3361 1052 3393 eius.
1081 3375 1123 3383 -
1149 3358 1205 3390 39.
1235 3362 1422 3399 quaeretur
1445 3358 1558 3392 PAT:
1584 3359 1769 3401 quaeritur
1792 3357 1868 3390 RE.
