2117 3762
801 203 845 244 C.
882 204 947 244 19.
982 205 1048 245 20.
1082 206 1150 246 21.
1771 211 1853 250 469

102 312 213 354 Facit
249 312 369 353 etiam
409 312 629 353 necessitas
665 308 809 358 fidem,
862 323 966 364 quae
1006 316 1090 353 tum
1120 325 1143 353 a
1174 310 1442 367 corporibus,
1496 316 1581 354 tum
1624 314 1676 353 ab
1707 313 1853 356 animis

101 374 294 416 nascitur.
356 376 456 414 Nam
490 380 530 415 et
559 370 823 420 verberibus,
872 375 1107 421 tormentis,
1153 375 1237 428 igni
1269 374 1424 427 fatigati
1455 389 1560 429 quae
1591 376 1756 423 dicunt,
1806 391 1854 417 ea

101 437 263 478 videtur
292 438 442 478 veritas
475 438 563 489 ipsa
583 434 738 482 dicere,
771 440 828 481 et,
861 449 965 491 quae
987 436 1369 491 perturbationibus
1390 439 1542 486 animi,
1577 438 1748 484 dolore,
1783 451 1853 478 cu-

98 498 294 554 piditate,
327 499 559 546 iracundia,
594 503 729 544 metu,
764 498 859 552 quia
889 500 1143 540 necessitatis
1175 501 1256 541 vim
1288 501 1467 548 habent,
1505 499 1683 541 asserunt
1713 506 1854 541 aucto-

99 562 259 603 ritatem
291 567 330 602 et
360 560 494 602 fidem.
553 562 620 601 75.
670 559 792 601 Cuius
831 562 995 613 generis
1026 563 1148 603 ctiam
1179 561 1247 602 illa
1277 568 1396 610 sunt,
1445 577 1498 604 ex
1528 562 1677 618 quibus
1708 575 1883 604 verums

98 637 393 679 nonnunquam
421 623 648 669 invenitur,
681 622 879 676 pueritia,
913 637 1106 672 somnus,
1140 624 1435 677 imprudentia,
1469 625 1711 673 vinolentia,
1744 626 1855 667 insa-

97 686 179 728 nia.
241 689 340 728 Nam
371 692 411 727 et
431 685 544 739 parvi
565 698 688 740 saepe
720 685 1005 727 indicaverunt
1034 688 1212 741 aliquid,
1245 700 1327 742 quo
1353 686 1394 727 id
1418 689 1666 740 pertineret,
1699 687 1850 743 ignari,

98 757 139 791 et
177 763 252 806 per
291 762 504 795 somnum,
552 749 712 795 vinum,
757 747 958 789 insaniam
998 748 1125 790 multa
1165 762 1289 804 saepe
1331 748 1535 803 patefacta
1567 756 1674 792 sunt.
1735 750 1853 793 Multi

97 812 220 854 etiam
252 812 293 853 in
323 824 387 852 res
418 809 582 851 odiosas
613 811 894 864 imprudentes
925 809 1180 859 inciderunt,
1227 816 1272 851 ut
1310 812 1478 853 Staieno
1510 826 1642 867 nuper
1673 813 1848 863 accidit,

97 875 167 930 qui
197 888 257 916 -ea
295 873 456 914 locutus
496 878 578 919 est,
629 872 747 913 bonis
778 873 877 913 viris
909 872 1339 922 subauscultantibus,
1392 874 1551 927 pariete
1583 878 1902 931 interposi10‚1o

95 938 245 993 quibus
274 933 487 991 patefactis
519 936 559 975 in
590 935 872 988 iudiciumque
902 936 1074 988 prolatis
1105 935 1173 977 ille
1204 937 1265 977 rei
1298 936 1482 990 capitalis
1514 936 1604 979 iure
1637 937 1852 981 damnatus

95 1004 169 1042 est.
227 998 334 1040 Huic
369 997 502 1039 simile
543 995 736 1052 quiddam
775 995 825 1037 de
865 995 1198 1039 Lacedaemonio
1240 998 1443 1039 Pausania
1474 1002 1721 1055 accepimus.
1783 1003 1851 1044 76.

95 1060 319 1102 Concursio
352 1066 489 1101 autem
519 1058 788 1100 fortuitorum
819 1057 909 1099 talis
939 1065 1023 1103 est.
1056 1065 1120 1107 ut,
1153 1059 1188 1101 si
1209 1061 1486 1104 interventum
1513 1069 1574 1103 est
1606 1077 1723 1110 casu,
1757 1077 1851 1104 cum

92 1128 163 1164 aut
199 1128 392 1177 ageretur
427 1123 607 1177 aliquid,
654 1122 765 1175 quod
796 1120 1094 1175 proferendum
1124 1136 1207 1163 non
1240 1129 1372 1173 esset,
1418 1130 1488 1165 aut
1518 1127 1740 1167 diceretur.
1803 1128 1850 1168 In

91 1189 170 1228 hoc
199 1199 351 1240 genere
383 1187 504 1227 etiam
535 1183 603 1225 illa
634 1189 696 1224 est
726 1185 766 1224 in
797 1182 1058 1225 Palamedem
1090 1184 1275 1226 coniecta
1301 1186 1581 1241 suspicionum
1604 1187 1850 1241 proditionis
1864 1209 1899 1236 1⁵

90 1248 338 1299 multitud03
391 1250 502 1304 quod
544 1260 673 1301 genus
713 1244 897 1288 refutare
936 1246 1146 1289 interdum
1185 1247 1339 1289 veritas
1385 1250 1454 1290 vix
1494 1255 1643 1305 potest.
1717 1251 1849 1293 Huius

91 1312 216 1354 etiam
247 1318 310 1354 est
338 1312 502 1365 generis
532 1308 641 1350 fama
670 1308 805 1362 vulgi,
837 1310 1046 1364 quoddam
1077 1310 1349 1352 multitudinis
1376 1312 1670 1353 testimonium.
1733 1314 1850 1363 Quae

91 1381 226 1417 autem
256 1375 406 1415 virtute
436 1371 558 1413 fidem
588 1370 766 1419 faciunt,
802 1385 850 1412 ea
881 1373 1076 1428 bipertita
1105 1379 1218 1423 sunt;
1250 1387 1303 1416 ex
1325 1374 1476 1430 quibus
1498 1377 1673 1418 alterum
1699 1383 1849 1418 natura

91 1440 220 1486 valet,
252 1436 426 1478 alterum
448 1434 665 1476 industria.
725 1437 910 1476 Deorum
943 1436 1053 1477 enim
1084 1435 1214 1478 virtus
1241 1443 1386 1478 natura
1410 1439 1597 1487 excellit,
1632 1439 1848 1481 hominum

90 1507 224 1544 autem
254 1497 470 1542 industria.
532 1500 598 1542 77.
646 1497 796 1538 Divina
834 1500 935 1539 haec
975 1498 1064 1540 fere
1104 1505 1198 1540 sunt
1233 1500 1494 1542 testimonia:
1545 1503 1726 1557 primum
1757 1516 1899 1549 ora-20

89 1564 232 1614 tionis;
262 1587 317 1594 —
333 1560 498 1605 oracula
520 1561 627 1602 enim
650 1575 703 1601 ex
723 1573 774 1601 eo
795 1562 885 1616 ipso
907 1561 1110 1617 appellata
1131 1569 1249 1612 sunt,
1283 1565 1395 1619 quod
1416 1563 1523 1606 inest
1542 1567 1584 1606 in
1605 1565 1654 1607 iis
1674 1565 1849 1607 deorum

89 1626 222 1668 oratio
250 1650 304 1657 —
335 1626 485 1668 deinde
517 1637 675 1671 rerum,
723 1624 765 1663 in
796 1625 947 1679 quibus
977 1626 1116 1666 insunt
1147 1625 1265 1681 quasi
1294 1625 1495 1681 quaedam
1527 1640 1654 1682 opera
1685 1628 1847 1670 divina:

88 1689 267 1744 primum
307 1690 396 1744 ipse
435 1688 613 1727 mundus
653 1688 823 1741 eiusque
869 1688 1002 1727 omnis
1042 1686 1144 1728 ordo
1188 1694 1229 1729 et
1269 1694 1463 1740 ornatus;
1516 1689 1708 1744 deinceps
1747 1691 1849 1733 aerii

88 1752 248 1794 volatus
290 1750 427 1793 avium
469 1756 591 1805 atque
631 1754 797 1799 cantus;
846 1747 995 1790 deinde
1040 1749 1225 1791 eiusdem
1264 1752 1370 1792 aeris
1410 1751 1567 1794 sonitus
1609 1759 1649 1794 et
1678 1755 1848 1796 ardores

88 1816 390 1869 multarumque
433 1825 574 1854 rerum
612 1813 654 1852 in
694 1817 805 1852 terra
844 1818 1059 1865 portenta,
1106 1818 1229 1868 atque
1269 1815 1391 1855 etiam
1429 1829 1508 1868 per
1552 1822 1645 1857 exta
1682 1816 1897 1861 inventazs

86 1877 341 1933 praesensio.
401 1877 436 1915 A
476 1873 776 1916 dormientibus
813 1889 981 1929 quoque
1023 1875 1150 1917 multa
1180 1875 1407 1931 significata
1437 1878 1560 1927 visis,
1613 1880 1762 1934 quibus
1794 1894 1847 1922 ex

86 1940 187 1982 locis
217 1938 324 1980 sumi
352 1936 558 1979 interdum
589 1938 726 1978 solent
762 1939 813 1978 ad
843 1936 966 1979 fidem
996 1937 1229 1982 faciendam
1260 1939 1496 1983 testimonia
1527 1940 1715 1984 deorum.
1774 1944 1843 1984 78.

86 2004 133 2044 In
163 2001 330 2044 bomine
360 2001 522 2042 virtutis
552 1999 696 2053 opinio
726 2001 838 2041 valet
867 1999 1103 2053 plurimum.
1166 2001 1316 2057 Opinio
1349 2008 1410 2045 est
1439 2008 1575 2046 autem
1605 2017 1689 2046 non
1719 2006 1847 2046 modo

87 2078 159 2106 eos
188 2065 381 2105 virtutem
410 2061 587 2110 habere,
619 2062 690 2117 qui
719 2063 920 2110 habeant,
954 2064 1026 2104 sed
1058 2076 1129 2105 eos
1155 2065 1304 2114 etiam,
1339 2066 1410 2120 qui
1430 2067 1586 2108 habere
1607 2066 1842 2109 videantur.

86 2129 250 2183 ltaque,
282 2139 386 2181 quos
415 2125 607 2179 ingenio,
643 2139 748 2179 quos
779 2125 937 2176 studio,
968 2139 1073 2182 quos
1104 2127 1292 2169 doctrina
1316 2128 1526 2183 praeditos
1546 2128 1710 2177 vident,
1743 2143 1847 2186 quo-
1859 2149 1896 2175 ³0

87 2203 260 2244 rumque
298 2189 424 2230 vitam
463 2193 721 2228 constantem
759 2193 799 2230 et
836 2187 1074 2243 probatam,
1120 2195 1166 2231 ut
1204 2191 1394 2240 Catonis,
1439 2191 1592 2241 Laelii,
1641 2192 1847 2247 Scipionis

85 2252 348 2306 aliorumque
377 2251 581 2305 plurium,
613 2256 757 2292 rentur
786 2264 858 2293 eos
889 2264 1004 2300 esse,
1037 2252 1179 2307 quales
1209 2266 1252 2294 se
1281 2251 1362 2306 ipsi
1392 2253 1537 2296 velint.
1597 2256 1682 2296 Nec
1711 2254 1846 2296 solum

86 2328 158 2356 eos
189 2318 355 2356 censent
385 2326 475 2354 esse
504 2314 630 2359 tales,
662 2311 733 2366 qui
762 2313 804 2354 in
835 2312 1065 2356 bonoribus
1095 2315 1238 2371 populi
1271 2329 1401 2372 reque
1421 2315 1588 2370 publica
1608 2323 1840 2366 versantur,

84 2375 157 2419 sed
187 2382 230 2417 et
260 2381 448 2417 oratores
480 2381 522 2416 et
550 2373 820 2430 philosophos
862 2381 902 2417 et
939 2382 1081 2431 poetas
1124 2384 1165 2419 et
1203 2379 1447 2429 historicos3
1503 2393 1556 2422 ex
1595 2393 1773 2435 quorum
1804 2385 1845 2421 et

85 2438 202 2480 dictis
232 2443 273 2479 et
301 2437 463 2494 scriptis
495 2450 617 2492 saepe
648 2438 871 2479 auctoritas
902 2439 1056 2494 petitur
1085 2441 1136 2481 ad
1167 2439 1396 2482 faciendam
1422 2441 1564 2484 fidem.
1626 2443 1740 2483 XXI.
1775 2444 1889 2488 79.³⁵

84 2500 293 2557 Expositis
324 2502 516 2542 omnibus
547 2500 860 2555 argumentandi
897 2500 1018 2549 locis,
1064 2501 1166 2544 illud
1207 2503 1387 2558 primum
1426 2505 1737 2561 intelligendum
1768 2512 1841 2554 est,

85 2578 162 2605 nec
191 2564 314 2606 ullam
346 2578 437 2606 esse
468 2565 809 2620 disputationem,
849 2564 892 2606 in
922 2578 1045 2620 quam
1075 2580 1160 2607 non
1190 2566 1341 2622 aliquis
1369 2568 1487 2610 locus
1517 2569 1723 2618 incurrat,
1764 2584 1841 2610 nec

176 2739 209 2771 1.
239 2743 313 2771 tum
337 2739 465 2778 abdr,
494 2739 610 2772 vatia:
638 2750 713 2773 cum
740 2742 812 2774 eE.
853 2760 887 2765 —
927 2742 960 2774 3.
989 2751 1076 2783 quae
1097 2744 1426 2785 perturbationibus
1452 2747 1584 2782 animi,
1612 2747 1730 2778 dolore
1754 2746 1842 2779 Bru-

87 2791 161 2818 tus:
201 2795 288 2827 quae
312 2796 334 2818 a
354 2788 682 2827 perturbationibus
708 2790 818 2821 animi
843 2793 947 2830 sunt,
988 2790 1106 2822 dolore
1143 2799 1220 2824 curn
1257 2792 1316 2824 BV
1351 2798 1385 2826 et
1418 2793 1508 2825 Aido
1535 2794 1576 2825 E.
1611 2794 1648 2833 (a
1673 2794 1770 2826 abest
1795 2794 1838 2825 ab

85 2832 222 2869 abdi,
250 2832 308 2864 Gr.
327 2856 336 2870 ,
362 2834 414 2869 B:
452 2839 532 2866 sunt
559 2834 602 2865 ab
627 2835 714 2866 abd
732 2859 741 2873 ,
771 2836 828 2867 Gr.
847 2860 855 2872 ,
883 2837 934 2875 B,
972 2836 1099 2878 Valla.)
1135 2855 1176 2861 —
1217 2839 1251 2871 5.
1279 2849 1396 2872 verum
1420 2848 1672 2882 nonnunquam
1699 2840 1837 2881 abdi,

86 2880 206 2915 Valla,
234 2879 313 2911 BV:
352 2888 603 2921 nonnunquam
627 2891 743 2914 verum
769 2884 838 2915 eE.
878 2899 918 2905 —-
959 2884 994 2915 7.
1020 2886 1127 2924 parvi
1163 2885 1329 2924 abdet,
1359 2886 1441 2923 Gr·,
1471 2887 1586 2926 Valla,
1614 2887 1695 2918 BV:
1735 2889 1838 2927 pueri

85 2935 162 2958 curn
190 2925 325 2958 Oxonn.
354 2927 486 2966 aliquot
512 2933 545 2959 et.
570 2929 735 2961 Ascensio
764 2930 803 2961 E.
835 2947 874 2952 —
901 2939 969 2970 quo
995 2932 1031 2962 id
1055 2940 1073 2963 a
1090 2931 1201 2969 bde,
1231 2932 1289 2964 Gr.
1309 2957 1317 2971 ,
1345 2934 1399 2964 B:
1427 2933 1519 2974 quod
1544 2933 1611 2978 [ρ.
1641 2933 1735 2965 vatia
1754 2957 1763 2971 ,
1791 2934 1839 2966 ad

85 2973 178 3014 quod
204 2981 282 3004 cum
308 2973 396 3004 Aldu
416 2974 455 3004 E.
486 2991 526 2996 —
553 2974 587 3005 9.
614 2976 754 3008 Staieno
782 2977 801 3008 b
818 2976 836 3007 d
853 2986 895 3014 e,
920 2978 1073 3017 Hittorp.
1091 3001 1101 3013 ,
1131 2978 1216 3011 Cod.
1246 2979 1414 3012 Einsiedl.
1443 2982 1476 3011 in
1496 2980 1669 3013 Boethio:
1697 2980 1836 3012 Staleno

85 3030 128 3058 a,
156 3019 213 3051 Gr.
243 3020 281 3051 E.
332 3019 401 3051 Cir.
428 3019 586 3052 Niebuhr
611 3022 754 3063 Fraym.
784 3024 849 3055 Cic.
879 3032 913 3063 p.
940 3024 997 3056 57.
1027 3041 1068 3047 -
1111 3027 1166 3057 11.
1199 3026 1349 3065 prolatis
1373 3026 1430 3057 ille
1455 3025 1607 3065 abdet,
1637 3039 1682 3073 ρ,
1711 3027 1828 3059 Valla:

81 3066 234 3108 prolatis
260 3064 342 3106 (om.
368 3065 438 3106 ille)
464 3066 536 3098 NE.
565 3083 605 3090 —-
633 3070 690 3100 17.
719 3074 768 3101 est
792 3072 923 3112 qeneris
948 3071 1086 3103 abdi:
1117 3074 1251 3113 yeneris
1277 3078 1325 3104 est
1352 3073 1378 3103 E
1406 3081 1481 3104 cum
1509 3076 1590 3104 cett.
1629 3091 1666 3097 —
1710 3074 1767 3105 21.
1793 3074 1837 3107 iis

86 3123 104 3146 a
123 3113 142 3144 d
159 3113 214 3145 N:
243 3113 292 3143 his
320 3113 345 3143 E
373 3120 450 3144 cum
479 3118 559 3145 cett.
587 3130 628 3135 —
655 3116 712 3148 22.
738 3118 913 3156 quaedam
939 3126 1043 3157 opera
1070 3119 1190 3151 divina
1215 3119 1267 3150 ab
1284 3119 1303 3150 d
1321 3119 1350 3156 t',
1378 3119 1544 3152 Boethius
1571 3120 1687 3159 Hasii,
1714 3121 1833 3153 Valla:

85 3168 191 3199 opera
217 3159 337 3190 divina
363 3159 533 3199 quaedam
559 3161 627 3191 eE.
663 3179 700 3184 —
739 3163 796 3194 23.
824 3165 911 3195 aerii
937 3174 968 3200 a.
998 3165 1114 3197 Valla:
1139 3166 1233 3199 aerei
1261 3166 1285 3196 E
1312 3174 1389 3197 cum
1415 3170 1494 3199 cett.
1533 3183 1574 3189 —
1616 3167 1673 3199 26.
1700 3167 1728 3199 Α
1757 3176 1834 3200 cum

84 3207 224 3238 Mosero
250 3206 365 3238 malim
392 3206 523 3238 abesse.
550 3206 656 3239 narr.
688 3225 725 3231 -—
753 3210 810 3241 28.
838 3214 884 3241 est
911 3216 1026 3243 autem
1053 3221 1070 3244 a
1087 3213 1105 3243 d
1122 3212 1156 3251 s,
1184 3212 1302 3249 Valla,
1330 3211 1412 3244 BV:
1451 3217 1565 3245 autem
1591 3217 1639 3246 est
1665 3213 1772 3248 beE.
1792 3231 1834 3237 -

85 3253 144 3331 21313.
171 3261 239 3284 esse
265 3253 349 3332 ιὸαἰεε
374 3253 459 3286 abd
477 3252 513 3292 f.
546 3252 641 3285 Vflllfl
660 3277 669 3293 ,
703 3255 787 3288 BV:
827 3257 913 3289 tales
944 3267 1012 3290 esse
1038 3259 1112 3293 eE.
1148 3276 1186 3282 —
1225 3259 1282 3292 37.
1311 3267 1370 3291 nec
1393 3257 1479 3302 sere]
1507 3259 1577 3293 Ci'r.
1605 3261 1706 3295 Hand
1731 3261 1832 3294 Turs.

124 3321 132 3330 .
161 3309 194 3341 p.
221 3300 264 3332 6¹.)
293 3321 301 3330 .
