2117 3762
848 211 892 252 C.
925 212 966 252 2.
1000 213 1039 253 3.
1074 212 1112 253 [ι.
1775 212 1855 253 457

113 324 174 362 est
203 317 465 367 assiduus,
497 324 543 361 ut
571 319 628 360 ait
648 316 806 364 Aelius,
838 319 1064 374 appellatus
1094 317 1144 359 ab
1175 330 1295 360 aere
1326 317 1506 359 dando.
1566 316 1638 357 Ill.
1676 317 1740 357 11.
1773 319 1857 358 Du-

112 388 261 425 cuntur
292 382 412 423 etiam
444 387 685 436 argumenta
715 393 766 421 cx
797 379 846 421 iis
878 381 1020 430 rebus,
1060 394 1163 436 quae
1194 382 1372 436 quodam
1403 380 1529 421 modo
1559 377 1729 420 affectae
1761 384 1854 420 sunt

112 444 162 487 ad
194 447 260 493 id,
291 444 340 486 de
372 459 453 500 quo
486 444 712 500 quaeritur.
775 444 855 484 Sed
894 446 973 485 hoc
1014 458 1141 498 genus
1181 443 1222 485 in
1253 443 1391 498 plures
1421 447 1556 498 partes
1588 440 1853 482 distributum

113 515 190 551 est.
253 511 354 550 Nam
394 509 473 548 alia
511 507 726 559 coniugata
763 506 1040 561 appellamus,
1087 506 1164 547 alia
1206 519 1256 547 ex
1287 518 1460 560 genere,
1501 504 1581 547 alia
1623 518 1674 545 ex
1704 502 1856 552 forma,

114 571 193 614 alia
223 585 276 614 cx
306 570 598 616 similitudine,
641 568 719 610 alia
751 583 801 610 ex
832 569 1084 617 differentia,
1125 568 1203 610 alia
1234 583 1286 609 ex
1319 566 1550 615 contrario,
1596 566 1674 609 alia
1705 580 1756 608 ex
1786 569 1891 608 ad-⁵

112 635 280 682 iunctis,
326 633 404 675 alia
435 646 485 673 ex
514 630 880 681 antecedentibus,
925 632 1002 674 alia
1035 646 1087 673 ex
1119 629 1494 685 consequentibus,
1546 629 1625 672 alia
1658 643 1707 671 ex
1739 642 1862 684 repu-

114 697 356 752 gnantibus,
387 695 464 736 alia
497 708 549 735 ex
581 696 740 743 causis,
774 695 850 736 alia
873 708 924 736 ex
945 694 1124 742 effectis,
1157 693 1234 735 alia
1256 707 1305 734 ex
1329 693 1636 748 comparatione
1658 693 1861 734 maiorum

113 766 182 801 aut
212 758 372 815 parium
402 762 474 798 aut
504 755 727 801 minorum.
790 759 855 798 12.
894 757 1120 812 Coniugata
1151 755 1366 805 dicuntur,
1400 769 1504 811 quae
1535 761 1628 797 sunt
1648 769 1700 797 cx
1721 753 1860 797 verbis

113 823 276 878 generis
306 820 507 862 eiusdem.
567 819 760 861 Eiusdem
793 829 929 861 autem
963 819 1124 875 generis
1155 817 1282 860 verba
1311 825 1428 867 sunt,
1462 832 1566 873 quae
1589 824 1676 860 orta
1704 819 1755 859 ab
1778 831 1860 859 uno

113 885 226 928 varie
256 887 584 930 commutantur,
623 888 667 923 ut
697 883 928 936 sapiens,
961 883 1255 935 sapienter,
1289 880 1568 936 sapientia.
1629 882 1742 921 Haec
1772 892 1911 921 ver-10

111 947 260 990 borum
291 945 528 999 coniugatio
560 953 737 999 συζυγία
778 947 948 994 dicitur,
993 960 1044 986 ex
1074 958 1153 1000 qua
1184 943 1424 986 huiusmodi
1456 950 1517 984 est
1546 948 1859 997 argumentum:

114 1009 156 1052 Si
187 1020 456 1062 compascuus
487 1021 586 1062 ager
617 1013 701 1056 est,
735 1008 798 1048 ius
829 1013 891 1048 est
921 1020 1200 1063 compascere.
1265 1008 1331 1047 13.
1364 1007 1398 1046 A
1419 1019 1573 1060 genere
1597 1005 1654 1047 sic
1676 1005 1862 1048 ducitur:

112 1069 315 1122 Quoniam
349 1074 565 1123 argentum
605 1083 727 1111 omne
758 1068 921 1111 mulieri
951 1070 1130 1122 legatum
1173 1075 1258 1120 est,
1304 1083 1386 1110 non
1426 1074 1563 1122 potest
1594 1082 1641 1109 ea
1671 1069 1861 1123 pecunia,

111 1147 218 1189 quae
248 1138 463 1174 numerata
495 1134 606 1174 domi
638 1132 779 1174 relicta
813 1138 894 1180 est,
927 1145 1011 1173 non
1042 1146 1131 1173 esse
1161 1131 1318 1185 legata3
1352 1130 1487 1173 forma
1518 1130 1627 1172 enim
1648 1144 1671 1172 a
1693 1145 1860 1186 genere,

111 1197 249 1254 quoad
271 1209 390 1237 suum
412 1209 564 1237 nomen
586 1197 755 1242 retinet,
776 1208 987 1249 nunquam
1009 1193 1263 1249 seiungitur,
1296 1199 1511 1236 numerata
1532 1198 1668 1235 autem
1691 1196 1865 1250 pecunia
1877 1203 1913 1232 ις

111 1272 264 1301 nomen
307 1257 465 1312 argenti
509 1257 687 1300 retinet:
740 1257 873 1312 legata
913 1257 1039 1312 igitur
1077 1259 1258 1299 videtur.
1322 1259 1388 1299 14.
1431 1259 1466 1298 A
1506 1257 1642 1298 forma
1682 1258 1864 1311 generis,

112 1334 236 1377 quam
275 1321 506 1368 interdum,
551 1334 634 1376 quo
666 1320 828 1375 planius
872 1319 1117 1374 accipiatur,
1162 1325 1323 1376 partem
1363 1320 1460 1361 licet
1496 1319 1734 1367 nominare,
1785 1320 1866 1360 hoc

111 1386 258 1427 modo:
297 1383 340 1425 Si
371 1385 427 1425 ita
457 1381 608 1425 Fabiae
639 1385 814 1440 pecunia
843 1382 977 1438 legata
1008 1389 1070 1424 est
1100 1397 1124 1425 a
1154 1384 1271 1432 viro,
1304 1383 1338 1425 si
1370 1383 1407 1424 ei
1437 1382 1529 1424 viro
1558 1380 1866 1423 materfamilias

113 1455 247 1498 esset,
293 1449 327 1489 si
359 1459 408 1489 ea
438 1444 480 1487 in
509 1460 674 1488 manum
706 1460 789 1488 non
830 1451 1104 1493 convenerat,
1150 1445 1252 1487 nihil
1293 1444 1480 1488 debetur.
1543 1447 1682 1487 Genus
1724 1443 1864 1500 [enim]

113 1517 197 1560 est,
239 1523 366 1560 uxor3
407 1508 494 1551 eius
526 1509 631 1551 duae
661 1511 845 1551 formae:
889 1523 969 1550 una
1001 1508 1379 1558 matrumfamilias,
1423 1522 1497 1550 eae
1528 1513 1644 1556 sunt,
1688 1522 1794 1562 quae
1825 1509 1867 1550 in
1881 1522 1918 1550 ιο

111 1587 279 1616 manum
310 1579 614 1622 convenerunt3
647 1574 780 1614 altera
812 1586 974 1620 earum,
1006 1586 1112 1628 quae
1143 1573 1431 1614 tantummodo
1462 1585 1618 1613 uxores
1648 1572 1865 1613 habentur.

113 1638 202 1687 Qua
232 1638 273 1677 in
303 1641 420 1691 parte
452 1649 545 1677 cum
574 1635 701 1677 suerit
731 1634 883 1685 Fabia,
924 1637 1103 1689 legatum
1138 1635 1175 1676 ei
1205 1648 1287 1676 non
1318 1635 1496 1676 videtur.
1561 1636 1626 1676 15.
1659 1635 1695 1675 A
1724 1634 1869 1675 simili-

115 1699 278 1747 tudine,
309 1701 387 1740 hoc
418 1700 569 1740 modo:
610 1700 652 1740 Si
683 1697 805 1740 aedes
837 1712 911 1740 eae
944 1703 1192 1740 corruerunt
1221 1699 1419 1740 vitiumve
1450 1697 1659 1746 fecerunt,
1692 1711 1868 1754 quarum

112 1761 367 1804 ususfructus
396 1761 555 1815 legatus
595 1768 677 1810 est,
728 1764 850 1802 heres
890 1763 1108 1803 restituere
1151 1775 1234 1802 non
1265 1760 1389 1802 debet
1427 1774 1503 1802 nec
1539 1761 1732 1808 reficere,
1784 1773 1867 1801 non

112 1825 243 1879 magis
273 1839 394 1879 quam
426 1838 589 1866 servum
637 1826 876 1874 restituere,
926 1824 959 1866 si
990 1824 1050 1873 is,
1096 1825 1211 1866 cuius
1248 1825 1506 1866 ususfructus
1544 1825 1703 1878 legatus
1742 1829 1864 1872 esset,
1879 1841 1916 1868 2⁵

113 1887 359 1942 deperisset.
423 1890 488 1929 16.
521 1889 557 1928 A
586 1887 844 1929 differentia:
878 1890 994 1936 Non,
1028 1888 1061 1929 si
1083 1886 1207 1928 uxori
1231 1889 1294 1928 vir
1315 1887 1467 1941 legavit
1487 1892 1701 1941 argentum
1725 1900 1864 1935 omne,

113 1949 224 2006 quod
268 1964 387 1992 suum
434 1956 562 1998 esset,
609 1950 788 1998 idcireo,
835 1963 939 2005 quae
986 1951 1028 1990 in
1067 1949 1303 1991 nominibus
1343 1951 1531 1998 fuerunt,
1579 1950 1711 2004 legata
1756 1955 1865 1991 sunt.

113 2013 284 2055 Multum
309 2015 417 2056 enim
438 2013 595 2062 differt,
633 2013 674 2054 in
695 2027 843 2054 arcane
866 2015 1044 2068 positum
1067 2013 1119 2054 sit
1139 2019 1375 2067 argentum,
1408 2027 1459 2054 an
1481 2014 1523 2054 in
1546 2012 1696 2054 tabulis
1718 2011 1868 2054 debea-

115 2081 195 2118 tur.
256 2079 320 2118 17.
349 2079 413 2118 Ex
446 2077 654 2118 contrario
685 2082 819 2118 autem
851 2077 933 2117 sic:
969 2078 1058 2117 Non
1081 2078 1203 2117 debet
1224 2091 1271 2117 ea
1293 2076 1467 2124 mulier,
1492 2077 1556 2118 cui
1578 2076 1641 2117 vir
1662 2075 1869 2116 bonorum

114 2152 282 2180 suorum
325 2139 626 2181 usumfructum
676 2140 851 2193 legavit,
903 2138 1015 2180 cellis
1055 2140 1225 2180 vinariis
1257 2144 1298 2180 et
1332 2139 1498 2180 oleariis
1535 2137 1666 2194 plenis
1697 2137 1863 2186 relictis,
1883 2154 1920 2180 ao

115 2206 259 2256 putare
280 2202 320 2242 id
341 2203 392 2242 ad
412 2216 455 2242 se
478 2201 702 2255 pertinere.
764 2203 866 2243 Usus
887 2203 996 2243 enim
1011 2233 1021 2250 ,
1055 2215 1136 2243 non
1158 2200 1310 2243 abusus
1325 2233 1335 2250 ,
1369 2203 1526 2256 legatus
1556 2206 1631 2242 est.
1692 2202 1750 2242 Ea
1774 2205 1870 2242 sunt

114 2264 222 2304 inter
243 2276 287 2304 se
317 2265 536 2307 contraria.
594 2266 662 2305 lV.
698 2265 763 2305 18.
788 2266 850 2305 Ab
873 2264 1101 2306 adiunctis:
1137 2265 1178 2305 Si
1205 2279 1252 2305 ea
1274 2264 1425 2306 mulier
1446 2268 1734 2306 testamentum
1755 2262 1868 2312 fecit,

115 2339 221 2381 quae
265 2339 309 2367 se
350 2326 482 2382 capite
530 2340 738 2381 nunquam
779 2326 1003 2376 deminuit,
1051 2341 1132 2368 non
1183 2326 1348 2369 videtur
1393 2342 1445 2368 ex
1485 2326 1618 2369 edicto
1664 2327 1866 2382 praetoris

114 2387 340 2430 secundum
381 2403 449 2431 eas
489 2388 646 2431 tabulas
685 2391 891 2445 possessio
925 2388 1028 2430 dari.
1088 2388 1337 2444 Adiungitur
1377 2391 1512 2439 enim,
1559 2397 1603 2432 ut
1641 2391 1866 2431 secundum

115 2464 352 2498 servorum,
395 2455 620 2493 secundum
662 2453 857 2501 exulum,
906 2453 1130 2493 secundum
1162 2454 1435 2506 puerulorum
1468 2452 1630 2494 tabulas
1661 2452 1866 2508 possessio
1881 2465 1918 2493 ³⁵

114 2515 305 2556 videatur
335 2529 386 2556 ex
418 2515 554 2556 edicto
587 2515 691 2556 dari.
756 2516 821 2555 19.
863 2512 926 2555 Ab
965 2513 1302 2556 antecedentibus
1343 2521 1478 2556 autem
1511 2521 1552 2557 et
1581 2513 1869 2570 consequenti-

114 2573 192 2618 bus
224 2582 264 2618 et
291 2575 620 2631 repugnantibus
651 2579 729 2618 hoc
752 2575 900 2627 modo3
947 2578 998 2618 ab
1021 2576 1379 2620 antecedentibus:
1412 2579 1454 2620 Si
1476 2578 1552 2620 viri
1576 2579 1694 2633 culpa
1715 2578 1866 2617 factum

117 2643 178 2679 est
207 2639 449 2689 divortium,
496 2641 572 2682 etsi
612 2641 762 2682 mulier
790 2641 979 2681 nuntium
1010 2639 1187 2689 remisit,
1235 2645 1372 2682 tamen
1411 2653 1489 2696 pro
1527 2640 1668 2682 liberis
1700 2652 1868 2680 manere

210 2792 242 2824 1.
271 2800 350 2824 aere
376 2793 482 2824 acde
510 2792 567 2824 Gr.
589 2793 704 2830 Valla,
733 2793 802 2824 BV.
833 2795 913 2825 item
941 2802 991 2833 pr.
1018 2793 1064 2831 b,
1093 2802 1181 2825 corr.
1212 2793 1244 2826 s:
1273 2803 1348 2826 asse
1366 2794 1476 2827 Oxon.
1501 2799 1549 2835 ψ,
1580 2802 1630 2832 pr.
1659 2792 1691 2830 s,
1720 2800 1809 2824 corr.
1830 2791 1866 2831 b,

118 2839 238 2870 Lamb.
279 2839 317 2870 E.
369 2840 436 2870 Cfr.
473 2839 545 2871 Cic.
584 2841 626 2872 de
661 2841 747 2878 nep.
775 2841 820 2878 2,
859 2841 924 2871 22:
969 2850 1042 2871 cum
1076 2840 1256 2879 locupletes
1294 2843 1454 2873 assiduos
1489 2841 1695 2881 appellasset
1720 2839 1763 2870 ab
1791 2847 1868 2870 asso

118 2885 247 2916 dando.
278 2900 314 2906 —
341 2885 373 2916 lt.
401 2887 517 2927 forma
542 2895 558 2917 a
577 2887 740 2923 heder,
770 2887 855 2919 Gn:
883 2886 1034 2926 formula
1061 2895 1138 2918 curn
1168 2888 1318 2918 victorio
1347 2889 1385 2919 E.
1418 2906 1455 2911 —
1484 2889 1517 2920 5.
1547 2888 1607 2919 Vv.
1636 2886 1708 2917 alia
1734 2895 1777 2917 ex
1802 2885 1868 2926 dis-

118 2932 283 2971 [εν-εηιὶα,
311 2932 385 2963 alia
409 2942 450 2964 ea:
475 2935 673 2972 contrario,
702 2935 775 2964 alia
800 2943 842 2965 eac
867 2934 1045 2965 adiunctis
1071 2944 1139 2965 orn.
1171 2934 1316 2966 Ernestii
1346 2943 1485 2972 operae.
1517 2951 1555 2956 —
1593 2934 1764 2964 adiunctis
1790 2932 1866 2971 eU‚

119 2979 237 3013 Valla:
267 2984 402 3010 ceterae
430 2987 526 3012 meae
554 2981 642 3012 Edd.
673 2986 810 3020 praeter
834 2980 876 3013 N.
905 2986 938 3012 et
964 2981 1034 3011 BV.
1054 3004 1062 3017 ‚
1091 2990 1179 3019 quae
1205 2982 1403 3012 coniunctis
1429 2990 1504 3012 cum
1532 2980 1584 3010 ab
1603 2979 1653 3010 cd
1673 2979 1696 3010 s.
1726 2994 1764 3000 —
1808 2979 1866 3011 13.

118 3027 285 3066 qnoniam
311 3031 556 3065 arqumentum
582 3027 729 3059 Ernesti}
755 3036 895 3066 operae.
927 3043 965 3048 —
1006 3027 1060 3058 ¹18.
1089 3029 1118 3057 si
1143 3028 1173 3058 ei
1198 3029 1274 3058 viro
1302 3037 1319 3058 a
1338 3028 1469 3065 bede,
1507 3027 1620 3062 Valla,
1659 3026 1738 3057 BV:
1771 3026 1802 3058 si
1826 3034 1869 3057 ea

118 3081 209 3103 uxor
236 3072 260 3102 E
288 3076 322 3103 et
347 3080 433 3103 corr.
463 3071 495 3108 Γ,
521 3075 549 3104 si
575 3075 604 3103 ei
629 3083 720 3104 uxor
748 3083 797 3112 pr.
826 3075 847 3105 l'.
880 3090 918 3096 —
949 3073 1002 3104 10.
1033 3075 1122 3104 enim
1148 3083 1216 3105 om.
1246 3074 1440 3110 Victorius:
1469 3083 1528 3105 nos·
1548 3074 1764 3104 seclusimus.
1795 3073 1863 3104 Cl'r.

119 3118 155 3159 ὃ.
185 3118 240 3150 59.
273 3135 309 3140 -
354 3119 410 3149 20.
438 3127 496 3150 eae
520 3124 597 3150 sunt
625 3128 712 3159 quae
739 3122 780 3156 d,
821 3120 879 3152 Gr.
912 3124 946 3152 et
973 3128 1023 3159 pr.
1052 3129 1090 3150 a:
1134 3126 1390 3160 earum,·quae
1415 3120 1494 3155 dE,
1524 3120 1588 3150 hae
1613 3123 1689 3151 sunt
1715 3128 1804 3158 qnae
1830 3127 1866 3158 c,

119 3177 162 3209 ρ,
191 3171 227 3206 ψ
253 3169 287 3196 et
321 3173 408 3198 corr.
440 3164 480 3201 b,
517 3166 598 3196 haec
630 3171 711 3197 sunt
746 3176 831 3206 quae
858 3167 909 3204 U,
947 3171 983 3197 ut
1009 3169 1089 3197 sunt
1115 3175 1202 3206 quae
1230 3176 1280 3205 pr.
1311 3169 1330 3197 b
1357 3172 1391 3199 et
1417 3176 1505 3198 corr.
1534 3175 1564 3198 e.
1609 3183 1646 3189 -
1690 3166 1746 3198 25.
1785 3170 1869 3198 esset

120 3211 301 3248 abcdes,
343 3211 400 3243 (ir.
429 3211 482 3242 B:
522 3216 568 3242 est
597 3220 673 3242 cum
701 3213 788 3243 Aldu
818 3213 854 3244 E.
899 3227 939 3233 —
985 3212 1042 3245 26.
1082 3216 1263 3253 arqentum
1289 3222 1387 3243 omne
1413 3213 1565 3249 abedt',
1596 3212 1652 3244 Gr.
1681 3212 1728 3244 B:
1773 3221 1868 3244 omne

120 3262 301 3300 argentum
327 3258 394 3290 eE.
423 3274 466 3278 —
492 3258 547 3290 29.
579 3257 639 3289 Vv.
667 3258 743 3290 Non
768 3259 862 3290 debet
886 3274 900 3281 —
926 3275 940 3281 -
965 3259 1147 3290 contraria
1173 3260 1271 3292 ass'ert
1296 3260 1452 3292 Donatus
1477 3261 1518 3292 ad
1545 3259 1624 3293 Ter.
1645 3259 1753 3291 Andr·
1773 3258 1865 3291 Prol.

120 3305 154 3339 5.
181 3307 255 3337 sine
281 3307 458 3339 varietate.
486 3321 529 3325 —
554 3304 610 3336 33.
640 3304 808 3336 diminuit
832 3305 858 3337 E
884 3305 932 3346 (et
959 3307 1008 3338 stc
1035 3304 1196 3345 ubique).
