2117 3762
553 193 622 232 Al)
654 193 706 235 M.
736 193 946 233 lilu‘TUM
987 193 1030 234 C.
1061 195 1128 235 59,
1164 196 1228 234 60.
1261 196 1328 235 61.
1363 196 1430 235 62.
1787 199 1866 239 [ιίΤ

118 301 233 351 parte
265 297 511 344 verborum3
544 299 599 345 si,
630 298 738 338 unde
764 302 880 338 ortus
912 299 986 346 sit,
1021 314 1070 339 ex
1102 300 1262 340 aurium
1293 299 1527 354 voluptate;
1561 300 1594 339 si
1618 313 1870 355 componen-

118 360 266 399 dorum
299 358 424 407 ratio,
458 359 617 400 dicetur
644 358 724 398 alio
756 358 874 406 loco,
909 360 1003 413 quia
1036 361 1214 414 pertinet
1240 361 1290 402 ad
1311 376 1451 410 usum,
1483 375 1589 416 quae
1611 375 1703 416 pars
1725 372 1869 418 quarta

117 426 159 461 et
188 427 373 461 extrema
404 423 522 462 nobis
552 423 593 462 in
623 419 846 461 dividendo
878 421 976 470 l'uit;
1029 424 1086 471 si,
1133 422 1184 464 ad
1223 437 1346 477 quam
1385 438 1471 465 rem
1505 422 1771 474 adhibeatur,
1818 428 1870 467 ad

116 484 452 532 delectationeu1;
484 485 543 531 si,
576 481 765 536 quando,
799 497 980 538 scmpcr;
1022 484 1074 533 si,
1106 500 1188 539 quo
1221 487 1338 534 loco,
1372 485 1412 527 in
1445 492 1528 528 tota
1559 487 1869 529 continuatione

115 543 366 592 verborum
417 545 474 593 si,
522 558 625 598 quae
668 559 732 585 res
764 544 914 586 eslii-iat
946 546 1222 600 voluptatem,
1269 550 1413 590 eadem
1445 563 1549 603 quae
1581 551 1622 591 in
1653 550 1900 599 versibus,5

115 620 294 659 quorum
326 609 493 648 modum
524 611 638 647 notat
676 620 765 655 ars,
818 609 889 648 sed
930 622 1050 650 aures
1081 609 1198 663 ipsae
1229 611 1354 652 tacito
1385 624 1478 652 cum
1510 626 1636 655 sensu
1666 614 1753 654 sine
1783 618 1870 654 arte

114 668 327 710 deliniunt.

226 733 332 772 Lxl.
365 732 460 771 204.
509 731 614 771 Satis
646 730 772 771 multa
803 730 853 773 de
884 739 1053 774 natura:
1092 732 1280 789 sequitur
1308 748 1431 784 usus,
1466 738 1516 776 de
1548 750 1629 792 quo
1662 742 1723 778 est
1752 751 1872 780 accu-

112 795 240 835 ratius
270 790 575 848 disputandum.
638 793 683 832 In
715 806 798 847 quo
829 795 1059 847 quaesitum
1090 801 1175 844 cst,
1220 796 1262 835 in
1301 801 1442 837 totone
1473 798 1646 840 circuitu
1676 799 1748 840 illo
1780 813 1872 842 ora-

112 856 254 904 tionis,
300 868 422 910 quem
464 854 609 895 Graeci
652 859 874 909 περίοδον,
923 870 999 897 nos
1040 863 1127 898 tum
1165 857 1364 899 ambitum
1408 863 1493 900 tum
1533 860 1752 903 circuitum
1784 868 1918 910 tum10

112 917 522 974 comprehensionem
553 922 622 958 aut
655 917 1007 959 continuationem
1039 925 1109 960 aut
1138 918 1564 974 circumscriptionem
1591 923 1786 974 dicimus,
1819 939 1870 967 an

110 983 153 1022 in
183 979 395 1036 principiis
425 981 585 1028 solum,
623 993 674 1020 an
695 979 736 1020 in
759 981 977 1029 extremis,
1009 994 1060 1022 an
1082 981 1125 1022 in
1149 987 1324 1037 utraque
1354 989 1471 1036 parte
1502 998 1699 1027 numerus
1729 992 1872 1029 tenen-

111 1043 187 1085 dus
217 1042 292 1092 sit;
345 1041 494 1083 deinde
537 1055 629 1082 cum
667 1040 779 1082 aliud
818 1041 1009 1084 videatur
1045 1057 1136 1085 esse
1174 1058 1394 1092 numerus,
1440 1044 1550 1087 aliud
1581 1061 1869 1098 numerosum,

111 1105 210 1160 quid
241 1104 416 1146 intersit.
479 1106 574 1145 205.
620 1107 723 1144 Tum
754 1109 891 1145 autem
922 1104 965 1145 in
996 1106 1245 1147 omnibusne
1276 1109 1459 1148 numeris
1489 1109 1716 1162 aequaliter
1746 1113 1872 1166 parti-

111 1168 222 1210 culas
253 1170 398 1210 deceat
428 1166 636 1214 incidere,
677 1180 729 1206 an
759 1166 897 1207 facere
929 1166 1027 1208 alias
1057 1166 1297 1216 breviores,
1339 1169 1438 1211 alias
1467 1169 1702 1224 longiores,
1746 1174 1918 1230 idque15

110 1234 275 1286 quando
317 1236 388 1271 aut
429 1243 503 1271 cur
543 1229 775 1283 quibusque
806 1228 1012 1284 partibus;
1058 1230 1303 1284 pluribusne
1334 1245 1385 1273 an
1421 1233 1610 1287 singulis,
1643 1236 1871 1291 imparibus

109 1307 163 1333 an
193 1291 455 1348 aequalibus;
497 1296 538 1332 et
567 1292 730 1346 quando
761 1297 831 1332 aut
860 1292 947 1333 istis
977 1296 1046 1333 aut
1075 1292 1155 1335 illis
1185 1293 1238 1335 sit
1268 1297 1487 1347 utendum;
1531 1310 1722 1352 quaeque
1764 1300 1872 1342 inter

110 1369 154 1396 se
184 1354 393 1410 aptissime
424 1353 678 1395 collocentur
707 1358 748 1394 et
777 1355 1015 1409 quomodo,
1047 1369 1100 1397 an
1131 1358 1302 1399 omnino
1333 1357 1444 1399 nulla
1472 1359 1526 1400 sit
1554 1359 1598 1400 in
1629 1375 1679 1402 eo
1712 1375 1864 1416 genere

111 1417 318 1459 distinctio
330 1431 341 1468 ;
372 1418 568 1471 quodque
598 1415 650 1457 ad
680 1429 768 1457 rem
799 1416 979 1458 maxime
1009 1417 1209 1472 pertinet,
1244 1433 1324 1475 qua
1354 1420 1516 1463 ratione
1547 1436 1770 1466 numerosa
1798 1423 1869 1466 fiat

111 1480 260 1521 oratio.
320 1481 417 1520 206.
465 1477 769 1532 Explicandum
810 1480 932 1521 etiam
975 1486 1058 1530 est,
1104 1483 1215 1523 unde
1251 1488 1343 1524 orta
1373 1484 1425 1525 sit
1454 1483 1590 1526 forma
1619 1489 1921 1538 verborum‚20

110 1541 436 1598 dicendumque,
484 1547 660 1596 quantos
698 1535 895 1583 circuitus
931 1540 1070 1584 facere
1099 1545 1267 1594 deceat,
1315 1548 1449 1602 deque
1481 1561 1627 1590 eorum
1657 1551 1870 1605 particulis

111 1611 151 1647 et
187 1610 394 1659 tamquam
431 1603 703 1645 incisionibus
738 1603 1024 1646 disserendum
1066 1611 1128 1647 est
1166 1611 1563 1665 quaerendumque,
1614 1617 1752 1655 utrum
1788 1628 1872 1656 una

109 1667 270 1721 species
301 1673 342 1709 et
369 1665 584 1720 longitudo
616 1666 668 1707 sit
698 1680 862 1714 earum,
894 1681 999 1709 anne
1030 1666 1194 1721 plures,
1229 1675 1290 1718 et,
1324 1671 1356 1712 si
1387 1673 1548 1727 plures,
1582 1688 1665 1728 quo
1686 1675 1778 1717 loco
1801 1682 1872 1718 aut

110 1732 276 1786 quando
318 1743 485 1785 quoque
526 1743 680 1782 genere
726 1729 784 1770 uti
824 1735 1025 1784 oporteat.
1086 1733 1303 1774 Postremo
1341 1735 1469 1776 totius
1509 1737 1672 1790 generis
1714 1738 1869 1781 utilitas

111 1792 355 1848 explicanda
385 1797 473 1840 est,
521 1804 626 1846 quae
658 1791 825 1846 quidem
855 1798 967 1847 patet
994 1792 1139 1845 latius3
1185 1809 1270 1837 non
1301 1798 1352 1838 ad
1382 1811 1507 1839 unam
1538 1799 1648 1841 enim
1676 1814 1768 1843 rem
1797 1802 1870 1844 ali-
1882 1822 1919 1848 2⁵

110 1869 234 1911 quam
265 1854 340 1896 sed
369 1853 421 1896 ad
450 1853 588 1908 plures
619 1853 966 1898 accommodatur.

222 1919 319 1959 207.
351 1916 536 1958 Aelicet
557 1930 641 1957 non
670 1915 720 1958 ad
752 1917 932 1972 singulas
961 1931 1027 1959 res
1057 1919 1382 1973 respondentem
1413 1924 1464 1964 de
1492 1926 1687 1969 universo
1719 1943 1870 1983 genere

110 1980 169 2022 sic
204 1982 369 2030 dicere,
420 1985 466 2021 ut
507 1980 630 2020 etiam
670 1980 841 2034 singulis
880 1980 978 2022 satis
1018 1996 1265 2037 responsum
1296 1999 1386 2027 esse
1420 1986 1624 2034 videatur.
1683 1991 1870 2036 Remotis

108 2043 235 2097 igitur
272 2043 445 2099 reliquis
486 2041 708 2095 generibus
745 2057 871 2085 unum
903 2043 1124 2099 selegimus
1156 2048 1262 2096 hoc,
1314 2051 1427 2104 quod
1458 2051 1499 2092 in
1531 2053 1663 2094 causis
1692 2054 1870 2111 foroque

108 2111 322 2155 versatur,
356 2105 408 2147 de
438 2118 521 2159 quo
553 2104 801 2147 diceremus.
861 2109 972 2160 Ergo
1003 2109 1045 2149 in
1075 2108 1190 2159 aliis,
1223 2109 1265 2151 id
1288 2117 1369 2161 est,
1399 2113 1441 2154 in
1462 2112 1637 2156 historia
1667 2121 1708 2157 et
1736 2117 1778 2159 in
1800 2131 1920 2168 eo‚³o

110 2170 222 2224 quod
253 2167 507 2223 appellamus
537 2168 841 2217 ἐπιδεικτικόν,
872 2169 1007 2224 placet
1037 2173 1177 2213 omnia
1208 2173 1288 2214 dici
1319 2175 1529 2218 Isocrateo
1552 2179 1871 2235 Theopompeo-

110 2244 191 2285 que
222 2244 361 2279 more,
392 2231 462 2271 illa
492 2230 874 2286 circumscriptione
905 2232 1167 2290 ambituque,
1199 2241 1246 2277 ut
1266 2241 1474 2292 tamquam
1505 2238 1547 2281 in
1578 2242 1682 2283 orbe
1712 2242 1871 2286 inclusa

110 2300 250 2336 currat
278 2293 434 2342 oratio,
467 2293 604 2348 quoad
633 2292 795 2334 insistat
823 2294 866 2335 in
897 2295 1068 2350 singulis
1097 2296 1295 2351 perfectis
1326 2301 1608 2359 absolutisque
1639 2308 1866 2352 sententiis.

109 2358 206 2398 208.
255 2358 399 2411 Itaque
437 2360 708 2411 posteaquam
746 2361 808 2397 est
846 2362 941 2399 nata
977 2360 1082 2400 haec
1121 2361 1187 2403 vel
1217 2363 1548 2420 circumscriptio
1581 2366 1647 2409 vel
1677 2381 1868 2423 compre-

109 2418 255 2461 hensio
287 2419 353 2461 vel
383 2417 636 2460 continuatio
668 2417 735 2460 vel
765 2420 968 2469 ambitus,
1001 2424 1035 2462 si
1054 2421 1110 2464 ita
1137 2423 1236 2466 licet
1267 2426 1427 2476 dicere,
1458 2442 1604 2477 nemo,
1637 2432 1707 2486 qui
1729 2432 1867 2487 aliquo
1882 2451 1918 2479 5⁵

110 2488 219 2523 esset
248 2482 291 2523 in
320 2495 516 2529 numero,
548 2482 711 2536 scripsit
742 2483 973 2525 orationem
1003 2485 1167 2538 generis
1197 2488 1307 2537 eius,
1338 2492 1450 2544 quod
1481 2497 1591 2533 esset
1619 2496 1671 2535 ad
1692 2493 1868 2536 delecta-

109 2546 265 2586 tionem
295 2550 579 2600 comparatum
619 2550 907 2599 remotumque
943 2560 966 2587 a
996 2546 1157 2589 iudiciis
1195 2548 1435 2607 forensique
1474 2558 1719 2604 certamine,
1771 2559 1869 2613 quin

111 2608 317 2662 redigeret
358 2620 502 2648 omnes
542 2607 632 2647 sere
673 2605 716 2647 in
755 2610 958 2662 quadrum
997 2613 1302 2667 numerumque
1340 2617 1580 2658 sententias.
1643 2621 1744 2660 Nam
1775 2633 1868 2661 cum

111 2671 146 2710 is
177 2675 240 2711 est
269 2668 449 2718 auditor,
500 2669 571 2722 qui
611 2682 694 2709 non
734 2676 951 2720 vereatur,
998 2686 1052 2713 ne
1089 2675 1344 2729 compositae
1375 2678 1575 2720 orationis
1605 2681 1763 2722 insidiis
1794 2696 1868 2724 sua

111 2731 212 2773 fides
243 2737 485 2780 attentetur,
519 2731 692 2785 gratiam
724 2746 890 2788 quoquc
921 2733 1047 2776 habet
1067 2736 1224 2778 oratori
1245 2738 1446 2792 voluptati
1468 2743 1629 2782 aurium
1652 2743 1863 2785 servienti.
1881 2763 1918 2790 ρο

111 2795 238 2836 LXII.
271 2795 367 2834 209.
404 2795 542 2835 Genus
573 2800 712 2835 autem
741 2797 820 2836 hoc
849 2798 1048 2840 orationis
1077 2813 1213 2855 neque
1243 2804 1373 2842 totum
1404 2806 1696 2846 assumendum
1727 2811 1788 2847 est
1816 2808 1868 2848 ad

113 2869 256 2898 causas
293 2857 482 2897 forenses
520 2870 655 2912 neque
697 2856 866 2899 omnino
909 2862 1240 2914 repudiandum3
1292 2866 1325 2905 si
1365 2867 1476 2908 enim
1516 2880 1682 2921 semper
1724 2874 1867 2920 utare,

114 2933 208 2961 cum
237 2919 467 2960 satietatem
497 2918 642 2969 affert,
675 2924 760 2961 tum
784 2921 903 2976 quale
925 2922 976 2964 sit
1008 2925 1131 2966 etiam
1162 2928 1213 2967 ab
1243 2927 1446 2982 imperitis
1477 2932 1726 2984 agnoscitur.
1787 2934 1870 2974 De-

113 2980 238 3023 trahit
266 2986 478 3036 praeterea
507 2981 681 3024 actionis
713 2982 924 3036 dolorem,
955 2985 1092 3029 aufert
1119 2990 1345 3032 humanum
1365 3004 1533 3034 sensum
1553 2993 1730 3045 actoris,
1762 2995 1870 3038 tollit

112 3042 297 3086 funditus
328 3043 541 3084 veritatem
573 3050 615 3086 et
643 3044 782 3087 fidem.
1879 3075 1917 3103 45

110 3131 1853 3156 Q

209 3186 243 3218 0.
270 3193 342 3216 non
366 3187 466 3216 notat
492 3193 569 3217 cum
598 3185 750 3219 Victorto
777 3187 815 3220 V.
842 3187 881 3220 L.
911 3189 978 3228 13,
1005 3189 1037 3221 6.
1065 3190 1196 3232 Meyer.
1226 3208 1263 3215 -—
1293 3192 1348 3225 14.
1370 3194 1602 3233 aequabiliter
1626 3196 1806 3231 Manutius
1833 3202 1867 3231 et

120 3229 242 3265 Lamb.
260 3232 346 3269 (Cir.
365 3230 401 3271 ὅ.
423 3231 518 3274 108.)
539 3249 573 3255 -
593 3233 648 3263 22.
669 3239 716 3265 est
736 3243 802 3266 om.
820 3235 849 3266 R
867 3240 900 3267 et
919 3245 983 3276 mg.
1002 3238 1141 3277 Repett.
1160 3239 1280 3270 Lamb.
1304 3255 1339 3261 —
1361 3241 1416 3273 27.
1432 3242 1477 3272 At
1494 3243 1616 3275 Dresd.
1640 3245 1706 3278 Gu.
1727 3247 1805 3277 1.2.
1825 3262 1863 3268 —

125 3285 244 3314 tamen
268 3287 388 3322 uenere
407 3280 503 3312 Eins.
522 3279 615 3312 sotus
634 3282 722 3313 inter
740 3282 852 3314 adhuc
868 3286 982 3316 notos.
1005 3299 1044 3307 —
1069 3285 1128 3318 41.
1148 3290 1195 3319 esc
1214 3295 1281 3319 om.
1301 3286 1344 3319 R.
1360 3303 1404 3313 ·—·
1428 3288 1486 3322 43.
1506 3288 1605 3331 offert
1622 3291 1704 3325 Ern.
1725 3300 1864 3333 operae.
