2117 3762
770 275 866 314 Llss.
899 274 949 316 ΙΙ.
1009 274 1051 319 (ἶ.
1084 274 1124 316 9.
1165 276 1230 317 10.
1804 286 1881 327 135

132 384 248 427 sunu
296 392 363 420 res
394 379 504 434 ipsa,
550 392 671 420 causa
701 378 859 432 posita,
907 379 1091 428 dom-bit,
1136 381 1283 437 ecquid
1315 381 1379 424 hic
1411 396 1576 438 quoque
1606 383 1721 426 locus
1751 389 1884 441 suspi-

131 440 261 482 cionis
292 441 491 483 ostendat.
550 444 650 482 Nam
680 440 907 483 affectionis
938 443 1103 497 quidem
1135 445 1240 484 ratio
1272 444 1533 498 perspicuam
1571 446 1674 487 solet
1708 460 1806 501 prae
1838 464 1880 489 se

129 516 275 556 gerere
306 504 601 549 coniecturam,
651 511 694 546 ut
725 517 864 549 amor.
909 506 1140 551 iracundia,
1183 506 1394 556 inoli·stia;
1443 513 1669 561 propterea
1700 513 1810 564 quod
1843 518 1882 551 ct

128 566 316 618 ipsorum
347 566 408 607 vis
437 565 681 619 intelligitur
712 572 774 615 et,
823 581 926 622 quae
959 582 1022 608 res
1053 567 1197 608 harum
1228 568 1404 623 aliquam
1435 583 1523 610 rem
1554 579 1880 626 consequantur,

127 627 268 670 faciles
299 628 464 682 cognitu
494 634 601 669 suut.
663 630 731 670 31.
779 629 965 670 Studium
1003 636 1138 670 autem
1179 631 1373 685 quoniam
1404 637 1465 672 est
1494 631 1657 673 assidua
1688 640 1729 673 et
1759 635 1878 676 vehe-
1898 650 1911 674 ς

128 704 244 732 mens
273 691 452 746 aliquam
483 689 534 731 ad
564 703 654 731 rem
685 691 885 746 applicata
915 706 1062 746 magna
1101 706 1194 733 cum
1235 693 1441 734 voluntate
1483 695 1718 748 occupatio,
1762 696 1882 739 sacile

128 768 180 795 ex
210 767 260 795 eo
292 757 466 795 ducetur
494 753 817 806 argumentatio,
860 769 982 809 quam
1013 768 1080 795 res
1111 756 1199 808 ipsa
1229 755 1479 797 desiderabit
1511 758 1551 797 in
1581 770 1718 799 causa.
1781 761 1883 801 Item

128 831 180 857 ex
222 815 393 857 consilio
437 821 623 856 sumetur
666 815 821 871 aliquid
864 815 1142 870 suspicionis3
1204 830 1298 857 nam
1354 818 1571 859 consilium
1617 826 1678 861 cst
1726 821 1882 876 aliquid

125 877 301 919 faciendi
332 891 415 919 non
444 876 673 918 faciendive
705 879 937 930 excogitata
966 878 1088 919 ratio.
1151 879 1235 918 Iam
1268 878 1372 919 sacta
1394 887 1433 919 ct
1453 894 1569 922 casus
1592 887 1632 922 et
1653 886 1879 932 orationes,

126 952 231 994 quae
260 945 354 980 sunt
383 939 521 980 omnia
554 941 611 992 (ut
641 940 682 981 in
712 940 1034 982 confirmationis
1064 940 1296 993 praeceptis
1328 941 1480 983 dictum
1512 943 1585 995 est)
1617 944 1658 985 in
1681 945 1758 987 tria
1781 951 1931 988 tem-10

127 1015 230 1055 pora
273 1001 513 1049 distributa,
564 1002 683 1043 facile
729 1002 810 1044 erit
848 1001 1014 1051 videre,
1066 1002 1215 1058 ecquid
1256 1003 1430 1045 afferant
1465 1007 1516 1047 ad
1557 1007 1882 1051 confirmandam

124 1064 404 1106 coniecturam
435 1064 694 1120 suspicionis.

235 1129 289 1168 X.
336 1129 405 1168 32.
455 1131 511 1168 Ac
551 1128 742 1181 personis
781 1126 950 1182 quidem
990 1139 1060 1168 res
1098 1139 1171 1167 eae
1210 1133 1305 1168 sunt
1349 1129 1589 1180 attributae,
1637 1146 1688 1175 ex
1733 1135 1882 1190 quibus

124 1189 316 1232 omnibus
356 1204 484 1232 unum
528 1190 570 1231 in
608 1190 745 1232 locum
784 1189 937 1231 coactis
977 1190 1230 1230 accusatoris
1261 1190 1340 1231 erit
1369 1190 1674 1244 improbatione
1705 1197 1882 1238 hominis

123 1251 198 1293 uti.
259 1254 362 1293 Nam
393 1266 512 1293 causa
543 1252 638 1293 facti
668 1266 814 1308 parum
845 1250 1108 1292 firmitudinis
1138 1251 1330 1301 habebit,
1363 1255 1442 1295 nisi
1471 1256 1630 1298 animus
1662 1258 1777 1307 eius,
1811 1259 1932 1315 quii?-

122 1313 403 1362 insimulatur,
434 1316 475 1355 in
507 1328 597 1356 eam
627 1314 906 1370 suspicionem
935 1315 1184 1363 adducetur,
1216 1321 1261 1356 ut
1293 1329 1315 1356 a
1346 1316 1416 1357 tali
1447 1319 1567 1371 culpa
1589 1333 1671 1361 non
1693 1323 1884 1363 videatur

123 1377 407 1418 abhorruisse.
469 1379 517 1419 Ut
559 1379 670 1418 enim
711 1376 894 1418 animum
937 1376 1110 1417 alicuius
1150 1378 1390 1430 improbare
1434 1379 1537 1421 nibil
1579 1381 1741 1429 attinet,
1789 1397 1883 1425 cum

123 1452 267 1487 causa,
313 1453 442 1495 quare
474 1440 676 1493 peccarit,
722 1452 805 1480 non
835 1438 1087 1486 intercessit,
1133 1439 1191 1479 sic
1230 1452 1395 1481 causam
1433 1442 1591 1496 peccati
1622 1443 1883 1487 intercedere

121 1501 213 1543 leve
244 1508 324 1550 est,
357 1502 390 1543 si
421 1503 580 1543 animus
610 1502 712 1543 nulli
742 1503 878 1542 minus
898 1503 1095 1541 honestae
1117 1500 1268 1542 rationi
1289 1501 1421 1543 affinis
1443 1504 1686 1548 ostenditur.
1747 1509 1883 1557 Quare

122 1565 247 1606 vitam
279 1565 389 1614 eius,
434 1578 557 1620 quem
587 1565 740 1618 arguit,
783 1578 834 1604 ex
866 1568 958 1604 ante
987 1561 1105 1604 sactis
1135 1570 1350 1605 accusator
1380 1565 1617 1621 improbare
1648 1568 1814 1611 debebit
1845 1577 1933 1612 et2o

122 1629 365 1676 ostendere,
399 1627 434 1669 si
463 1640 547 1682 quo
578 1628 620 1668 in
649 1626 740 1682 pari
770 1635 864 1667 ante
895 1631 1067 1679 peccato
1099 1625 1310 1668 convictus
1339 1627 1405 1668 sit.
1469 1629 1512 1670 Si
1540 1629 1583 1671 id
1613 1645 1695 1673 non
1716 1632 1883 1686 poterit,

123 1692 156 1731 si
187 1703 309 1746 quam
340 1690 381 1731 in
412 1689 588 1730 similem
619 1695 713 1730 ante
743 1687 1022 1742 suspicionem
1053 1688 1241 1736 venerit,
1274 1703 1321 1729 ac
1351 1690 1558 1741 maxime,
1592 1693 1626 1734 si
1656 1693 1746 1736 fieri
1768 1703 1886 1751 pote-

121 1752 197 1798 rit,
241 1752 365 1793 simili
403 1752 542 1807 aliquo
582 1753 622 1792 in
664 1764 814 1805 genere
852 1749 1156 1791 eiusdemmodi
1186 1764 1307 1792 causa
1338 1752 1474 1808 aliqua
1504 1762 1756 1798 commotum
1786 1773 1885 1811 pec-

121 1827 235 1855 casse
266 1820 337 1856 aut
366 1814 409 1854 in
439 1827 570 1868 aeque
600 1827 749 1868 magna
778 1826 825 1854 re
855 1819 926 1854 aut
953 1812 996 1854 in
1026 1812 1184 1854 maiore
1214 1820 1283 1854 aut
1312 1814 1354 1855 in
1385 1818 1565 1860 minore:
1597 1825 1642 1860 ut
1672 1820 1726 1868 si,
1759 1835 1883 1875 quem

121 1876 298 1931 pecunia
341 1878 448 1917 dicat
485 1875 699 1917 inductum
742 1875 912 1921 secisse,
959 1876 1090 1930 possit
1131 1875 1416 1920 demonstrare
1462 1879 1598 1934 aliqua
1633 1881 1676 1922 in
1716 1896 1763 1923 re
1794 1884 1882 1925 eius
1897 1899 1932 1924 25

121 1938 290 1994 aliquod
320 1938 472 1980 sactum
503 1953 688 1980 avarum.
750 1941 818 1981 33.
864 1940 965 1979 Item
1007 1938 1050 1979 in
1088 1937 1202 1979 omni
1242 1953 1362 1981 causa
1399 1947 1590 1984 naturam
1629 1950 1699 1985 aut
1728 1945 1883 1988 victum

122 2008 192 2043 aut
229 2000 409 2043 studium
453 2008 522 2043 aut
560 2001 769 2043 fortunam
808 2008 879 2043 aut
919 1998 1075 2054 aliquid
1112 2014 1282 2050 eorum,
1331 2017 1437 2058 quae
1469 2007 1661 2059 personis
1690 2006 1884 2049 attributa

121 2069 241 2113 sunt,
282 2066 334 2105 ad
367 2077 457 2105 eam
489 2077 676 2112 causam,
716 2077 797 2119 qua
829 2069 1082 2104 commotum
1113 2076 1306 2117 peccasse
1338 2065 1470 2114 dicet,
1504 2069 1730 2121 adiungere
1760 2076 1883 2124 atque

122 2141 175 2168 ex
217 2125 372 2182 dispari
411 2140 578 2181 quoque
618 2140 772 2182 genere
809 2126 1050 2181 culparum,
1099 2126 1132 2166 si
1172 2139 1225 2166 ex
1264 2128 1353 2181 pari
1383 2129 1572 2170 sumendi
1602 2131 1771 2172 facultas
1801 2146 1883 2173 non

122 2188 225 2237 erit,
271 2187 511 2242 improbare
551 2189 734 2230 animum
776 2187 1004 2230 adversarii
1047 2187 1280 2241 oportebit:
1326 2195 1370 2231 ut
1399 2190 1434 2232 si
1463 2191 1632 2233 avaritia
1668 2192 1881 2235 inductum
1897 2209 1931 2234 30

121 2264 272 2305 arguas
301 2250 470 2298 fecisse,
504 2257 544 2293 et
574 2265 744 2293 avarum
774 2265 888 2299 eum,
920 2264 1045 2306 quem
1076 2264 1266 2299 accuses,
1300 2251 1585 2295 demonstrare
1616 2269 1700 2297 non
1729 2257 1881 2310 possiS‚

121 2313 211 2355 aliis
241 2312 406 2354 affinem
435 2313 547 2355 vitiis
578 2328 669 2355 esse
701 2313 851 2355 doceas
882 2320 922 2355 et
952 2326 1005 2353 ex
1036 2325 1086 2353 ca
1115 2325 1162 2353 re
1192 2327 1275 2356 non
1306 2329 1396 2357 esse
1437 2316 1695 2367 mirandum,
1742 2320 1812 2373 qui
1841 2321 1882 2360 in

120 2375 192 2417 illa
233 2389 280 2417 re
320 2377 454 2430 turpis
495 2382 565 2418 aut
600 2378 773 2432 cupidus
814 2383 883 2418 aut
920 2374 1108 2430 petulans
1138 2373 1285 2425 fuerit,
1332 2381 1408 2419 bac
1439 2393 1606 2435 quoque
1636 2380 1678 2422 in
1709 2394 1756 2422 re
1788 2395 1881 2422 eum

122 2437 362 2493 deliquisse.
425 2440 634 2488 Quantum
665 2438 774 2480 enim
805 2437 856 2480 de
885 2440 1100 2479 honestate
1132 2442 1173 2478 et
1202 2440 1445 2482 auctoritate
1478 2443 1590 2491 eius,
1642 2445 1712 2498 qui
1743 2445 1881 2496 argui-

122 2511 210 2549 tur,
244 2503 470 2542 detractum
503 2506 587 2549 est,
635 2503 874 2543 tantundem
914 2503 965 2542 de
1002 2498 1195 2541 facultate
1225 2504 1350 2545 totius
1381 2510 1442 2545 est
1471 2504 1722 2546 defensionis
1753 2505 1880 2546 demi-
1893 2520 1927 2546 3⁵

120 2569 279 2604 nutum.
338 2565 405 2604 34.
446 2564 487 2603 Si
518 2563 619 2604 nulli
649 2562 782 2605 affinis
811 2563 967 2617 poterit
995 2565 1096 2608 vitio
1125 2578 1223 2606 reus
1254 2571 1347 2606 ante
1376 2565 1557 2608 admisso
1588 2569 1875 2616 demonstrari,

120 2624 235 2666 locus
264 2624 484 2667 inducetur
512 2625 600 2674 ille,
632 2640 710 2679 per
739 2639 864 2680 quem
896 2626 1087 2670 hortandi
1107 2627 1264 2670 iudices
1285 2634 1427 2677 erunt,
1461 2635 1505 2671 nt
1526 2636 1709 2671 veterem
1729 2629 1878 2670 samam

121 2686 300 2728 hominis
338 2687 443 2729 nihil
483 2690 535 2729 ad
577 2702 665 2729 rem
706 2693 853 2744 putent
888 2690 1115 2745 pertinere;
1165 2704 1261 2732 nam
1302 2705 1397 2733 eum
1428 2697 1521 2733 ante
1552 2694 1722 2739 celasse,
1769 2706 1877 2733 nunc

211 2843 248 2876 k.
274 2848 505 2887 consequatur
529 2845 590 2877 AT
616 2850 650 2879 et
676 2854 727 2885 pr.
754 2846 794 2878 P.
824 2845 881 2886 (Ut
905 2856 990 2882 nos.
1017 2848 1079 2880 VR
1106 2853 1140 2881 et
1166 2857 1254 2882 corr.
1282 2847 1335 2890 P.)
1364 2865 1402 2872 —-
1441 2848 1475 2880 6.
1503 2848 1657 2889 aliquam
1683 2848 1731 2879 ad
1756 2848 1818 2881 AR
1845 2854 1879 2882 et

122 2898 211 2922 corr.
239 2890 319 2922 PT:
365 2893 489 2933 aliqua
512 2893 560 2924 ad
587 2902 637 2932 pr.
666 2893 711 2930 P,
745 2894 792 2925 ad
817 2894 974 2935 aliquam
998 2895 1037 2926 E.
1075 2894 1138 2935 (ad
1163 2905 1232 2928 om.
1262 2905 1312 2935 pr.
1341 2893 1398 2934 T.)
1427 2912 1463 2918 —
1506 2896 1561 2926 11.
1601 2895 1879 2936 confirmandam

121 2938 359 2970 coniecturam
383 2938 522 2971 PART:
551 2942 788 2972 coniecturam
812 2941 1088 2982 confirmandam
1113 2944 1151 2975 E.
1176 2960 1214 2966 -
1242 2943 1296 2974 13.
1325 2943 1388 2973 hac
1404 2941 1504 2972 PAT.
1534 2940 1589 2980 (L't
1615 2950 1677 2974 nos
1694 2965 1702 2978 ,
1731 2942 1820 2983 VR.)
1836 2960 1874 2966 —

121 2986 178 3017 15.
207 2984 342 3016 habebit
366 2984 415 3015 P:
443 2986 540 3018 habet
565 2987 701 3018 ARTE.
733 3003 768 3009 —
805 2987 862 3018 16.
890 2988 1088 3030 adducetur
1112 2989 1268 3028 Leidrl.
1298 2990 1352 3020 R:
1382 2987 1571 3018 adducitur
1597 2996 1649 3027 pr.
1677 2988 1788 3027 PAT,
1815 2990 1879 3021 ad-

120 3032 273 3063 ducatur
298 3031 324 3062 E
353 3039 430 3062 cum
457 3039 546 3064 corr.
573 3033 675 3067 ΡΑΤ.
707 3051 745 3057 —-
789 3033 845 3066 18.
868 3037 1024 3074 peccarit
1049 3036 1109 3067 AT
1136 3041 1171 3068 et
1196 3044 1285 3067 corr.
1314 3036 1362 3066 P:
1400 3035 1596 3074 peccaverit
1622 3035 1697 3066 RE.
1723 3035 1878 3076 (peccare

121 3086 174 3118 pr.
203 3076 257 3115 Ρ.)
295 3091 338 3100 -
378 3077 607 3111 intercesserit
633 3080 687 3115 R,
715 3080 840 3114 Graev.
867 3098 911 3102 —
950 3083 1007 3113 21.
1035 3082 1073 3114 Si
1096 3082 1134 3113 id
1159 3082 1276 3113 PART
1304 3083 1481 3119 ceterique
1508 3081 1611 3112 libri:
1638 3081 1706 3114 Sed
1730 3082 1767 3113 id
1791 3083 1874 3114 Ern.

121 3133 263 3163 operae.
292 3139 332 3146 —
359 3122 417 3155 30.
446 3129 486 3156 ut
510 3135 580 3158 om.
607 3126 742 3159 PART.
773 3145 810 3151 —
853 3127 911 3159 32.
938 3129 1033 3160 vitiis
1058 3138 1126 3161 esse
1152 3129 1263 3160 PAT:
1306 3135 1375 3158 esse
1397 3128 1492 3158 vitiis
1516 3127 1590 3160 RE.
1641 3145 1677 3150 —
1720 3133 1751 3160 et
1775 3139 1816 3161 ea
1839 3139 1876 3161 re

119 3171 219 3204 Leid.
248 3171 277 3202 Ι.
304 3170 500 3203 Schtttzius.
550 3173 597 3204 Ut
621 3181 707 3211 nos,
735 3175 838 3205 etiam
866 3178 986 3206 nostri.
1013 3191 1054 3196 —
1094 3174 1153 3206 33.
1181 3183 1254 3206 eum
1280 3183 1348 3206 om.
1377 3182 1426 3211 pr.
1455 3173 1506 3209 T.
1535 3175 1679 3206 eundem
1703 3175 1874 3217 Purgoido

121 3222 264 3250 auctore
290 3218 371 3260 Seli.
402 3232 438 3238 —
482 3217 539 3250 35.
580 3223 718 3251 tantum
742 3220 837 3251 ΛΒΤ
864 3225 898 3253 et
923 3221 1096 3261 plerique.
1148 3221 1241 3259 Sed,
1282 3225 1319 3252 ut
1351 3228 1433 3258 nos,
1471 3222 1732 3261 antiquissimus
1765 3223 1804 3253 P.
1833 3239 1874 3245 --

121 3263 178 3296 36.
221 3264 285 3297 Vv.
323 3272 403 3295 reus
439 3267 520 3296 ante
552 3266 704 3297 admisso
744 3266 893 3299 Grutero
935 3272 1076 3300 auctore
1114 3268 1279 3306 expunxit
1312 3266 1393 3297 Sch.
1444 3266 1494 3299 Ac
1529 3277 1582 3301 vv.
1616 3274 1699 3300 ante
1723 3270 1874 3300 admisso

120 3316 282 3350 suspecta
307 3310 445 3344 ruerant
470 3313 536 3342 iam
562 3311 684 3343 Lamb.
737 3313 867 3345 Eodem
885 3336 893 3350 ,
920 3315 973 3347 vet
998 3316 1102 3347 etiam
1128 3315 1259 3347 maiore
1287 3314 1386 3352 iure,
1414 3319 1551 3354 poterat
1569 3318 1719 3359 expungi
1739 3324 1770 3349 v.
1789 3316 1873 3348 vitio

122 3357 312 3392 dumtaxat.
363 3357 570 3390 Constanter
594 3363 732 3392 servant
757 3359 849 3391 libri.
877 3360 944 3393 On.
