2117 3762
292 281 344 321 86
961 279 1029 319 AD
1068 279 1379 324 HERENNIUM

291 391 371 430 hoc
399 386 546 428 modo:
587 388 786 428 Lemnum
817 384 1073 439 praeteriens
1105 385 1240 440 cepit3
1282 387 1378 430 inde
1410 389 1532 430 Thasi
1562 389 1815 443 praesidium
1853 393 2046 448 reliquit;

291 455 385 507 post
413 449 559 490 urbem
591 448 633 489 in
662 447 850 501 Bithynia
893 447 1077 496 sustulit;
1123 447 1216 488 inde
1256 451 1452 504 appulsus
1491 452 1532 492 in
1563 452 1876 506 Hellespontum
1915 446 2050 497 statim

291 513 448 569 potitur
476 510 635 566 Abydo.
693 512 816 549 Item:
857 508 983 550 Modo
1014 509 1182 557 consul,
1215 513 1422 565 quondam
1454 514 1665 563 tribunus,
1715 515 1862 557 deinde
1893 517 2050 572 primus

294 580 381 616 erat
407 574 592 616 civitatis.
652 574 784 612 Tum:
834 570 1115 613 Proficiscitur
1146 572 1186 613 in
1217 574 1376 624 Asiam,
1433 576 1582 618 deinde
1614 577 1731 619 exsul
1763 585 1803 619 et
1832 579 1961 620 hostis
1991 586 2052 622 est

263 638 446 685 sdictus,
490 642 582 692 post
611 634 853 688 imperator,
895 642 1110 687 postremo
1141 634 1270 676 factus
1301 644 1362 678 est
1392 640 1547 681 consul.
1607 639 1742 681 Ilabet
1772 641 1911 695 paucis
1941 655 2052 683 com-

293 703 496 755 prehensa
527 697 705 739 brevitas
728 696 949 738 multarum
971 711 1112 738 rerum
1134 698 1453 752 expeditionem.
1515 704 1654 752 Quare
1676 703 1908 745 adhibenda
1930 718 2051 760 saepe

293 769 374 808 est,
417 776 509 803 cum
539 765 609 802 aut
637 773 705 801 res
735 773 818 801 non
850 765 972 814 egent
1003 759 1148 814 longae
1179 761 1378 803 orationis
1409 769 1478 805 aut
1507 770 1669 820 tempus
1701 779 1783 807 non
1814 765 1910 807 sinit
1940 779 2052 809 com-

291 838 459 868 morari.

409 888 490 927 LV.
520 885 826 927 Demonstratio
857 891 939 934 est,
974 899 1065 926 cum
1098 885 1152 925 ita
1182 884 1321 927 verbis
1351 901 1418 928 res
1444 889 1710 944 exprimitur,
1741 896 1786 932 ut
1816 891 1903 945 geri
1927 905 2054 945 nego-

243 965 277 989 10
292 952 391 993 tium
422 956 461 991 et
489 962 557 990 res
587 955 680 989 ante
712 949 854 990 oculos
886 962 975 989 esse
1006 950 1211 989 videatur.
1274 949 1320 990 Id
1351 948 1440 990 lieri
1472 953 1644 1004 poterit,
1676 953 1727 1000 si,
1762 968 1867 1007 quae
1898 961 1990 995 ante
2014 960 2054 995 et

291 1019 385 1070 post
414 1017 454 1053 et
482 1011 524 1052 in
554 1011 642 1066 ipsa
672 1025 718 1053 re
748 1011 854 1053 facta
885 1017 1024 1058 erunt,
1057 1014 1458 1065 comprehendemus
1489 1020 1557 1054 aut
1587 1029 1609 1054 a
1640 1014 1765 1056 rebus
1796 1030 2050 1072 consequen-

292 1076 400 1117 tibus
431 1080 501 1116 aut
530 1074 890 1115 circumstantibus
920 1089 1003 1116 non
1033 1074 1303 1122 recedemus,
1334 1078 1413 1116 hoc
1446 1079 1589 1118 modo:
1624 1078 1744 1126 Quod
1776 1078 1897 1119 simul
1928 1085 2053 1133 atque

294 1141 499 1180 Gracchus
540 1137 775 1192 prospexit,
825 1140 1023 1178 fluctuare
1064 1137 1266 1190 populum
1305 1145 1540 1186 verentem,
1592 1153 1643 1180 ne
1682 1139 1771 1192 ipse
1812 1142 2053 1182 auctoritate

294 1208 457 1243 senatus
489 1206 719 1241 commotus
760 1199 960 1241 sententia
1000 1200 1236 1247 desisteret,
1290 1200 1402 1241 iubet
1434 1200 1629 1242 advocari
1667 1202 1914 1243 contionem.
1976 1197 2054 1244 lste

242 1266 449 1307 1⁵interea
493 1263 649 1305 scelere
689 1269 729 1304 et
765 1263 883 1304 malis
921 1263 1239 1318 cogitationibus
1270 1263 1506 1304 redundans
1538 1264 1671 1306 evolat
1701 1278 1723 1305 e
1756 1266 1907 1318 templo
1939 1266 2048 1306 lovis

293 1335 332 1370 et
362 1326 530 1373 sudans,
563 1326 692 1368 oculis
723 1325 982 1372 ardentibus,
1016 1333 1153 1368 erecto
1177 1326 1349 1381 capilli),
1382 1333 1570 1367 contorta
1601 1334 1721 1381 toga,
1754 1341 1845 1367 cum
1870 1327 2055 1382 pluribus

292 1390 382 1432 aliis
412 1389 473 1431 ire
506 1389 680 1430 celerius
711 1388 860 1444 coepit.
923 1388 985 1430 Illi
1017 1403 1166 1444 praeco
1198 1387 1373 1430 faciebat
1404 1388 1674 1438 audientiam;
1717 1389 1783 1430 hic
1813 1390 2054 1430 subsellium

294 1452 501 1509 quoddam
523 1451 632 1493 calce
654 1465 874 1504 premens,
909 1450 1081 1493 dextera
1112 1455 1260 1506 pedem
1285 1451 1479 1505 defringit
1510 1458 1550 1492 et
1579 1451 1656 1491 hoe
1687 1451 1788 1492 alios
1816 1452 1930 1493 iubet
1958 1453 2055 1493 item

292 1519 445 1558 facere.
504 1518 604 1558 Cum
636 1516 844 1555 Gracchus
875 1513 974 1554 deos
1011 1514 1216 1568 inciperet
1256 1517 1436 1568 precari,
1481 1514 1634 1554 cursim
1665 1514 1731 1554 isti
1762 1514 1962 1567 impetum
1995 1514 2054 1555 fa-

243 1581 407 1621 2ociunt
452 1584 491 1619 et
530 1592 582 1619 ex
621 1577 709 1618 aliis
745 1577 814 1618 alii
855 1577 1041 1630 partibus
1073 1578 1291 1618 convolant
1331 1583 1452 1630 atque
1493 1590 1514 1616 e
1556 1576 1708 1630 populo
1750 1590 1878 1623 unus,
1925 1579 2052 1629 Fuge,

294 1641 446 1697 inquit,
479 1640 638 1688 Tiberi,
680 1640 789 1694 fuge.
849 1643 940 1680 Non
970 1640 1113 1681 vides?
1158 1639 1354 1694 Respice,
1394 1642 1577 1693 inquam.
1636 1638 1792 1679 Deinde
1822 1652 1925 1692 vaga
1955 1639 2058 1694 mul-

294 1707 452 1754 titudo,
486 1703 622 1745 subito
653 1703 802 1744 timore
832 1702 1073 1758 perterrita,
1106 1702 1250 1758 fugere
1281 1701 1434 1754 coepit.
1496 1704 1545 1742 At
1576 1701 1651 1741 iste
1682 1715 1878 1754 spumans
1909 1715 1962 1742 ex
1984 1714 2058 1742 ore

295 1769 449 1814 sceluS,
501 1766 694 1808 anhelans
725 1780 777 1807 ex
807 1765 952 1806 intimo
985 1772 1154 1819 pectore
1194 1764 1504 1810 crudelitatem,
1556 1769 1802 1818 contorquet
1841 1762 2058 1805 brachium

297 1837 337 1872 et
368 1829 567 1872 dubitanti
591 1829 793 1876 Graccho,
826 1828 925 1883 quid
947 1835 1076 1876 esset,
1108 1842 1242 1884 neque
1274 1833 1410 1867 tamen
1443 1826 1597 1873 locum,
1632 1827 1671 1867 in
1695 1839 1778 1880 quo
1800 1826 2055 1875 constiterat,

246 1905 282 1931 25
298 1892 564 1947 relinquenti,
614 1894 792 1947 percutit
834 1899 1011 1946 tempus.
1092 1892 1164 1932 Ille
1209 1891 1317 1931 nulla
1355 1904 1457 1930 voce
1497 1888 1693 1930 delabens
1740 1889 1862 1930 insita
1904 1889 2058 1930 virtute

297 1955 475 1997 concidit
504 1954 663 1996 tacitus.
725 1956 805 1994 Iste
837 1953 916 1995 viri
946 1953 1161 1995 tortissimi
1193 1952 1428 1994 miserando
1460 1952 1659 2007 sanguine
1691 1966 1902 2006 aspersus,
1937 1951 2058 2006 quasi

296 2017 452 2060 facinus
500 2016 873 2070 praeclarissimum
922 2016 1106 2064 fecisset,
1167 2016 1510 2069 circumspectans
1560 2023 1598 2056 et
1645 2015 1773 2056 hilare
1821 2015 2060 2056 sceleratam

299 2080 596 2135 gratulantibus
640 2093 806 2120 manum
852 2080 1071 2134 porrigens
1115 2079 1156 2119 in
1201 2078 1398 2132 templum
1446 2077 1554 2118 Iovis
1600 2078 1772 2119 contulit
1812 2091 1916 2118 sese.
1994 2078 2059 2118 69.

299 2146 412 2185 Haec
457 2142 674 2184 exornatio
719 2141 944 2197 plurimum
984 2145 1155 2197 prodest
1192 2140 1233 2181 in
1272 2139 1555 2195 amplificanda
1586 2146 1626 2181 et
1656 2140 1984 2181 eoinmiseranda
2013 2153 2060 2180 re

251 2220 286 2245 no
301 2205 535 2248 huiusmodi
566 2204 912 2246 enarrationibus.
982 2204 1129 2245 Statuit
1167 2203 1276 2244 enim
1308 2208 1434 2243 totam
1466 2216 1555 2243 rem
1587 2208 1627 2243 et
1657 2216 1790 2258 prope
1821 2203 1938 2258 ponit
1968 2210 2060 2244 ante

301 2269 456 2312 ocutos.

414 2333 513 2372 LVI.
566 2332 718 2372 Omnes
762 2330 945 2371 rationes
986 2327 1266 2370 honestandae
1309 2327 1551 2368 elocutionis
1592 2327 1774 2368 studiose
1805 2328 2058 2383 collegimus,

301 2397 343 2439 in
374 2394 548 2450 quibus,
583 2396 783 2440 Herenni,
817 2393 850 2433 si
880 2398 919 2433 te
951 2392 1185 2447 diligentius
1216 2390 1479 2438 exercueris,
1520 2396 1558 2430 et
1589 2392 1832 2443 gravitatem
1863 2397 1903 2431 et
1931 2390 2061 2444 digni-

302 2464 427 2500 tatem
457 2463 497 2498 et
525 2456 767 2497 suavitatem
799 2454 956 2496 habere
987 2455 1027 2496 in
1059 2453 1234 2495 dicendo
1266 2453 1443 2508 poteris,
1484 2459 1529 2493 ut
1559 2453 1740 2493 oratorie
1771 2453 1889 2507 plane
1920 2453 2062 2507 loqua-

255 2521 386 2571 ³⁵ris;
436 2534 487 2561 ne
517 2519 625 2561 nuda
655 2525 777 2573 atque
808 2519 997 2559 inornata
1026 2517 1209 2558 inventio
1239 2515 1402 2569 vulgari
1433 2528 1624 2556 sermone
1657 2514 1866 2556 efferatur.
1944 2517 2062 2555 Nunc

303 2582 529 2626 identidem
560 2588 721 2623 nosmet
751 2581 829 2636 ipsi
860 2580 978 2622 nobis
1010 2580 1221 2622 instemus.
1298 2582 1377 2619 Res
1421 2579 1530 2618 enim
1561 2576 1789 2618 eommunis
1820 2577 1974 2629 agitur,
2017 2583 2062 2618 ut

304 2648 546 2703 frequenter
576 2650 616 2686 et
644 2644 806 2686 assidue
829 2657 1137 2698 consequamur
1166 2641 1265 2683 artis
1295 2643 1498 2682 rationem
1529 2640 1665 2682 studio
1686 2645 1726 2680 et
1746 2638 2060 2684 exe1·citatione;

398 2780 432 2810 2.
461 2777 630 2817 appulsus
655 2775 785 2807 Aut-ato
811 2779 951 2807 auctore
979 2774 1099 2806 Lamb.
1128 2774 1301 2813 habetque
1328 2774 1376 2804 sic
1403 2780 1490 2803 corr.
1520 2770 1627 2801 Palat.
1654 2769 1714 2800 VI.
1741 2773 1792 2806 et,
1836 2774 1874 2800 ut
1901 2769 2057 2807 videtur,

306 2827 388 2858 BR:
429 2826 551 2866 pulsus
577 2824 634 2855 ΤΕ
662 2826 696 2855 et
719 2831 807 2854 corr.
833 2823 881 2859 A,
921 2830 1043 2852 rursus
1069 2821 1120 2852 PF
1148 2825 1181 2854 et
1207 2830 1257 2860 pr.
1288 2820 1329 2851 A.
1369 2836 1408 2841 -—
1452 2819 1484 2849 5.
1512 2816 1626 2855 factus
1659 2820 1707 2847 est
1738 2817 1855 2847 consul
1890 2817 2059 2848 PAFRT:

307 2873 423 2905 consul
447 2872 560 2912 factus
586 2874 633 2901 est
659 2870 696 2901 Ε.
725 2867 856 2908 (sactus
880 2872 927 2900 est
954 2878 1020 2899 om.
1042 2868 1102 2904 B.)
1137 2885 1180 2889 -
1218 2868 1250 2899 9.
1278 2867 1388 2898 verbis
1419 2873 1471 2896 res
1503 2862 1671 2894 PBFRT:
1707 2871 1760 2894 res
1784 2864 1895 2894 verbis
1918 2863 1991 2894 AE.
2019 2879 2060 2885 —

309 2922 364 2951 11.
393 2924 454 2950 aut
477 2929 498 2950 a
524 2917 689 2949 PABFT:
726 2921 786 2947 auc
811 2918 841 2947 si
866 2925 887 2947 α
913 2915 986 2946 RE.
1025 2932 1064 2936 —
1104 2915 1160 2945 1⁶2.
1189 2918 1252 2945 aut
1278 2910 1583 2944 circumstantibus
1608 2909 1743 2940 PBFT:
1783 2914 1845 2940 aut
1872 2920 1894 2941 a
1920 2912 2062 2941 circum-

309 2967 478 2998 stantibus
502 2965 604 2997 ABE.
637 2981 671 2987 —
710 2962 766 2995 14.
793 2964 965 2994 sententia
989 2961 1156 2992 PABFT:
1186 2971 1207 2992 α
1233 2961 1401 2992 sententia
1426 2958 1496 2989 RE.
1524 2971 1567 2979 —
1605 2957 1655 2987 15.
1685 2964 1700 2986 e
1725 2956 1891 2988 PABFT:
1921 2965 1962 2987 ex
1986 2957 2059 2987 RE.

309 3013 366 3044 16.
396 3018 426 3044 et
452 3022 520 3044 om.
542 3011 699 3043 PBFRT.
728 3027 768 3032 —
794 3007 935 3048 sudans]
962 3014 1060 3039 stans
1087 3008 1137 3039 PF
1165 3013 1198 3040 et
1225 3018 1277 3046 pr.
1299 3007 1347 3040 A,
1378 3015 1446 3037 om.
1467 3003 1587 3035 Lamb.
1614 3019 1647 3023 —
1679 3002 1733 3033 18.
1762 3004 1905 3035 dextera
1921 3003 2058 3034 PAFT:

309 3060 435 3091 dextra
460 3059 559 3090 BRE.
597 3073 639 3080 -
680 3058 740 3089 hoc
766 3057 854 3089 alios
878 3057 971 3087 iubet
998 3058 1076 3086 item
1100 3055 1250 3085 PAFRT
1285 3053 1358 3093 (sed
1385 3052 1475 3082 idem
1510 3050 1601 3082 ART
1629 3054 1663 3081 et
1692 3058 1742 3088 pr.
1766 3049 1842 3089 P.):
1882 3050 1970 3081 altos
2000 3050 2062 3080 hoc

308 3107 398 3137 idem
422 3106 515 3138 iubet
542 3105 609 3136 BE.
640 3122 678 3127 —
706 3105 763 3136 20.
792 3107 823 3135 ct
848 3112 888 3134 ex
914 3102 1084 3134 PAFRT:
1113 3111 1154 3133 eac
1179 3102 1247 3132 BE.
1281 3115 1314 3120 —
1345 3099 1424 3129 altis
1450 3098 1514 3129 alii
1539 3098 1619 3134 BR,
1649 3100 1717 3128 tres
1736 3097 1966 3129 Lindemanni
1988 3096 2062 3127 alii-

313 3162 401 3192 que:
431 3153 508 3182 aliis
536 3152 600 3182 alis
627 3160 678 3191 pr.
698 3151 745 3188 P,
772 3151 852 3182 aliis
877 3150 1022 3190 aliisque
1047 3148 1164 3179 AFRE
1191 3152 1223 3178 et
1249 3155 1336 3178 corr.
1359 3146 1404 3182 P,
1432 3146 1510 3176 aliis
1536 3148 1636 3185 atque
1663 3144 1742 3175 aliis
1768 3143 1809 3175 T.
1844 3159 1884 3166 —
1923 3143 1976 3174 23.
2007 3143 2062 3173 in-

310 3201 389 3242 fimo
414 3198 514 3229 PRT.
543 3197 612 3229 Erl'.
645 3216 679 3221 —
724 3198 779 3230 25.
808 3196 940 3228 nullam
964 3204 1081 3228 vocem
1106 3195 1208 3226 ABR.
1241 3210 1279 3216 -
1319 3193 1484 3223 delabens
1511 3191 1566 3222 PT
1594 3196 1627 3222 et
1655 3199 1706 3228 pr.
1726 3192 1776 3227 Α,
1814 3190 1916 3221 edens
1944 3189 2001 3220 BR
2028 3195 2062 3221 et

312 3255 399 3278 corr.
421 3245 460 3276 A.
485 3261 521 3267 -
550 3245 605 3275 27.
633 3245 742 3276 hilare
768 3245 792 3275 P
818 3245 966 3283 aliique:
995 3243 1155 3274 hilariter
1172 3241 1283 3276 FRT,
1311 3240 1432 3270 hilaris
1452 3239 1551 3269 ABE.
1582 3254 1621 3259 -
1649 3236 1705 3267 30.
1735 3240 1766 3266 et
1782 3237 1947 3276 proponit
1960 3236 2059 3267 PFR.

311 3310 354 3314 -
370 3291 424 3323 33.
445 3292 645 3330 diliqentius
661 3291 827 3323 PAFRT:
855 3290 1037 3333 diligenter
1064 3289 1131 3320 BE.
1148 3305 1186 3310 —
1214 3288 1269 3319 35.
1288 3283 1466 3328 efferatur]
1495 3293 1560 3315 esse
1585 3288 1745 3314 saturum
1762 3283 1807 3319 P,
1836 3283 1922 3321 ΕΛΖ,
1947 3284 2061 3323 profe-

311 3343 426 3419 τὸαΐίῦιὲνν
453 3337 605 3418 ΑθῙῑΙξΙζω
627 3354 664 3361 -
703 3339 759 3371 36.
788 3342 913 3378 agetur
948 3336 1115 3375 PABFT,
1154 3334 1224 3367 Err.
1263 3348 1304 3356 —
1347 3332 1403 3364 37.
1436 3333 1629 3364 orationem
1661 3330 1715 3361 PF
1747 3329 1897 3369 aliique,
1934 3329 2056 3369 probb.
