2117 3762
699 256 797 296 LlB.
832 255 863 295 Ι.
928 253 971 295 C.
1007 256 1073 295 24.
1108 256 1175 296 25.
1209 256 1276 296 2G.
1784 257 1859 298 105

112 367 164 408 sit
193 379 244 406 an
275 362 403 413 liber;
444 362 693 419 pecuniosus
723 375 773 401 an
807 361 964 407 tenuis,
1007 362 1190 413 privatus
1222 374 1272 400 an
1305 373 1397 402 cum
1428 364 1655 415 potestate:
1703 361 1734 400 si
1768 374 1859 402 cum

111 435 335 483 potestate,
369 428 456 468 iure
489 439 538 466 an
570 423 745 470 iniuria;
780 424 899 469 felix,
932 425 1064 463 clarus
1086 438 1135 464 an
1158 430 1323 471 contra;
1357 422 1500 477 quales
1522 422 1678 463 liberos
1701 421 1860 464 habeat.

111 494 168 532 Ac
201 492 234 530 si
267 492 317 530 de
348 503 430 530 non
461 489 555 528 vivo
586 491 828 540 quaeretur,
878 487 999 526 ctiam
1031 486 1141 540 (puali
1172 492 1302 526 morte
1332 485 1384 526 sit
1415 484 1607 532 affectus,
1656 486 1735 525 erit
1764 499 1861 525 con-

111 553 391 595 siderandum.
453 553 520 592 36.
566 549 760 588 llabitum
805 555 942 589 autem
983 550 1237 603 appellamus
1277 549 1401 588 animi
1440 553 1510 587 aut
1547 548 1733 602 corporis
1765 561 1863 587 con-

112 622 287 657 stantem
333 621 374 655 et
415 611 645 654 absolutam
685 610 821 666 aliqua
862 613 900 651 in
947 627 989 652 re
1035 610 1348 663 perlectionem:
1402 616 1445 650 ut
1474 609 1634 650 virtutis
1665 615 1735 650 aut
1765 610 1892 650 artiss

112 679 285 720 alicuius
315 674 622 730 perceptionem
653 681 723 713 aut
764 675 949 729 quamvis
989 674 1201 714 scientiam
1247 679 1286 713 et
1330 673 1425 713 item
1466 673 1654 727 corporis
1684 671 1862 727 aliquam

113 740 446 782 commoditatem
484 750 567 776 non
599 743 744 776 natura
785 740 945 784 datam,
990 738 1060 776 sed
1094 737 1229 776 studio
1261 742 1300 776 et
1331 735 1529 776 industria
1559 741 1735 790 partam.
1796 733 1865 776 Af-

112 803 237 844 fectio
277 807 339 842 est
376 800 501 840 animi
543 805 613 839 aut
643 801 829 852 corporis
860 815 910 840 cx
943 805 1128 850 tempore
1161 797 1297 851 aliqua
1329 800 1378 838 de
1412 813 1534 838 causa
1579 798 1861 845 commutatio,

111 872 157 906 ut
188 856 369 910 laetitia,
416 862 639 917 cupiditas,
676 869 806 902 nictus
826 894 835 910 ,
871 862 1087 907 molestia,
1123 862 1317 907 morbus,
1352 860 1539 901 debilitas
1561 867 1601 901 et
1622 862 1724 908 alia,
1758 874 1863 915 quae

113 939 262 981 genere
309 926 349 965 in
394 926 542 965 eodem
588 927 863 979 reperiuntur.
945 924 1132 964 Studium
1178 928 1239 961 est
1279 928 1414 961 autem
1456 924 1578 963 animi
1624 925 1786 964 assidua
1824 928 1912 964 et10

111 991 333 1031 vehemens
362 989 413 1028 ad
444 987 620 1042 aliquam
654 1001 739 1027 rem
772 989 975 1042 applicata
1007 999 1154 1037 magna
1184 998 1277 1024 cum
1309 986 1516 1025 voluntate
1549 987 1786 1039 occupatio,
1819 991 1864 1026 ut

111 1050 429 1105 philosophiae,
478 1051 690 1104 poeticae,
736 1051 1011 1103 geometriae,
1048 1049 1292 1088 litterarum.
1355 1047 1583 1087 Consilium
1617 1055 1677 1089 est
1707 1046 1863 1102 aliquid

110 1113 289 1155 faciendi
331 1126 413 1152 non
458 1110 686 1153 faciendive
719 1113 949 1165 excogitata
980 1111 1100 1151 ratio.
1162 1111 1283 1149 Facta
1314 1115 1450 1150 autem
1484 1116 1524 1149 ct
1554 1124 1671 1150 casus
1703 1116 1743 1150 et
1773 1123 1865 1150 ora-

110 1176 246 1218 tiones
276 1173 408 1215 tribus
439 1189 491 1215 ex
525 1176 782 1227 temporibus
814 1175 1207 1214 considerabuntur:
1251 1172 1347 1225 quid
1379 1172 1522 1211 feccrit
1560 1178 1630 1212 aut
1659 1174 1756 1226 quid
1788 1170 1864 1227 ipsi

111 1238 307 1279 acciderit
335 1243 405 1277 aut
436 1236 533 1290 quid
565 1238 741 1284 dixerit3
775 1242 844 1277 aut
875 1236 972 1292 quid
994 1236 1140 1283 saciat,
1174 1235 1271 1289 quid
1294 1235 1372 1289 ipsi
1395 1234 1576 1282 accidat,
1610 1236 1709 1288 quid
1731 1235 1914 1283 dicat31⁵

111 1306 182 1341 aut
210 1301 309 1355 quid
341 1298 520 1339 facturus
552 1301 621 1345 sit,
674 1301 772 1353 quid
819 1299 894 1353 ipsi
940 1311 1131 1339 casurum
1164 1297 1243 1343 sit,
1294 1310 1375 1350 qua
1407 1297 1459 1336 sit
1489 1310 1637 1337 usurus
1660 1297 1862 1338 oratione.

110 1364 170 1404 Ac
197 1363 386 1418 personis
417 1361 582 1416 quidem
617 1361 716 1402 haec
746 1363 937 1402 videntur
967 1375 1056 1402 esse
1087 1361 1297 1402 attributa.

222 1426 372 1466 xxvi.
417 1426 484 1465 37.
528 1425 711 1477 Negotiis
742 1430 877 1465 autem
910 1437 1013 1478 quae
1046 1429 1138 1464 sunt
1168 1423 1392 1468 attributa,
1437 1423 1584 1477 partim
1616 1426 1710 1462 sunt
1739 1422 1869 1461 conti-

111 1488 251 1529 nentia
294 1499 387 1527 cum
432 1487 522 1541 ipso
567 1487 764 1539 negotio,
812 1488 961 1539 partim
1005 1487 1047 1526 in
1094 1485 1280 1539 gestione
1326 1484 1481 1539 negotii
1527 1486 1865 1532 considerantur,

110 1551 261 1606 partim
300 1551 492 1590 adiuncta
530 1550 698 1602 negotio
736 1556 850 1596 sunt,
900 1551 1049 1604 partim
1091 1555 1249 1603 gestum
1288 1548 1501 1603 negotium
1541 1553 1863 1601 consequuntur.
1880 1555 1917 1581 2⁰

113 1613 376 1654 Continentia
408 1625 500 1651 cum
530 1612 622 1664 ipso
653 1610 820 1665 negotio
852 1617 945 1652 sunt
975 1626 1047 1659 ea,
1081 1625 1185 1666 quae
1216 1625 1380 1664 semper
1409 1610 1532 1652 affixa
1563 1625 1653 1652 esse
1675 1612 1867 1651 videntur

113 1676 164 1715 ad
196 1687 283 1714 rem
313 1688 450 1728 neque
482 1675 533 1713 ab
567 1687 614 1714 ea
645 1680 817 1728 possunt
848 1675 1047 1727 separari.
1108 1676 1171 1714 Ex
1213 1675 1275 1714 his
1314 1673 1448 1728 prima
1488 1678 1549 1714 est
1588 1671 1724 1714 brevis
1755 1685 1868 1713 com-

111 1737 254 1791 plexio
284 1737 408 1778 totius
439 1737 593 1790 negotii
613 1767 623 1784 ‚
657 1750 760 1790 quae
792 1750 992 1777 summam
1024 1738 1205 1778 continet
1235 1736 1352 1784 sacti,
1387 1738 1465 1777 hoc
1497 1735 1645 1777 modo:
1680 1734 1866 1776 Parentis

113 1798 291 1846 occisio,
341 1800 497 1852 patriae
528 1797 739 1853 proditio;
791 1801 938 1839 deinde
981 1813 1100 1840 causa
1142 1801 1231 1840 eius
1269 1812 1478 1846 summae,
1526 1812 1600 1852 per
1632 1811 1778 1852 quam,
1827 1802 1868 1838 et

113 1858 385 1915 quamobrem
416 1866 458 1901 et
477 1862 593 1901 cuius
624 1861 686 1901 rei
717 1875 840 1901 causa
867 1862 1018 1903 factum
1040 1863 1116 1909 sit,
1151 1861 1387 1915 quaeritur3
1423 1860 1569 1902 deinde
1592 1866 1687 1901 ante
1710 1866 1865 1913 gestam
1880 1867 1914 1897 25

111 1936 200 1965 rem
232 1936 338 1977 quae
368 1921 475 1963 sacta
503 1924 609 1971 sint,
643 1924 902 1965 continenter
931 1938 1062 1979 usque
1092 1923 1143 1965 ad
1172 1923 1306 1978 ipsum
1338 1925 1580 1976 negotium;
1614 1924 1761 1963 deinde
1782 1953 1791 1969 ‚
1825 1923 1866 1963 in

110 1987 203 2042 ipso
235 1987 419 2040 gerendo
449 1987 616 2039 negotio
649 1988 749 2041 quid
779 1993 915 2027 actum
946 1988 1026 2036 sit;
1060 1987 1209 2027 deinde
1229 2018 1238 2032 ‚
1270 1987 1369 2041 quid
1399 1991 1542 2038 postea
1574 1986 1725 2026 sactum
1757 1986 1821 2025 sit.

224 2048 292 2088 38.
325 2049 370 2088 ln
403 2049 588 2102 gestione
621 2054 759 2090 autem
790 2050 969 2101 negotii,
1005 2050 1074 2103 qui
1105 2050 1221 2089 locus
1243 2047 1447 2089 secundus
1470 2053 1558 2089 erat
1579 2050 1628 2088 dc
1651 2047 1726 2096 iis,
1762 2060 1867 2102 quae

112 2111 290 2165 negotiis
311 2111 505 2151 attributa
534 2116 652 2159 sunt,
687 2112 898 2165 quaeritur
919 2113 1061 2159 locus,
1093 2117 1277 2166 tempus,
1312 2112 1472 2152 occasio
1493 2143 1503 2159 ‚
1538 2112 1708 2159 modus,
1741 2110 1869 2150 sacul-

111 2179 232 2214 tates.
293 2174 429 2214 Locus
460 2172 745 2215 consideratur
761 2205 772 2222 ‚
805 2173 846 2214 in
869 2187 951 2229 quo
974 2187 1038 2214 res
1061 2180 1173 2227 gesta
1195 2173 1266 2220 sit,
1299 2188 1351 2214 ex
1374 2173 1682 2228 opportunitate
1702 2204 1712 2221 ,
1746 2186 1867 2226 quam
1882 2179 1917 2206 ³0

113 2234 303 2277 videatur
333 2235 528 2276 habuisse
559 2235 610 2276 ad
640 2237 855 2290 negotium
887 2238 1271 2277 administrandum.
1328 2238 1386 2276 Ea
1416 2242 1551 2277 autem
1585 2235 1868 2289 opportunitas

114 2299 326 2353 quaeritur
355 2313 407 2339 ex
436 2298 739 2352 magnitudine,
773 2299 1012 2347 intervallo,
1047 2300 1373 2354 longinquitate,
1407 2298 1731 2353 propinquitate,
1774 2295 1870 2336 soli-

114 2361 280 2409 tudine,
329 2362 590 2409 celebritate,
635 2367 781 2402 natura
814 2362 944 2414 ipsius
976 2363 1057 2403 loci
1088 2368 1126 2402 et
1157 2361 1366 2403 vicinitate
1397 2362 1521 2402 totius
1560 2358 1769 2414 regionis;
1817 2372 1868 2398 ex

113 2424 176 2464 his
207 2424 329 2464 etiam
359 2422 715 2465 attributionibus:
749 2438 866 2464 sacer
897 2438 946 2464 an
978 2425 1198 2479 profanus,
1232 2423 1424 2479 publicus
1455 2437 1505 2464 an
1528 2424 1738 2476 privatus,
1773 2420 1869 2461 alic-

113 2499 190 2526 nus
233 2499 283 2526 an
321 2485 472 2540 ipsius,
521 2488 571 2527 de
611 2500 693 2541 quo
733 2486 898 2540 agitur,
945 2486 1060 2528 locus
1099 2488 1150 2527 sit
1190 2493 1260 2528 aut
1298 2486 1437 2527 suerit.
1500 2488 1565 2526 39.
1597 2488 1775 2538 Tempus
1807 2487 1916 2524 est³⁵

115 2552 253 2588 autem
283 2548 348 2596 id,
396 2561 479 2603 quo
511 2563 618 2589 nunc
659 2548 836 2597 utimur,
886 2549 991 2602 (nam
1035 2549 1169 2604 ipsum
1216 2551 1383 2604 quidem
1415 2547 1664 2603 generaliter
1694 2547 1866 2587 definire

116 2607 282 2650 difficile
312 2612 419 2659 est,)
461 2624 554 2666 pars
588 2613 790 2666 quaedam
823 2611 1105 2660 aeternitatis,
1139 2626 1232 2652 cum
1263 2612 1435 2653 alicuius
1467 2613 1615 2659 annui,
1649 2609 1864 2655 menstrui,

206 2703 240 2734 4.
269 2709 383 2736 autem
408 2706 496 2737 hunc
519 2706 735 2745 appellamus
762 2706 871 2744 PAT,
899 2711 1014 2738 autem
1039 2707 1091 2737 hie
1118 2707 1333 2746 appellamus
1358 2707 1398 2738 R.
1428 2706 1471 2737 Ut
1497 2714 1559 2737 nos
1576 2730 1583 2741 ,
1610 2705 1651 2736 V.
1694 2721 1729 2726 —
1775 2704 1807 2733 5.
1836 2707 1867 2736 et

115 2758 182 2780 usu
205 2751 403 2783 absolutam
428 2752 509 2784 Sch.
539 2755 638 2792 quasi
667 2762 706 2784 ex
726 2753 764 2784 V.
794 2752 862 2784 Sed
890 2753 944 2784 bic
971 2757 1003 2784 in
1032 2753 1191 2785 lemmate
1212 2754 1315 2784 babet
1335 2758 1372 2784 ut
1391 2762 1475 2787 nos:
1506 2755 1537 2783 in
1560 2752 1865 2790 interpretatione:

115 2796 266 2828 Habitus
291 2803 340 2829 est
364 2815 378 2820 -
403 2815 416 2820 -
439 2809 516 2831 usu
541 2799 769 2831 corroborata
805 2803 835 2830 et
863 2800 967 2839 plena
998 2801 1178 2841 perfectio.
1219 2817 1258 2822 —
1296 2798 1347 2840 ut]
1375 2803 1437 2830 aut
1462 2799 1562 2829 PAT.
1607 2798 1649 2828 Ut
1682 2806 1762 2834 noS.
1794 2797 1866 2829 VR.

117 2841 168 2881 (ut
193 2844 358 2876 virtutem
386 2843 470 2877 Cod.
499 2846 602 2878 Basil.
633 2847 799 2877 Victorini
828 2851 861 2877 et
887 2847 982 2880 Seli.)
1022 2863 1062 2868 —
1103 2846 1136 2877 6.
1166 2846 1313 2877 alicuius
1335 2846 1585 2886 perceptionem
1611 2844 1752 2874 anT:
1793 2853 1869 2883 per-

117 2891 304 2929 ceptionem
329 2891 474 2922 alieuius
496 2893 568 2924 AE.
599 2910 637 2916 —
665 2893 700 2924 7.
729 2897 758 2923 et
785 2892 962 2924 industria
987 2893 1131 2924 PART:
1170 2893 1411 2933 industriaque
1440 2893 1477 2922 E.
1512 2908 1554 2912 —
1597 2891 1652 2921 10.
1693 2891 1729 2921 in
1755 2891 1870 2921 eodem.

117 2945 237 2977 yenere
261 2936 300 2967 P.
329 2937 409 2978 (non
437 2937 556 2979 VAT.)
584 2956 622 2961 —
650 2941 866 2980 reperientur
891 2940 964 2970 AT.
993 2939 1074 2979 (non
1104 2938 1192 2977 VR.)
1221 2957 1256 2962 —
1289 2944 1333 2970 cst
1360 2942 1475 2971 autem
1501 2937 1645 2968 PART:
1684 2941 1798 2968 autem
1822 2939 1870 2967 est

117 2983 166 3021 V,
196 2984 244 3019 1..
272 2987 321 3014 est
357 2981 440 3024 (om.
467 2986 597 3024 aulem)
625 2986 665 3017 E.
703 3003 737 3007 —
788 2987 843 3016 13.
883 2985 1036 3026 faciendi
1066 2994 1135 3017 non
1167 2986 1355 3026 faciendive
1395 2986 1588 3025 ercoqieata
1617 2992 1695 3015 eum
1722 2984 1794 3015 (lic.
1825 2983 1866 3015 de

117 3029 192 3062 lnv.
219 3029 252 3065 2,
281 3029 315 3061 9.
366 3031 514 3062 Alcuino
550 3032 654 3064 Rbet.
687 3042 721 3072 p.
759 3033 838 3064 370.
890 3034 1042 3065 Auctore
1082 3033 1240 3071 Excerpt.
1281 3032 1321 3064 de
1357 3032 1456 3061 Rbet.
1487 3039 1518 3069 p.
1547 3030 1627 3062 276.
1655 3030 1866 3062 Schuizius:

117 3075 267 3116 faciendi
293 3081 356 3108 aut
380 3086 450 3108 non
475 3077 623 3117 faciendi
646 3088 724 3111 vere
754 3078 853 3118 (vera
879 3079 937 3117 V.)
976 3081 1172 3120 ιάἐοῃίίιιεα
1198 3078 1309 3114 ART,
1346 3080 1425 3108 item
1453 3076 1477 3107 Ρ
1503 3076 1575 3117 (sed
1603 3086 1634 3108 v.
1661 3085 1741 3107 vere
1766 3085 1870 3115 supra

117 3122 269 3163 versum)
319 3128 353 3155 et
381 3123 404 3154 E
432 3124 504 3163 (sed
531 3127 664 3156 secluso
690 3136 721 3158 v.
748 3127 854 3165 vere).
895 3142 937 3147 —
979 3127 1034 3158 15.
1063 3126 1190 3155 disserit
1218 3129 1247 3156 et
1273 3124 1355 3162 quid
1381 3123 1482 3154 PAT.
1512 3138 1548 3144 —
1586 3123 1641 3154 16.
1668 3125 1804 3154 ratione
1829 3122 1867 3159 P,

117 3169 239 3201 Lamb.
273 3185 308 3191 —-
337 3170 393 3200 25.
421 3176 608 3211 quaeretur
632 3172 704 3203 AT.
735 3190 772 3195 —
802 3178 931 3211 vestam
955 3182 1027 3203 ‘rem
1054 3172 1193 3203 PART:
1222 3179 1291 3201 rem
1315 3174 1446 3210 Uestam
1474 3169 1511 3200 F..
1540 3186 1580 3192 —
1614 3169 1671 3201 26.
1700 3172 1767 3200 sint
1796 3168 1867 3205 AT,

119 3215 167 3248 L:
194 3219 276 3246 sunt
300 3215 404 3247 PRE.
436 3233 473 3239 -
501 3218 557 3249 29.
586 3224 773 3258 quaeretur
799 3219 898 3250 ΡΑΤ.
929 3235 965 3240 -
996 3219 1052 3250 35.
1082 3224 1213 3257 tempus
1238 3221 1286 3247 esc
1313 3221 1425 3247 anatem
1452 3215 1627 3247 VPART:
1667 3219 1796 3255 tempus
1822 3218 1870 3247 esc

119 3267 200 3297 (om.
227 3264 357 3302 autem)
383 3263 423 3294 E.
453 3280 491 3285 —
532 3263 588 3295 37.
616 3266 787 3296 mensurni
815 3266 865 3303 R,
893 3265 1025 3297 Oxonn.
1054 3264 1122 3294 duo
1150 3268 1183 3295 et
1209 3271 1294 3294 corr.
1325 3261 1374 3298 1’:
1404 3266 1483 3294 item
1512 3262 1677 3294 Priscian.
1706 3264 1747 3293 T.
1777 3263 1804 3292 Ι.
1832 3270 1866 3301 p.

119 3310 198 3342 100.
233 3309 353 3342 Kreht.
389 3311 590 3350 recepitque
622 3311 703 3343 seh.
747 3311 820 3352 (Usi
857 3317 938 3344 sunt
968 3312 1030 3342 hac
1056 3310 1161 3341 forma
1190 3310 1381 3351 Cyprianus
1411 3310 1473 3350 Ep.
1501 3309 1559 3343 34.
1587 3317 1626 3343 ac
1652 3309 1868 3344 Novaoanus

121 3356 164 3390 de
189 3355 353 3389 Trin.‘L.
382 3357 430 3393 1.)
