2117 3762
763 274 862 314 LIB.
897 273 946 312 ΙΙ.
1007 272 1050 314 C.
1080 274 1146 314 41.
1179 273 1243 314 [42.
1802 277 1880 317 255

139 381 240 425 nihil
281 381 468 439 profecto
507 386 722 438 praeterea
761 380 812 420 ad
843 377 1059 421 dicendum
1093 380 1287 433 requiret.
1347 378 1431 418 Iam
1463 375 1563 418 illud
1594 374 1780 419 videmus
1811 394 1882 420 ne-

139 459 343 501 quaquam
375 446 472 486 satis
503 458 615 493 esse,
647 441 833 497 reperire
865 440 961 496 quid
984 441 1116 491 dicas,
1150 441 1228 483 uisi
1249 442 1289 482 id
1312 442 1522 481 inventum
1545 445 1719 481 tractare
1741 443 1884 495 possis.

141 509 234 548 177.
269 509 472 548 Tractatio
514 512 649 549 autem
690 504 801 545 varia
844 518 934 545 esse
975 504 1124 553 debet,
1171 519 1222 545 ne
1262 509 1330 544 aut
1367 507 1590 557 cognoscat
1619 508 1767 550 artem,
1817 503 1886 558 qui

138 569 273 619 audit,
306 577 375 612 aut
406 568 652 622 defatigetur
681 566 959 608 similitudinis
981 569 1182 608 satietate.
1243 567 1423 620 Proponi
1447 570 1633 619 oportet,
1667 565 1765 620 quid
1787 564 1888 607 asse-

140 645 229 679 ras,
263 638 303 674 et
332 646 459 688 quare
490 633 545 673 ita
574 631 650 678 sit,
696 628 928 677 ostendere;
977 636 1018 671 ct
1047 644 1100 670 ex
1131 628 1276 670 iisdem
1308 628 1387 669 illis
1418 629 1519 668 locis
1549 626 1756 668 interdum
1789 641 1917 670 con-⁵

139 693 329 743 cludere,
363 694 600 749 relinquere
622 690 722 732 alias
743 691 906 746 alioque
930 693 1122 740 transire3
1154 705 1276 744 saepe
1298 705 1379 732 non
1401 703 1636 746 proponere
1658 705 1704 732 ac
1728 692 1888 732 ratione

138 756 226 812 ipsa
254 755 486 804 afferenda,
520 753 619 810 quid
651 752 967 808 proponendum
997 753 1138 801 suerit,
1180 752 1413 801 declarare;
1461 754 1494 794 si
1525 752 1591 794 cui
1621 754 1720 807 quid
1750 752 1887 794 simile

139 818 271 868 dicas,
302 818 417 873 prius
449 821 493 858 ut
521 815 654 857 simile
685 815 930 865 contii-mes3
979 815 1127 856 deinde
1156 817 1267 871 quod
1298 814 1455 869 agitur,
1496 816 1717 869 adiungas;
1764 816 1890 857 inter-

137 888 289 936 puncta
328 887 666 935 argumentorum
711 879 955 935 plerumque
998 877 1070 933 [ut]
1116 879 1303 927 occulas,
1354 891 1406 918 nc
1446 878 1538 933 quis
1582 891 1631 919 ea
1673 891 1891 920 numerare

137 945 290 999 possit,
323 950 368 986 ut
396 955 441 984 re
471 943 793 995 distinguantur,
824 942 965 983 verbis
996 939 1165 982 confusa
1198 954 1288 982 esse
1322 941 1553 981 videantur.
1903 956 1940 984 10

248 1006 377 1046 XLII.
414 1007 506 1047 178.
541 1007 652 1047 llaec
673 1010 779 1046 utet
807 1017 1035 1059 properans
1066 1009 1106 1045 et
1135 1004 1245 1057 apud
1276 1001 1420 1044 doctos
1450 1007 1490 1043 et
1521 1003 1771 1045 semidoctus
1801 1003 1890 1059 ipse

137 1081 358 1124 percurro,
403 1074 448 1110 ut
478 1067 699 1123 aliquando
729 1069 780 1108 ad
811 1067 879 1107 illa
910 1067 1066 1107 maiora
1096 1067 1325 1107 veniamus.
1386 1063 1496 1105 Nihil
1526 1070 1587 1105 est
1617 1064 1726 1106 enim
1757 1066 1798 1106 in
1829 1066 1892 1106 di-

139 1129 293 1180 cendo,
338 1130 500 1178 Catule,
545 1130 700 1179 maius,
748 1142 869 1183 quam
899 1133 945 1169 ut
974 1126 1110 1170 faveat
1140 1126 1294 1169 oratori
1325 1128 1383 1174 is,
1429 1128 1499 1181 qui
1538 1128 1700 1176 audiet,
1746 1127 1891 1182 utique

137 1194 226 1249 ipse
246 1195 305 1235 sic
325 1199 563 1241 moveatur,
596 1198 641 1234 ut
670 1194 826 1246 impetu
856 1193 1036 1246 quodam
1067 1191 1192 1231 animi
1223 1195 1264 1231 et
1283 1190 1595 1243 perturbatione
1616 1191 1746 1243 magis
1767 1204 1892 1246 quam

138 1255 292 1298 iudicio
333 1262 404 1299 aut
440 1255 610 1298 consilio
649 1259 830 1308 regatur.
892 1254 1016 1294 Plura
1053 1251 1164 1295 enim
1201 1251 1330 1293 multo
1362 1251 1553 1293 homines
1583 1251 1764 1293 iudicant
1793 1251 1891 1295 odio
1905 1267 1942 1294 1⁵

139 1324 208 1361 aut
236 1331 380 1361 amore
410 1324 480 1360 aut
508 1317 729 1373 cupiditate
760 1322 829 1358 aut
856 1314 1068 1357 iracundia
1098 1321 1168 1356 aut
1200 1314 1346 1357 dolore
1372 1320 1442 1357 aut
1461 1315 1616 1356 laetitia
1635 1321 1704 1356 aut
1724 1328 1797 1368 spe
1818 1321 1890 1358 aut

139 1383 291 1423 timore
321 1386 392 1423 aut
421 1395 564 1424 errore
594 1386 664 1423 aut
693 1379 830 1436 aliqua
858 1379 1119 1434 permotione
1148 1380 1297 1420 mentis
1327 1391 1451 1432 quam
1481 1378 1653 1419 veritate
1684 1383 1755 1420 aut
1774 1391 1892 1434 prae-

140 1446 293 1501 scripto
340 1450 411 1487 aut
450 1444 552 1485 iuris
591 1457 735 1486 norma
777 1442 913 1498 aliqua
952 1447 1021 1484 aut
1062 1441 1204 1483 iudicii
1243 1439 1422 1482 formula
1456 1445 1526 1482 aut
1555 1439 1731 1494 legibus.
1795 1442 1889 1481 179.

141 1508 303 1557 Quare,
336 1506 416 1548 nisi
445 1508 546 1563 quid
574 1506 694 1548 vobis
723 1505 834 1547 aliud
863 1505 1016 1561 placet,
1047 1503 1097 1546 ad
1127 1503 1196 1545 illa
1224 1517 1463 1559 pergamus.

252 1569 458 1618 Paullum,
504 1571 637 1624 inquit
668 1570 856 1617 Catulus,
907 1568 1141 1610 etiamnunc
1171 1568 1316 1608 deesse
1347 1565 1511 1608 videtur
1540 1566 1589 1607 iis
1618 1567 1764 1614 rebus,
1812 1566 1896 1607 An-
1908 1579 1944 1606 eo

142 1634 251 1682 toni,
293 1646 396 1689 quas
427 1632 677 1688 exposuisti,
719 1630 830 1687 quod
860 1633 912 1672 sit
941 1629 1014 1671 tibi
1045 1634 1138 1670 ante
1170 1628 1481 1683 explicandum,
1523 1642 1645 1685 quam
1674 1628 1772 1671 illuc
1800 1642 1896 1685 pro-

142 1694 354 1744 ficiscare,
388 1709 470 1752 quo
502 1701 541 1737 te
572 1695 672 1737 dicis
702 1693 934 1736 intendere.
993 1692 1225 1742 Quidnam?
1256 1693 1404 1747 inquit.
1467 1691 1549 1742 Qui
1578 1693 1681 1733 ordo
1714 1690 1789 1732 tibi
1808 1693 1896 1746 pla-

143 1763 253 1806 ceat,
289 1759 422 1813 inquit
452 1759 642 1807 Catulus,
682 1763 722 1798 et
751 1770 856 1812 quae
887 1756 1102 1810 dispositio
1134 1761 1496 1809 argumentorum,
1537 1755 1580 1795 in
1610 1767 1691 1809 qua
1721 1759 1765 1795 tu
1794 1753 1896 1795 mihi

143 1832 308 1872 semper
336 1819 438 1861 deus
468 1821 599 1861 videri
631 1819 754 1861 soles.
819 1819 911 1859 180.
963 1816 1066 1860 vide
1107 1831 1230 1873 quam
1260 1819 1358 1865 sim,
1406 1817 1559 1874 inquit>
1610 1818 1711 1857 deus
1741 1815 1784 1857 in
1814 1816 1893 1857 isto

144 1895 315 1936 genere,
367 1882 523 1923 Catule.
585 1884 677 1924 Non
714 1882 884 1922 hercule
923 1881 1023 1921 mihi
1053 1880 1130 1921 nisi
1161 1879 1373 1921 admonito
1403 1879 1584 1921 venisset
1614 1879 1657 1918 in
1688 1884 1945 1928 mentem32⁵

142 1950 190 1986 ut
216 1943 350 2000 possis
380 1944 619 1986 existimare
648 1958 714 1985 me
745 1945 787 1985 in
819 1957 892 1992 ea,
939 1943 981 1984 in
1024 1941 1173 1998 quibus
1210 1956 1507 1996 nonnunquam
1547 1941 1700 1996 aliquid
1731 1939 1895 1982 efficere

142 2006 310 2057 videor,
341 2022 420 2049 usu
448 2007 582 2049 solere
612 2007 655 2048 in
685 2005 862 2048 dicendo
893 2007 959 2048 vel
989 2020 1087 2047 casu
1116 2006 1254 2060 potius
1274 2006 1504 2047 incurrere.
1564 2006 1622 2044 Ac
1642 2017 1709 2044 res
1731 2003 1897 2059 quidem

143 2068 244 2119 ista,
277 2083 398 2125 quam
420 2084 520 2124 ege,
552 2071 649 2126 quia
682 2084 767 2110 non
795 2082 962 2116 noram,
994 2068 1053 2109 sic
1078 2072 1286 2123 tamquam
1316 2067 1502 2122 ignotum
1532 2067 1745 2108 hominem
1774 2079 1897 2122 prae-

145 2134 346 2182 teribam‚
392 2137 550 2174 tantum
580 2136 718 2186 potest
746 2133 788 2173 in
819 2130 1018 2180 dicende,
1054 2135 1100 2172 ut
1129 2132 1181 2171 ad
1210 2131 1457 2171 vincendum
1486 2129 1597 2171 nulla
1625 2128 1716 2184 plus
1746 2128 1896 2183 possit;

146 2194 220 2237 sed
249 2200 387 2237 tamen
416 2194 519 2237 mihi
547 2194 701 2236 videris
731 2198 825 2237 ante
856 2199 1017 2249 tempus
1046 2208 1069 2235 a
1090 2206 1155 2235 me
1185 2192 1389 2235 rationem
1421 2191 1577 2234 ordinis
1607 2196 1648 2233 et
1675 2190 1900 2244 disponen-
1912 2211 1949 2238 ³0

148 2259 294 2300 darum
315 2271 454 2299 rerum
475 2257 716 2312 requisisse.
779 2258 870 2298 181.
903 2259 1007 2298 Nam
1038 2256 1073 2298 si
1103 2268 1182 2311 ego
1212 2269 1377 2298 omnem
1406 2257 1490 2298 vim
1519 2255 1698 2296 oratoris
1718 2255 1760 2294 in
1780 2266 1902 2306 argu-

147 2319 298 2362 mentis
328 2325 370 2361 et
397 2321 440 2360 in
470 2333 518 2361 re
548 2319 638 2375 ipsa
666 2333 740 2375 per
769 2333 814 2361 se
844 2318 1155 2373 comprobanda
1182 2320 1432 2375 posuissem,
1478 2323 1640 2374 tempus
1679 2321 1790 2359 esset
1818 2315 1899 2356 iam

149 2381 200 2425 de
230 2382 377 2425 ordine
407 2387 747 2437 argumentorum
776 2386 818 2424 et
847 2383 898 2423 de
929 2381 1202 2423 collocatione
1233 2383 1391 2437 aliquid
1421 2382 1585 2433 dicere3
1617 2379 1690 2423 sed
1709 2392 1802 2421 cum
1823 2379 1901 2420 tria

241 2572 276 2606 3.
304 2577 476 2617 agnoscat
499 2573 589 2606 Vict.
616 2573 699 2615 Lag.
726 2577 864 2613 sextus,
898 2576 938 2606 ut
961 2572 1031 2606 volt
1054 2572 1196 2605 Baklus.
1239 2589 1277 2597 -
1318 2569 1442 2614 artem]
1470 2573 1553 2606 item
1577 2572 1617 2604 B.
1655 2587 1700 2594 —
1738 2569 1773 2602 a.
1800 2568 1901 2601 audit

151 2619 262 2654 Codd.
290 2621 361 2654 ah:
390 2622 515 2653 audiat
540 2621 616 2659 (ΑΒ
631 2620 659 2662 t)
686 2621 761 2653 RE.
790 2638 829 2645 —
856 2620 1077 2653 similitudini
1102 2620 1142 2652 B.
1168 2636 1213 2642 —
1249 2620 1283 2652 5.
1311 2624 1343 2652 et
1368 2628 1477 2662 quare
1503 2619 1529 2650 Β
1556 2619 1712 2659 aliique:
1739 2621 1770 2649 et
1793 2622 1902 2657 quare

150 2667 188 2699 id
210 2668 265 2706 R,
292 2671 323 2699 et
346 2667 384 2699 id
408 2676 517 2709 quare
542 2665 584 2708 (A
598 2668 629 2703 ?)
658 2668 697 2700 E.
727 2683 766 2690 —-
793 2675 836 2699 eae
861 2676 927 2698 om.
958 2667 1107 2699 Ernestii
1135 2675 1275 2707 operae.
1304 2683 1345 2688 —
1382 2666 1416 2698 7.
1445 2666 1630 2706 deserenda
1655 2666 1695 2696 R.
1723 2677 1760 2687 -
1801 2658 1897 2703 quid]

152 2714 320 2755 quidquid
345 2714 416 2746 AB.
446 2732 484 2738 —
522 2716 576 2746 cui
600 2713 696 2755 quid]
725 2715 890 2755 quidquid
916 2714 988 2747 ΑΒ.
1017 2728 1058 2737 -
1096 2713 1130 2745 8.
1157 2713 1268 2745 simile
1292 2713 1390 2745 dicas
1415 2713 1592 2754 confirmes
1619 2711 1690 2742 AB.
1720 2724 1756 2730 —
1797 2709 1902 2739 inter-

148 2765 282 2801 puncta
305 2761 415 2793 Codd.
443 2761 534 2800 apud
563 2761 722 2799 Ellendt,
751 2762 805 2792 R:
834 2762 924 2792 inter
946 2764 1077 2801 puncta
1103 2760 1211 2793 divise
1238 2760 1264 2791 B
1291 2765 1324 2792 et
1349 2761 1406 2792 alii
1433 2759 1567 2797 Codd.,
1596 2758 1808 2789 interiuncta
1832 2754 1902 2786 No-

154 2810 233 2840 nius
260 2816 294 2848 p.
323 2807 402 2839 148.
444 2807 554 2840 Merc-
582 2811 617 2840 et
641 2811 715 2840 sine
740 2816 811 2840 var.
840 2808 932 2847 apud
959 2807 1205 2839 Gerlachium:
1245 2811 1386 2846 propter
1412 2815 1517 2846 quam
1542 2805 1815 2843 antiquissimam
1842 2809 1902 2832 au-

155 2857 348 2887 ctoritatem
375 2853 458 2886 illud
485 2858 621 2894 recepi:
644 2858 778 2894 puncta
797 2851 858 2893 (Α,
887 2859 926 2886 ιιι
943 2851 1115 2894 videtum)
1136 2854 1206 2885 ET.
1235 2854 1342 2891 Sunt,
1371 2862 1459 2894 quos
1478 2860 1539 2884 nos
1559 2852 1726 2883 dicimus.
1767 2853 1899 2880 «trans-

159 2903 228 2933 itus
253 2900 296 2933 ab
323 2908 392 2933 uno
417 2900 460 2932 ad
487 2901 578 2933 aliud
604 2906 882 2942 argumentum.»
948 2900 1017 2932 Ct'r.
1038 2901 1260 2940 interpuncta
1283 2901 1467 2933 verborum
1484 2899 1560 2929 Lib.
1581 2898 1620 2934 3,
1649 2895 1686 2936 §-
1708 2894 1785 2927 181.
1815 2894 1902 2926 Cum

159 2947 269 2980 divise
294 2948 327 2978 ln
353 2947 470 2979 multis
494 2950 659 2987 scriptum
687 2952 800 2984 esset,
827 2947 882 2979 alii
908 2948 1002 2978 inter
1027 2946 1253 2984 deleverunt,
1281 2952 1320 2979 ut
1345 2956 1446 2979 sensu
1473 2946 1691 2976 destitutum.
1725 2941 1793 2974 Am
1820 2942 1900 2982 qul-

156 2995 233 3027 dem
260 2999 504 3034 compararunt
527 2994 687 3027 Prooem.
716 2993 839 3027 Parad.
881 2994 1026 3025 minutis
1062 2993 1428 3035 interrogatiunculis,
1475 2991 1573 3032 quasi
1602 2989 1767 3030 punctis:
1808 2986 1902 3020 haud

154 3043 256 3074 nimis
281 3045 373 3081 apte.
400 3040 468 3071 On.
496 3058 537 3064 —
563 3040 596 3072 9.
622 3046 661 3074 ut
685 3051 753 3074 om.
780 3041 935 3079 Nonius,
962 3040 1034 3071 AB.
1061 3039 1130 3071 Nos
1156 3041 1372 3073 seclusimus.
1399 3055 1443 3061 -
1469 3037 1616 3068 occultes
1640 3036 1713 3067 AB.
1741 3033 1798 3074 (Ut
1824 3043 1900 3074 nos,

154 3086 316 3128 Nonius.)
343 3102 382 3112 —
407 3088 464 3118 10.
491 3087 726 3129 distinguatur
750 3089 790 3119 Β.
821 3104 856 3110 -
884 3087 996 3120 verbis
1018 3094 1061 3118 ne
1085 3087 1227 3128 confusa
1250 3087 1321 3118 ΑΒ.
1350 3103 1391 3109 -
1416 3084 1579 3115 videatur
1596 3083 1635 3114 B.
1655 3097 1699 3104 —
1725 3082 1781 3113 11.
1807 3081 1903 3114 Haec

156 3139 189 3168 et
208 3142 405 3175 properans
431 3137 471 3165 ut
495 3134 592 3173 apud
617 3135 823 3168 Ellendtius.
851 3135 906 3173 (Ut
930 3143 1016 3171 nos,
1044 3132 1163 3169 ABR.)
1194 3150 1236 3156 —-
1277 3132 1334 3164 13.
1368 3132 1484 3171 utique
1510 3129 1590 3160 AB:
1631 3133 1735 3170 utque
1759 3127 1830 3160 RE.
1860 3144 1903 3151 —

157 3181 214 3214 19.
239 3181 339 3213 nobis
363 3180 434 3212 ΑΒ.
477 3196 515 3202 -
553 3180 610 3212 22.
634 3182 747 3222 placet
772 3181 814 3213 R.
843 3197 884 3204 —
925 3181 983 3212 22.
1009 3188 1082 3211 sum
1107 3179 1211 3211 ABR.
1241 3196 1278 3203 —
1322 3178 1459 3219 inquit,
1493 3176 1576 3207 deus
1607 3175 1646 3207 in
1676 3175 1742 3206 isto
1767 3182 1902 3215 yenere,

159 3228 278 3261 Catule
302 3227 332 3259 Α
357 3227 504 3267 aliique,
531 3225 587 3257 R:
624 3228 662 3258 in
684 3229 751 3260 isto
774 3237 917 3270 genere,
944 3227 1055 3268 inquit
1072 3251 1080 3262 ,
1121 3225 1263 3265 Catule,
1301 3225 1382 3256 deus
1407 3223 1447 3264 (Β
1459 3220 1491 3261 7)
1518 3222 1559 3256 E.
1600 3239 1638 3246 —
1676 3221 1735 3254 25.
1768 3221 1904 3253 hercule

158 3274 189 3307 Α
214 3275 365 3315 alitque,
401 3275 454 3305 R:
495 3273 680 3305 mehercule
705 3274 783 3309 ‹132›
821 3274 861 3305 E.
890 3290 930 3298 -
969 3274 1025 3305 28.
1060 3274 1261 3315 iquoratum
1297 3271 1337 3302 R.
1376 3286 1416 3292 —
1455 3267 1512 3300 32.
1549 3270 1582 3300 et
1612 3277 1649 3301 re
1676 3277 1694 3301 e
1721 3267 1832 3300 Codd.
1859 3267 1900 3299 Τ.

160 3320 218 3363 (Ut
255 3330 337 3360 nos,
379 3317 502 3358 ABR.)
539 3334 580 3344 -
618 3320 802 3360 probanda
824 3320 867 3352 Α.
907 3336 945 3345 -
984 3319 1042 3352 33.
1081 3319 1233 3351 conlatio
1265 3313 1343 3357 (sic)
1368 3316 1423 3358 Α,
1464 3315 1649 3349 collatione
1685 3315 1729 3348 R.
1759 3332 1796 3339 —
1836 3314 1903 3347 ali-

160 3377 230 3411 qua
253 3367 327 3400 ΑΒ.
