2117 3762
247 285 328 329 428
1017 283 1230 327 ORATOR

246 397 420 442 vocant,
469 394 520 434 ad
558 395 724 433 naturas
771 394 811 430 et
852 389 904 429 ad
943 401 1080 429 mores
1121 395 1164 431 et
1202 392 1253 433 ad
1294 405 1458 433 omnem
1499 392 1607 434 vitae
1649 394 1994 436 consuetudinem

247 458 627 502 accommodatum;
661 453 854 498 alterum,
887 452 998 505 quod
1028 450 1154 493 iidem
1185 455 1423 505 παθητικὸν
1452 455 1688 503 nominant,
1719 469 1802 510 quo
1831 464 1994 512 pertur-

246 516 398 560 bantur
426 516 553 559 animi
584 521 625 556 et
653 513 931 562 concitantur,
979 514 1019 554 in
1060 527 1143 569 quo
1173 529 1255 556 uno
1286 522 1430 571 regnat
1460 516 1607 558 oratio.
1667 516 1772 558 Illud
1802 519 1992 574 superius

248 594 391 629 come,
437 576 682 626 iucundum,
722 576 772 618 ad
802 575 1134 618 benevolentiam
1166 578 1460 620 conciliandam
1490 584 1702 634 paratum3
1751 581 1831 621 hoc
1869 582 1995 622 vehe-

216 653 383 690 5mens‚
421 642 660 687 incensum,
702 639 936 687 incitatum,
979 651 1062 693 quo
1100 652 1246 680 causae
1277 641 1532 696 eripiuntur3
1583 640 1696 696 quod
1725 655 1818 684 cum
1848 645 1994 698 rapide

246 705 407 752 fertur,
456 701 649 744 sustineri
689 701 803 744 nullo
839 707 961 757 pacto
1001 706 1150 756 potest.
1215 704 1307 747 129.
1353 704 1444 753 Quo
1477 717 1627 760 genere
1659 718 1733 746 nos
1763 707 1994 747 mediocres

246 773 316 809 aut
346 765 472 807 multo
504 764 625 807 etiam
659 763 821 815 minus3
874 766 946 805 sed
986 777 1135 818 magno
1167 779 1332 818 semper
1370 767 1433 806 usi
1462 766 1621 821 impetu
1650 780 1773 820 saepe
1803 766 1996 809 adversa-

246 831 330 871 rios
361 830 412 869 de
443 833 551 869 statu
580 827 694 870 omni
726 827 964 869 deiecimus.
1022 828 1152 868 Nobis
1190 841 1267 880 pro
1307 825 1499 869 familiari
1538 843 1608 870 reo
1641 842 1825 870 summus
1857 835 1996 871 orator

246 905 328 933 non
347 890 560 946 respondit
580 891 845 932 Hortensius.
906 894 938 932 A
961 890 1083 932 nobis
1115 888 1239 931 homo
1261 889 1557 931 audacissimus
1581 891 1751 933 Catilina
1780 890 1822 932 in
1852 897 1997 933 senatu

196 958 458 995 :oaccusatus
508 952 733 994 obmutuit.
812 950 941 993 Nobis
985 953 1144 1007 privata
1190 951 1231 992 in
1277 965 1397 992 causa
1441 966 1589 1006 magna
1631 959 1671 994 et
1715 955 1852 1008 gravi,
1903 967 1997 995 cum

246 1015 452 1069 coepisset
496 1017 620 1057 Curio
665 1021 782 1069 pater
825 1017 1108 1069 respondere,
1157 1014 1292 1056 subito
1341 1013 1516 1062 assedit,
1565 1029 1658 1056 cum
1701 1017 1781 1057 sibi
1823 1017 1996 1057 venenis

245 1085 427 1134 ereptam
458 1080 700 1120 memoriam
731 1077 901 1119 diceret.
967 1080 1060 1119 130.
1111 1076 1219 1127 Quid
1259 1091 1336 1130 ego
1377 1076 1426 1118 de
1457 1076 1789 1119 miserationibus
1818 1078 1996 1134 loquar?

246 1142 396 1197 quibus
427 1154 478 1183 eo
509 1154 599 1182 sum
630 1155 728 1183 usus
765 1142 983 1196 pluribus,
1035 1143 1179 1196 quod‚·
1211 1139 1371 1180 etiamsi
1409 1139 1549 1194 plures
1589 1139 1853 1190 dicebamus,
1903 1155 1999 1196 per-

246 1205 479 1245 orationem
509 1203 609 1244 mihi
639 1209 776 1245 tamen
805 1217 950 1245 omnes
980 1201 1295 1257 relinquebant;
1328 1203 1369 1242 in
1400 1216 1481 1256 quo
1515 1207 1560 1243 ut
1589 1201 1754 1244 viderer
1774 1202 1995 1252 excellere,

195 1276 328 1309 1snon
357 1267 551 1320 ingenio,
599 1268 671 1307 sed
713 1266 859 1308 dolore
897 1264 1161 1321 assequebar.
1223 1266 1339 1314 Quae
1371 1263 1672 1320 qualiacunque
1705 1265 1747 1306 in
1779 1279 1843 1307 me
1874 1271 1993 1316 sunt;

244 1353 299 1361 --
319 1343 384 1371 me
416 1330 526 1371 enim
556 1328 691 1384 ipsum
721 1329 910 1382 poenitet
939 1334 1091 1384 quanta
1123 1327 1204 1369 sint
1223 1342 1301 1368 —:
1336 1328 1408 1367 sed
1429 1334 1629 1382 apparent
1658 1328 1701 1368 in
1722 1328 1997 1378 orationibus,

246 1391 322 1434 etsi
362 1397 504 1433 carent
542 1391 638 1432 libri
679 1391 829 1445 spiritu
865 1391 960 1440 illo,
1012 1396 1183 1446 propter
1219 1404 1344 1445 quem
1383 1390 1541 1430 maiora
1581 1391 1724 1430 eadem
1763 1390 1857 1440 illa,
1905 1405 1999 1432 cum

246 1459 444 1510 aguntur,
479 1468 601 1509 quam
633 1467 725 1495 cum
756 1453 973 1509 leguntur,
1006 1453 1139 1496 videri
1170 1454 1317 1495 solent.
1374 1454 1607 1493 XXXVIII.
1652 1454 1744 1494 131.
1783 1455 1868 1494 Nec
1898 1469 1998 1495 vero

247 1517 511 1559 miseratione
541 1517 674 1559 solum
705 1530 820 1558 mens
851 1516 1034 1558 iudicum
1056 1514 1338 1570 permovenda
1360 1521 1441 1563 est,
1463 1538 1518 1545 —
1540 1529 1621 1570 qua
1641 1529 1716 1557 nos
1737 1517 1794 1557 ita
1809 1515 2000 1558 dolenter

197 1580 305 1622 20uti
350 1579 554 1629 solemus,
600 1584 646 1621 ut
683 1593 860 1634 puerum
901 1579 1098 1621 infantem
1138 1578 1180 1620 in
1219 1579 1410 1619 manibus
1446 1583 1689 1631 perorantes
1728 1582 1998 1629 tenuerimus,

247 1650 291 1685 ut
320 1641 399 1684 alia
427 1643 469 1683 in
499 1655 642 1689 causa,
676 1643 855 1683 excitato
884 1656 956 1683 reo
987 1640 1140 1689 nobili,
1174 1639 1336 1682 sublato
1367 1641 1491 1681 etiam
1520 1639 1605 1681 filio
1627 1654 1773 1696 parvo,
1797 1642 2000 1697 plangore

249 1712 289 1748 ct
318 1704 611 1747 lamentatione
633 1705 929 1757 complerimus
960 1704 1095 1746 sorum
1118 1719 1188 1754 —;
1222 1706 1294 1745 sed
1328 1702 1451 1744 etiam
1482 1709 1544 1744 est
1573 1702 1827 1753 faciendum,
1858 1712 1904 1746 ut
1923 1706 2004 1746 ira-

246 1775 383 1811 scatur
411 1767 557 1815 iudex,
604 1766 834 1821 mitigetur,
890 1769 1075 1809 invideat
1103 1766 1258 1814 faveat,
1314 1772 1549 1808 contemnat
1578 1766 1827 1815 admiretur,
1863 1766 2000 1808 oderit

248 1831 410 1886 diligat,
459 1831 599 1884 cupiat
637 1829 822 1870 satietate
859 1829 1083 1879 afficiatur,
1131 1835 1269 1885 speret
1306 1834 1484 1878 metuat,
1533 1831 1710 1871 laetetur
1747 1829 1915 1880 doleat3
1960 1829 2004 1871 in

197 1908 233 1934 25
248 1909 330 1950 qua
370 1895 570 1936 varietate
609 1894 826 1934 duriorum
864 1894 1082 1934 Accusatio
1124 1891 1404 1947 suppeditabit
1435 1892 1642 1946 exempla,
1689 1892 1901 1934 mitiorum
1934 1895 2005 1934 de-

247 1957 458 2000 fensiones
489 1969 618 1997 meae.
693 1958 785 1997 132.
830 1956 952 1997 Nullo
993 1955 1103 1997 enim
1141 1954 1265 1996 modo
1307 1954 1466 1995 animus
1505 1954 1711 1995 audientis
1744 1960 1814 1996 aut
1843 1954 2004 1996 incitari

249 2027 320 2062 aut
348 2020 468 2062 leniri
499 2023 656 2073 potest,
689 2019 758 2074 qui
789 2020 938 2060 modus
969 2032 991 2059 a
1023 2032 1203 2059 menon
1233 2022 1412 2058 tentatus
1435 2018 1514 2057 sit:
1547 2018 1728 2058 dicerem
1750 2016 2000 2073 perfectum,

249 2085 283 2124 si
312 2084 369 2124 ita
398 2082 654 2132 iudicarem3
687 2095 762 2122 nec
791 2080 835 2122 in
865 2080 1037 2123 veritate
1068 2080 1225 2122 crimen
1255 2081 1516 2134 arrogantiae
1539 2081 1878 2130 extimescerem
1912 2080 2001 2129 sed,

250 2151 294 2187 ut
324 2159 448 2199 supra
480 2145 596 2193 dixi,
644 2143 755 2186 nulla
794 2157 860 2185 me
900 2143 1079 2197 ingenii,
1126 2145 1198 2184 sed
1238 2157 1384 2197 magna
1415 2144 1476 2184 vis
1507 2142 1635 2183 animi
1664 2141 1911 2192 inflammat,
1960 2148 2006 2183 ut

200 2221 236 2246 ³0
250 2221 316 2248 me
347 2209 435 2260 ipse
467 2222 550 2249 non
581 2213 774 2257 teneam3
822 2221 898 2247 nec
929 2220 1110 2260 unquam
1140 2208 1198 2253 is,
1231 2207 1300 2262 qui
1330 2208 1513 2252 audiret,
1560 2204 1878 2254 incenderetur,
1926 2206 2006 2246 nisi

251 2272 400 2311 ardens
439 2272 491 2311 ad
528 2284 622 2311 eum
660 2269 898 2325 perveniret
928 2269 1073 2310 oratio.
1132 2270 1279 2310 Uterer
1315 2267 1514 2322 exemplis
1546 2267 1804 2316 domesticis,
1846 2267 1926 2309 nisi
1957 2282 2006 2309 ea

251 2332 454 2386 legisses3
487 2338 627 2373 uterer
657 2332 823 2381 alienis,
856 2333 923 2373 vel
953 2331 1130 2379 Latinis,
1174 2331 1208 2372 si
1239 2330 1319 2371 ulla
1349 2329 1598 2384 reperirem,
1643 2329 1707 2371 vel
1739 2329 1924 2378 Graecis,
1972 2329 2007 2371 si

253 2399 434 2437 deceret.
498 2397 580 2436 Sed
614 2395 748 2436 Crassi
788 2408 997 2450 perpauca
1037 2398 1133 2435 sunt
1162 2407 1238 2434 nec
1269 2407 1316 2434 ea
1352 2392 1630 2442 iudiciorum3
1682 2391 1784 2434 nihil
1819 2392 2002 2442 Antonii,

252 2457 354 2499 nihil
393 2459 554 2505 Cottae,
601 2457 704 2499 nihil
750 2457 949 2512 Sulpicii3
1002 2455 1167 2498 dicebat
1204 2455 1349 2496 melius
1387 2469 1510 2511 quam
1548 2455 1710 2510 scripsit
1739 2455 2002 2497 Hortensius.

203 2523 350 2562 ³⁵133.
385 2523 538 2563 Verum
571 2520 670 2562 haec
701 2521 784 2569 vis,
828 2534 950 2574 quam
983 2518 1242 2574 quaerimus,
1289 2524 1439 2573 quanta
1469 2518 1544 2566 sit,
1587 2518 1870 2573 suspicemur,
1904 2531 2007 2573 quo-

254 2583 362 2624 niam
393 2583 629 2636 exemplum
662 2597 743 2623 non
774 2581 992 2628 habemus,
1025 2587 1094 2623 aut
1123 2582 1157 2622 si
1189 2582 1380 2634 exempla
1409 2581 1641 2634 sequimur,
1673 2593 1695 2620 a
1724 2581 2005 2621 Demosthene

254 2659 484 2694 sumamus,
535 2651 575 2686 et
615 2644 780 2700 quidem
819 2650 1045 2700 perpetuae
1087 2643 1278 2685 dictionis
1319 2657 1371 2684 ex
1410 2657 1460 2684 eo
1498 2642 1614 2691 loco,
1663 2643 1772 2682 unde
1803 2643 1846 2683 in
1877 2643 2007 2683 Ctesi-

253 2709 421 2764 phontis
450 2706 605 2748 iudicio
636 2709 687 2748 de
717 2709 800 2748 suis
829 2706 969 2755 sactis,
1004 2705 1208 2752 consiliis,
1239 2705 1396 2746 meritis
1426 2706 1467 2745 in
1498 2718 1586 2746 rem
1609 2703 1816 2757 publicam
1837 2719 2007 2760 aggres-

255 2785 324 2811 sus
356 2775 418 2811 est
447 2769 597 2812 dicere.
666 2772 726 2810 Ea
756 2771 946 2825 profecto
978 2768 1108 2810 oratio
1141 2769 1183 2809 in
1215 2781 1306 2808 eam
1335 2766 1539 2814 formam,
1587 2780 1691 2821 quae
1723 2772 1784 2808 est
1811 2766 1934 2808 insita
1962 2767 2006 2806 in

209 2835 463 2874 «ementibus
494 2834 665 2880 nostris,
699 2832 852 2873 includi
883 2833 940 2873 sic
962 2837 1120 2886 potest,
1154 2836 1200 2871 ut
1230 2830 1362 2871 maior
1382 2829 1619 2884 eloquentia
1649 2842 1731 2869 non
1752 2828 2002 2883 requiratur.

367 2897 563 2937 XXXIX.
617 2896 706 2937 134.
756 2896 836 2936 Sed
878 2896 959 2935 iam
996 2893 1131 2935 forma
1170 2894 1258 2948 ipsa
1297 2898 1422 2934 restat
1464 2898 1504 2933 et
1540 2891 1765 2948 χαρακτήρ
1803 2891 1892 2939 ille,
1938 2889 2008 2945 qui

351 3048 383 3078 1.
409 3051 577 3079 naturam
602 3046 669 3078 Gu.
698 3047 730 3078 3.
761 3046 828 3078 Eri.
860 3045 978 3077 Lamb.
1009 3063 1045 3068 -—
1082 3046 1115 3077 8.
1144 3053 1181 3076 re
1207 3044 1247 3075 Α.
1288 3060 1328 3066 -
1372 3043 1427 3074 11.
1454 3047 1557 3082 pater
1583 3043 1686 3075 Curio
1711 3043 1768 3080 R,
1813 3041 1914 3073 Curio
1939 3042 2009 3081 ipso

259 3093 338 3124 vet.
367 3094 488 3132 steph.
529 3110 569 3116 --
609 3094 664 3125 16.
691 3095 806 3133 ipsum
830 3101 900 3124 non
923 3093 1075 3133 poenitet
1102 3092 1212 3124 Codd.
1242 3092 1368 3123 sinceri
1395 3094 1429 3121 et
1454 3091 1502 3125 R;
1544 3095 1635 3121 recte
1661 3090 1881 3130 negationem
1909 3090 2007 3119 omit-

261 3144 338 3171 tunt
364 3140 472 3172 Codd.
502 3141 712 3180 interpolati.
743 3157 782 3162 —
809 3140 866 3170 22.
895 3140 1136 3178 compleremus
1162 3140 1190 3169 Α
1218 3146 1294 3169 611111
1323 3138 1446 3168 ceteris
1473 3136 1583 3168 Codd.
1613 3139 1726 3175 notis,
1755 3136 1799 3167 R.
1840 3135 2008 3166 Emenda-

261 3190 333 3216 turn
362 3188 394 3217 in
424 3188 508 3218 Ven.
539 3197 588 3227 pr.
629 3205 663 3210 —
704 3187 760 3219 sed
785 3192 832 3218 est
858 3185 1055 3224 faciendum
1080 3188 1182 3218 etiam
1208 3185 1237 3215 Α
1264 3191 1341 3214 611111
1369 3187 1450 3215 cett.
1488 3184 1726 3221 interpolatis,
1771 3182 1869 3223 prob.
1905 3180 2007 3211 Hand

262 3233 363 3264 Turs.
391 3233 435 3264 ll.
466 3242 497 3271 p.
526 3235 630 3269 555..
659 3235 716 3266 sed
744 3237 791 3264 est
817 3234 922 3265 etiam
946 3234 1014 3273 fac.
1044 3234 1085 3264 R.
1113 3247 1152 3253 —-
1181 3231 1237 3262 2'4.
1268 3231 1302 3261 in
1328 3240 1395 3270 qua
1420 3229 1490 3261 Vn.
1521 3230 1615 3261 Eins.
1650 3229 1747 3260 Mon.
1765 3252 1775 3268 ,
1817 3228 1881 3259 Gu.
1913 3227 1945 3257 1.
1972 3226 2005 3257 2.

261 3280 316 3311 R:
345 3287 415 3319 qua
440 3281 476 3309 in
502 3288 579 3311 cum
608 3281 673 3312 Gu.
702 3280 735 3311 3.
767 3281 815 3315 L,
847 3280 884 3310 E.
916 3296 954 3301 —-
998 3279 1055 3311 28.
1082 3275 1240 3317 veritate]
1268 3279 1468 3308 necessitate
1493 3276 1536 3307 R.
1566 3292 1604 3298 -·
1648 3276 1704 3307 35.
1734 3275 1953 3313 suspicamur
1977 3273 2008 3303 A

264 3331 298 3357 et
323 3326 484 3364 interpol.
525 3343 567 3346 —
609 3328 665 3359 36.
693 3325 768 3367 aut]
795 3326 846 3357 vel
872 3326 933 3358 Dr.
961 3326 1002 3359 R.
1040 3340 1083 3350 ·—·
1126 3325 1183 3356 40.
1210 3332 1251 3355 ne
1277 3325 1478 3364 reparatur
1504 3324 1636 3364 quidem
1660 3323 1690 3354 A
1716 3325 1750 3354 et
1773 3319 1934 3359 inter-pol.
1963 3335 2006 3341 —

261 3372 320 3405 41.
348 3372 528 3404 character
551 3372 625 3404 RE.
