2117 3762
605 200 674 238 AD
706 198 755 239 M.
788 196 997 237 BRUTUM
1029 196 1072 237 C.
1106 196 1173 239 65.
1205 195 1272 235 66.
1306 193 1374 235 67.
1779 197 1858 237 451

114 304 212 361 ipsi
262 306 536 359 prodeant.
616 301 702 343 Nisi
758 301 979 342 intervallo
1031 301 1204 343 dixisset
1242 302 1338 356 ipsi
1383 300 1662 353 prodeant,
1715 302 1864 343 sensis-

115 374 177 409 set
208 367 394 422 profecto
427 381 469 408 se
501 364 654 408 fudisse
684 364 915 409 senarium:
964 365 1133 405 omuino
1178 363 1324 404 melius
1366 366 1554 410 caderet,
1603 360 1865 417 prodeant

113 429 239 484 ipsi;
288 432 358 471 sed
391 431 441 470 de
473 442 625 483 genere
656 440 762 467 nunc
793 427 973 480 disputo.
1032 429 1127 467 223.
1175 428 1274 468 Cur
1305 424 1658 466 clandestinis
1689 427 1866 466 consi-

114 490 204 532 liis
236 506 327 533 nos
358 492 694 547 oppugnant?
727 503 817 531 cur
848 492 908 530 dc
941 488 1186 542 perfugis
1217 486 1415 528 nostris
1446 486 1633 540 copias
1664 500 1866 542 compa-

114 560 230 595 rant
260 561 447 595 contra
477 555 601 594 nos?
639 552 775 592 Priuia
808 558 900 592 sunt
931 552 997 593 illa
1022 551 1128 598 duo,
1161 564 1266 604 quac
1295 550 1498 603 κόμματα
1530 549 1675 591 Graeci
1705 555 1891 598 vocant‚⁵

112 631 190 658 nos
220 618 346 658 incisa
377 616 573 662 diciinus3
609 615 757 655 deinde
789 616 977 661 tertium,
1009 617 1145 655 κῶλον
1176 611 1253 658 illi,
1287 625 1364 653 nos
1392 613 1650 663 membrum;
1683 614 1870 667 sequitur
1899 605 1903 608 ”

113 693 196 720 non
227 681 350 734 longa
382 708 433 714 -
463 691 515 719 ex
545 675 706 718 duobus
740 678 847 719 enim
882 675 1094 725 versibus,
1129 673 1170 716 id
1200 679 1284 722 cst,
1317 674 1514 716 membris
1538 676 1717 730 perfecta
1760 688 1872 718 com-

114 744 338 797 prehensio
370 745 432 783 est
458 746 498 780 et
536 738 577 779 in
613 738 819 794 spondeos
860 741 991 788 cadit;
1042 744 1082 779 et
1119 739 1286 780 Crassus
1326 737 1491 790 quidem
1531 739 1589 778 sic
1627 737 1871 794 plerumque

115 804 291 852 dicebat,
313 803 436 857 idque
454 803 542 857 ipse
563 816 691 855 genus
709 801 872 843 dicendi
892 803 1069 843 maxime
1084 797 1233 855 probo.
1284 799 1448 839 LXVII.
1481 799 1558 841 Sed
1583 814 1686 856 quae
1712 800 1872 842 incisim

115 874 185 909 aut
216 864 473 907 membratim
503 863 754 913 efferuntur,
807 878 855 906 ea
883 864 949 905 vel
980 862 1189 918 aptissime
1219 859 1367 901 cadere
1395 860 1569 910 debent,
1605 868 1649 903 ut
1675 870 1736 905 est
1765 862 1875 918 apud
1888 873 1924 899 10

114 943 200 971 me:
232 932 420 970 Domus
452 926 550 968 tibi
583 929 794 968 deerat?
825 932 874 968 at
904 924 1153 968 habebas.
1215 923 1440 965 Pecunia
1470 925 1793 980 superabat?
1825 933 1876 968 at

115 993 325 1047 egebas.
387 993 480 1032 224.
527 991 639 1031 Haec
681 990 808 1031 incise
845 990 953 1031 dicta
995 999 1089 1033 sunt
1119 991 1326 1041 quattuor.
1384 988 1438 1028 At
1467 987 1730 1030 membratim
1763 1004 1870 1045 quae

114 1059 341 1110 sequuntur
373 1055 479 1094 duo:
534 1053 821 1093 Incurristi
851 1065 1024 1093 amens
1055 1049 1105 1090 in
1136 1050 1428 1099 columnas;
1472 1050 1524 1091 in
1555 1052 1764 1094 alienos
1795 1052 1878 1094 in-

114 1130 273 1158 sanus
309 1114 577 1157 insanisti.
638 1115 798 1156 Deinde
830 1113 968 1155 omnia
997 1119 1207 1168 tamquam
1239 1111 1450 1167 crepidine
1481 1112 1659 1169 quadam
1692 1128 1879 1171 compre-

113 1179 314 1222 hensione
345 1178 531 1233 longiore
562 1177 840 1219 sustinentur:
874 1179 1212 1232 Depressum,
1247 1187 1467 1225 caecam,
1501 1177 1759 1219 iacentem
1791 1177 1926 1219 d0-1⁵

114 1257 245 1285 mum
288 1242 464 1298 pluris
509 1253 653 1295 quam
700 1246 748 1281 te
794 1246 840 1281 et
883 1237 1060 1295 [quam]
1104 1237 1353 1279 fortunas
1395 1243 1510 1280 tuas
1554 1242 1874 1282 aestimasti.

114 1306 321 1349 Dichoreo
350 1303 500 1345 finitur.
560 1303 611 1342 At
646 1303 843 1355 spondeis
878 1302 1118 1358 proximum
1152 1300 1269 1342 illud.
1330 1302 1434 1343 Nam
1463 1301 1605 1351 iniis,
1654 1303 1803 1357 quibus
1834 1307 1880 1344 ut

114 1367 377 1424 pugiunculis
405 1366 463 1407 uti
490 1369 679 1419 oportet,
712 1364 896 1406 brevitas
921 1364 1019 1406 facit
1042 1366 1133 1418 ipsa
1158 1362 1376 1405 liberiores
1405 1362 1548 1418 pedes.
1612 1365 1745 1419 Saepe
1769 1365 1879 1407 enim

115 1431 287 1486 singulis
312 1428 510 1472 utendum
537 1433 613 1476 est,
646 1428 891 1484 plerumque
913 1427 1044 1476 binis,
1078 1432 1119 1468 et
1138 1427 1324 1481 utrisque
1344 1425 1439 1468 addi
1460 1426 1578 1481 pedis
1599 1440 1695 1483 pars
1716 1432 1877 1484 potest3

114 1509 200 1536 non
240 1493 328 1536 fere
367 1492 496 1533 ternis
541 1489 731 1545 amplius.
794 1493 890 1532 225.
938 1489 1104 1531 Incisim
1141 1494 1281 1531 autem
1322 1494 1362 1530 et
1402 1491 1665 1532 membratim
1705 1496 1927 1533 tractataeo

115 1558 248 1600 oratio
290 1555 333 1597 in
371 1555 481 1596 veris
521 1553 655 1594 causis
695 1553 923 1606 plurimum
952 1552 1084 1601 valet,
1134 1551 1397 1607 maximeque
1427 1551 1478 1593 iis
1510 1552 1638 1602 locis,
1687 1567 1779 1596 cum
1810 1559 1880 1596 aut

115 1633 262 1674 arguas
291 1623 362 1660 aut
388 1615 577 1665 refellas,
623 1621 668 1657 ut
702 1623 840 1658 nostra
869 1616 910 1657 in
940 1615 1184 1657 Corneliana
1211 1613 1416 1656 secunda:
1469 1616 1502 1657 O
1534 1615 1760 1658 callidos
1790 1620 1882 1659 ho-

115 1683 304 1730 mines,
343 1694 368 1722 o
397 1693 502 1722 rem
535 1677 913 1733 excogitatam,
954 1692 979 1721 o
1009 1677 1226 1733 ingenia
1256 1679 1568 1719 metuendal
1620 1678 1880 1722 Membratim

116 1744 272 1793 adhuc,
321 1744 469 1785 deinde
491 1742 660 1782 caesim:
710 1742 969 1790 Diximus,
1017 1754 1161 1783 rursus
1198 1741 1484 1790 membratim,
1533 1743 1716 1784 Testes
1758 1744 1880 1784 dare

116 1807 374 1850 volumus.
433 1807 630 1846 Extrema
670 1804 858 1859 sequitur
892 1801 1234 1859 comprehensio,
1281 1803 1355 1843 sed
1385 1815 1437 1844 ex
1469 1805 1632 1846 duobus
1654 1807 1929 1856 membris,25

117 1883 198 1926 qua
227 1883 312 1911 non
351 1873 489 1922 potest
529 1880 618 1908 esse
657 1868 847 1908 brevior:
900 1867 1081 1916 Quem,
1130 1878 1350 1920 quaeso,
1396 1869 1631 1908 nostrum
1669 1867 1880 1911 fefellit

116 1933 184 1974 ita
214 1945 304 1973 vos
334 1943 448 1972 esse
477 1929 744 1971 facturos?
784 1930 881 1970 226.
915 1931 1000 1970 Nec
1030 1928 1158 1970 ullum
1189 1941 1318 1982 genus
1348 1932 1410 1969 est
1439 1929 1602 1970 dicendi
1633 1936 1703 1971 aut
1731 1930 1879 1973 melius

117 1999 189 2036 aut
223 1994 374 2035 fortius
412 2005 537 2047 quam
575 1990 683 2033 binis
712 1996 783 2032 aut
817 1990 943 2033 ternis
971 1990 1098 2033 ferire
1135 1988 1296 2039 verbis,
1347 2003 1641 2048 nonnunquam
1681 1992 1877 2049 singulis,

116 2054 257 2112 paullo
283 2055 386 2098 alias
414 2056 621 2109 pluribus,
652 2055 761 2096 inter
791 2068 898 2111 quae
926 2054 1051 2096 variis
1084 2053 1276 2095 clausulis
1298 2053 1530 2108 interponit
1550 2069 1595 2096 se
1615 2069 1712 2098 raro
1735 2070 1880 2098 nume-

117 2133 214 2162 rosa
236 2117 554 2174 comprehensio
566 2132 576 2168 ;
622 2130 745 2173 quam
780 2131 979 2171 perverse
1009 2117 1173 2172 fugiens
1206 2115 1429 2171 Hegesias.
1475 2116 1573 2159 dum
1607 2118 1678 2160 ille
1712 2133 1878 2176 quoque
1894 2129 1929 2156 ³0

118 2181 274 2223 imitari
302 2180 466 2237 Lysiam
494 2180 582 2221 vult
611 2180 785 2221 alterum
816 2194 947 2234 paene
977 2183 1320 2229 Demosthenem,
1373 2179 1494 2222 saltat
1533 2181 1720 2224 incidens
1750 2185 1879 2237 parti-

120 2243 248 2286 culas.
307 2245 360 2284 Et
393 2243 428 2284 is
460 2243 627 2298 quidem
663 2257 747 2284 non
779 2243 914 2285 minus
949 2243 1162 2285 sententiis
1196 2248 1341 2299 peccat
1378 2257 1502 2298 quam
1532 2243 1691 2293 verbis,
1723 2252 1768 2287 ut
1796 2260 1879 2288 non

121 2311 315 2362 quaerat,
360 2319 483 2361 quem
511 2307 695 2361 appellet
731 2305 941 2361 ineptum,
987 2306 1059 2361 qui
1097 2305 1213 2346 illum
1252 2305 1510 2360 cognoverit.
1569 2305 1652 2348 Sed
1693 2321 1771 2362 ego
1811 2308 1879 2350 illa

122 2368 258 2411 Crassi
282 2373 322 2410 et
346 2374 484 2410 nostra
507 2367 655 2423 posui,
689 2372 733 2409 ut
757 2368 827 2422 qui
849 2367 973 2410 vellet
998 2369 1168 2409 auribus
1188 2366 1305 2421 ipsis,
1341 2366 1442 2422 quid
1464 2381 1731 2411 numerosum
1754 2370 1877 2412 etiam

119 2431 161 2474 in
193 2432 373 2473 minimis
412 2430 623 2486 particulis
664 2429 862 2472 orationis
903 2436 1033 2479 esset,
1082 2431 1297 2471 iudicaret.
1357 2432 1410 2471 Et
1437 2432 1633 2486 quoniam
1673 2432 1791 2488 plura
1828 2434 1878 2474 de
1893 2441 1928 2468 ³⁵

120 2507 345 2536 numerosa
374 2493 564 2536 oratione
594 2492 771 2535 diximus
801 2507 924 2548 quam
955 2495 1173 2548 quisquam
1202 2497 1295 2534 ante
1325 2505 1427 2542 nOS,
1467 2507 1578 2535 nunc
1607 2492 1658 2536 de
1690 2496 1779 2537 eius
1809 2508 1878 2551 ge-

121 2557 233 2601 neris
263 2557 439 2600 utilitate
469 2555 669 2598 dicemus.

215 2685 249 2717 2.
273 2683 427 2726 profecto
463 2692 498 2715 se
533 2682 660 2723 fudisse
694 2682 787 2714 Vit.:
825 2683 1002 2724 profectos
1027 2683 1180 2725 effusisse
1205 2682 1300 2715 Eins.
1318 2706 1328 2722 ,
1363 2682 1544 2724 profectus
1571 2683 1724 2726 effuqisse
1749 2684 1847 2718 Mon.
1865 2708 1875 2725 ‚

120 2731 275 2773 profecto
304 2732 459 2774 effuyisse
485 2729 552 2762 Gu.
582 2731 614 2761 2.
644 2729 717 2761 RE.
748 2745 787 2752 ·-
814 2729 846 2760 4.
875 2735 1057 2770 comparat
1081 2732 1111 2762 is
1135 2733 1260 2761 contra
1283 2739 1346 2761 nos
1372 2738 1450 2763 cum
1476 2731 1624 2770 Quintil.
1652 2732 1695 2769 9,
1725 2731 1767 2769 4,
1796 2733 1875 2763 101.

124 2780 258 2820 Meyer.
289 2795 324 2802 —
353 2779 387 2810 9.
416 2778 553 2810 dicendi
578 2786 644 2809 om.
667 2777 760 2811 vit-z
788 2776 929 2810 seclusit
947 2777 1080 2817 Meyer.
1132 2776 1272 2809 Habent
1297 2777 1464 2815 Rufinus,
1493 2778 1588 2810 Eins.
1619 2780 1809 2817 ceterique.
1836 2795 1874 2802 —-

125 2827 182 2859 13.
209 2827 247 2857 in
273 2825 396 2856 alienis
421 2825 583 2856 insanisti
616 2825 700 2863 (om.
727 2824 889 2864 insanus)
921 2824 1070 2855 Rufinus
1104 2824 1167 2856 Ed.
1195 2829 1334 2856 nostrae
1362 2832 1396 2863 p.
1423 2824 1504 2856 188.
1546 2841 1587 2847 -
1630 2825 1686 2857 15.
1723 2823 1874 2865 caecam]

125 2875 230 2906 etiam
256 2872 348 2911 Vit.‚
382 2871 475 2904 unde
500 2871 602 2903 Peter
628 2870 708 2902 lecit
733 2875 764 2901 et
789 2872 875 2901 iam.
926 2870 1038 2903 Ceteri
1065 2870 1142 2902 libri
1181 2875 1215 2902 et
1237 2871 1383 2903 Rufinus
1410 2876 1448 2903 ut
1484 2880 1561 2903 nos.
1608 2888 1646 2894 —
1688 2870 1744 2903 16.
1772 2880 1879 2912 quam

127 2924 206 2952 ante
231 2919 394 2959 fortunas
419 2927 487 2950 om.
515 2918 688 2957 Rufinus,
716 2916 784 2948 Vit.
815 2917 908 2948 Eins.
937 2916 1004 2949 Gu.
1031 2917 1065 2948 1.
1115 2917 1186 2949 Nos
1211 2918 1428 2950 seclusimus.
1459 2934 1496 2940 —
1538 2918 1594 2949 17.
1621 2918 1782 2958 spondeis
1810 2919 1880 2951 Ru—

126 2968 238 3004 finus,
266 2970 300 2997 et
324 2966 466 3006 vestigia
491 2964 560 2997 Vit.
582 2966 677 2997 Eins.
697 2964 758 2996 Dr.
786 2964 884 2995 Mon.
905 2963 971 2996 Gu.
993 2964 1026 2995 1.
1045 2963 1102 2994 2.:
1134 2964 1324 3004 dispondeo
1351 2973 1428 2995 cuin
1455 2964 1633 3003 Stephano
1660 2965 1718 3002 E..
1737 2966 1877 3006 dispon-

128 3014 211 3045 deus
235 3012 314 3044 Asc.
342 3020 412 3044 sec.
441 3010 548 3050 Crat.)
572 3027 616 3034 —
651 3011 707 3043 18.
734 3011 839 3051 saciet
866 3012 1025 3043 Rufinus.
1060 3026 1106 3031 —
1144 3011 1202 3043 20.
1231 3015 1390 3042 tractata
1416 3010 1525 3042 Codd.
1556 3012 1738 3052 plerique,
1766 3012 1796 3044 R
1822 3021 1878 3045 ce-

128 3065 295 3099 teraeque
323 3058 413 3090 Edd.
440 3063 518 3090 ante
546 3059 654 3090 Ern.:
681 3062 799 3089 tracta
824 3057 892 3089 Vit.
921 3058 1016 3089 Eins.
1045 3056 1111 3089 Gu.
1139 3058 1200 3095 2.,
1227 3058 1343 3089 Rufini
1373 3057 1458 3088 Cod.
1487 3057 1581 3091 Eins.
1612 3061 1647 3090 et.
1673 3058 1739 3090 Ed.
1765 3060 1877 3092 lunti-

128 3116 194 3146 na,
222 3107 260 3138 E.
290 3122 327 3129 —
355 3106 413 3136 21.
440 3105 484 3136 iis
512 3105 680 3142 Rufinus,
707 3105 826 3136 Eins.:
853 3105 904 3136 his
921 3105 990 3136 RE.
1010 3120 1051 3126 -
1077 3103 1134 3134 22.
1162 3102 1300 3144 nostra]
1328 3111 1390 3135 nos
1415 3103 1574 3136 Rufinus.
1604 3120 1644 3127 —
1671 3105 1730 3139 24.
1756 3107 1878 3139 deinde

129 3155 257 3187 caesim
282 3152 444 3183 diximus.
471 3150 604 3183 Rursus
628 3151 655 3183 E
681 3155 714 3182 et
739 3150 852 3183 Peter.
896 3151 941 3182 At
966 3151 1026 3182 cl'r.
1054 3150 1200 3190 Quintil.
1228 3150 1273 3188 9,
1298 3151 1337 3189 a,
1366 3149 1443 3181 122.
1489 3167 1526 3173 —
1571 3151 1630 3183 27.
1664 3152 1702 3184 id
1732 3159 1794 3185 vos
1823 3154 1876 3185 iia

130 3200 277 3242 Quintil.
307 3198 391 3231 ibid·
420 3197 499 3229 123.
540 3197 598 3237 (Ut
620 3205 705 3236 nos,
737 3197 885 3229 Rufinus
911 3201 944 3229 et
969 3198 1040 3230 Cic.
1071 3196 1146 3228 libri
1175 3202 1312 3237 praeter
1335 3195 1483 3229 Dresd.:
1524 3197 1579 3229 ita
1603 3197 1698 3240 nos.)
1736 3214 1780 3222 -
1815 3200 1873 3231 28.

129 3257 235 3291 quam
259 3247 349 3279 binis
378 3245 497 3276 Eins.:
532 3244 620 3276 binis
642 3244 730 3279 (om.
756 3242 874 3284 quam)
900 3252 978 3276 cum
1004 3245 1128 3276 ceteris
1156 3243 1265 3276 Codd.
1293 3246 1328 3276 et
1352 3243 1478 3276 Rufino
1503 3243 1576 3278 RE.
1616 3260 1659 3268 —
1699 3245 1757 3281 29.
1784 3247 1875 3280 inter

130 3305 217 3338 quas
242 3303 319 3327 cum
342 3293 436 3325 libris
463 3291 504 3324 R.
534 3289 591 3333 (Ut
614 3299 676 3323 nos
693 3313 702 3330 ,
728 3288 908 3330 Rufinus.)
