<?xml version="1.0" encoding="UTF-8"?>
<!DOCTYPE html PUBLIC "-//W3C//DTD XHTML 1.0 Transitional//EN"
    "http://www.w3.org/TR/xhtml1/DTD/xhtml1-transitional.dtd">
<html xmlns="http://www.w3.org/1999/xhtml" xml:lang="en" lang="en">
 <head>
  <title>
</title>
<meta http-equiv="Content-Type" content="text/html;charset=utf-8" />
  <meta name='ocr-system' content='tesseract 3.04.00' />
  <meta name='ocr-capabilities' content='ocr_page ocr_carea ocr_par ocr_line ocrx_word'/>
</head>
<body>
  <div class='ocr_page' id='page_1' title='image "./operaquaesupersu01ciceuoft_0140.png"; bbox 0 0 2117 3762; ppageno 0'>
   <div class='ocr_carea' id='block_1_1' title="bbox 283 278 1366 322">
    <p class='ocr_par' dir='ltr' id='par_1_1' title="bbox 283 278 1366 322">
     <span class='ocr_line' id='line_1_1' title="bbox 283 278 1366 322; baseline -0.003 0"><span class='ocrx_word' id='word_1_1' title='bbox 283 281 361 322; x_wconf 79' lang='lat'>128</span> <span class='ocrx_word' id='word_1_2' title='bbox 938 278 1009 320; x_wconf 89' lang='lat' dir='ltr'>DE</span> <span class='ocrx_word' id='word_1_3' title='bbox 1041 278 1366 320; x_wconf 88' lang='lat' dir='ltr'><strong>INVENTIONE</strong></span> 
     </span>
    </p>
   </div>
   <div class='ocr_carea' id='block_1_2' title="bbox 586 570 1742 725">
    <p class='ocr_par' dir='ltr' id='par_1_2' title="bbox 586 570 1742 725">
     <span class='ocr_line' id='line_1_2' title="bbox 820 570 1494 617; baseline 0.003 -4"><span class='ocrx_word' id='word_1_4' title='bbox 820 571 885 613; x_wconf 88' lang='lat' dir='ltr'>M.</span> <span class='ocrx_word' id='word_1_5' title='bbox 925 570 1132 614; x_wconf 73' lang='lat' dir='ltr'>&#39;runnu</span> <span class='ocrx_word' id='word_1_6' title='bbox 1167 570 1494 617; x_wconf 68' lang='lat' dir='ltr'>ercenoms</span> 
     </span>
     <span class='ocr_line' id='line_1_3' title="bbox 586 666 1742 725; baseline 0.002 -2"><span class='ocrx_word' id='word_1_7' title='bbox 586 666 1742 725; x_wconf 81' lang='lat' dir='ltr'>RHETORICORUM</span> 
     </span>
    </p>
   </div>
   <div class='ocr_carea' id='block_1_3' title="bbox 689 798 1639 1029">
    <p class='ocr_par' dir='ltr' id='par_1_3' title="bbox 689 798 1639 1029">
     <span class='ocr_line' id='line_1_4' title="bbox 1078 798 1243 829; baseline -0.012 0"><span class='ocrx_word' id='word_1_8' title='bbox 1078 799 1156 829; x_wconf 83' lang='lat' dir='ltr'>SEU</span> <span class='ocrx_word' id='word_1_9' title='bbox 1186 798 1243 828; x_wconf 85' lang='lat' dir='ltr'>DE</span> 
     </span>
     <span class='ocr_line' id='line_1_5' title="bbox 689 886 1639 930; baseline 0.001 -2"><span class='ocrx_word' id='word_1_10' title='bbox 689 887 1163 930; x_wconf 88' lang='lat' dir='ltr'><strong>INVENTIONE</strong></span> <span class='ocrx_word' id='word_1_11' title='bbox 1202 886 1639 930; x_wconf 88' lang='lat' dir='ltr'><strong>RHETORICA</strong></span> 
     </span>
     <span class='ocr_line' id='line_1_6' title="bbox 869 988 1450 1029; baseline -0.002 0"><span class='ocrx_word' id='word_1_12' title='bbox 869 989 1070 1029; x_wconf 81' lang='lat' dir='ltr'><strong>LIBER</strong></span> <span class='ocrx_word' id='word_1_13' title='bbox 1109 988 1450 1028; x_wconf 74' lang='lat' dir='ltr'><strong>SECUNDUS.</strong></span> 
     </span>
    </p>
   </div>
   <div class='ocr_carea' id='block_1_4' title="bbox 223 1280 2040 3040">
    <p class='ocr_par' dir='ltr' id='par_1_4' title="bbox 223 1280 2040 3040">
     <span class='ocr_line' id='line_1_7' title="bbox 283 1280 2040 1349; baseline -0.005 -7"><span class='ocrx_word' id='word_1_14' title='bbox 283 1299 316 1342; x_wconf 87' lang='lat' dir='ltr'>l.</span> <span class='ocrx_word' id='word_1_15' title='bbox 366 1299 402 1339; x_wconf 90' lang='lat'>1.</span> <span class='ocrx_word' id='word_1_16' title='bbox 451 1280 735 1340; x_wconf 76' lang='lat' dir='ltr'>Crotoniatae</span> <span class='ocrx_word' id='word_1_17' title='bbox 766 1293 1000 1349; x_wconf 88' lang='lat' dir='ltr'>quondam,</span> <span class='ocrx_word' id='word_1_18' title='bbox 1044 1306 1137 1334; x_wconf 91' lang='lat' dir='ltr'>cum</span> <span class='ocrx_word' id='word_1_19' title='bbox 1168 1290 1365 1333; x_wconf 88' lang='lat' dir='ltr'>florerent</span> <span class='ocrx_word' id='word_1_20' title='bbox 1395 1289 1588 1333; x_wconf 89' lang='lat' dir='ltr'>omnibus</span> <span class='ocrx_word' id='word_1_21' title='bbox 1619 1289 1749 1345; x_wconf 89' lang='lat' dir='ltr'>copiis</span> <span class='ocrx_word' id='word_1_22' title='bbox 1781 1296 1821 1332; x_wconf 91' lang='lat' dir='ltr'>et</span> <span class='ocrx_word' id='word_1_23' title='bbox 1849 1290 1892 1332; x_wconf 90' lang='lat' dir='ltr'>in</span> <span class='ocrx_word' id='word_1_24' title='bbox 1922 1290 2040 1333; x_wconf 86' lang='lat' dir='ltr'>Italia</span> 
     </span>
     <span class='ocr_line' id='line_1_8' title="bbox 276 1352 2034 1412; baseline -0.003 -11"><span class='ocrx_word' id='word_1_25' title='bbox 276 1372 368 1401; x_wconf 91' lang='lat' dir='ltr'>cum</span> <span class='ocrx_word' id='word_1_26' title='bbox 400 1358 544 1412; x_wconf 93' lang='lat' dir='ltr'>primis</span> <span class='ocrx_word' id='word_1_27' title='bbox 574 1357 684 1399; x_wconf 89' lang='lat' dir='ltr'>beati</span> <span class='ocrx_word' id='word_1_28' title='bbox 714 1362 1055 1404; x_wconf 79' lang='lat' dir='ltr'>numerarentur,</span> <span class='ocrx_word' id='word_1_29' title='bbox 1103 1355 1299 1410; x_wconf 90' lang='lat' dir='ltr'>templum</span> <span class='ocrx_word' id='word_1_30' title='bbox 1340 1353 1533 1402; x_wconf 91' lang='lat' dir='ltr'>Iunonis,</span> <span class='ocrx_word' id='word_1_31' title='bbox 1580 1353 1691 1409; x_wconf 88' lang='lat' dir='ltr'>quod</span> <span class='ocrx_word' id='word_1_32' title='bbox 1722 1352 2034 1407; x_wconf 85' lang='lat' dir='ltr'>religiosissime</span> 
     </span>
     <span class='ocr_line' id='line_1_9' title="bbox 275 1417 2036 1475; baseline -0.003 -12"><span class='ocrx_word' id='word_1_33' title='bbox 275 1421 485 1469; x_wconf 87' lang='lat' dir='ltr'>colebant,</span> <span class='ocrx_word' id='word_1_34' title='bbox 533 1419 711 1475; x_wconf 83' lang='lat' dir='ltr'>egregiis</span> <span class='ocrx_word' id='word_1_35' title='bbox 748 1419 920 1474; x_wconf 90' lang='lat' dir='ltr'>picturis</span> <span class='ocrx_word' id='word_1_36' title='bbox 964 1417 1218 1470; x_wconf 82' lang='lat' dir='ltr'>locupletare</span> <span class='ocrx_word' id='word_1_37' title='bbox 1259 1417 1496 1458; x_wconf 71' lang='lat' dir='ltr'>voluerunt.</span> <span class='ocrx_word' id='word_1_38' title='bbox 1558 1417 1701 1472; x_wconf 79' lang='lat' dir='ltr'>Itaque</span> <span class='ocrx_word' id='word_1_39' title='bbox 1741 1417 2036 1458; x_wconf 87' lang='lat' dir='ltr'>Heracleotem</span> 
     </span>
     <span class='ocr_line' id='line_1_10' title="bbox 277 1478 2038 1539; baseline -0.003 -14"><span class='ocrx_word' id='word_1_40' title='bbox 277 1485 459 1532; x_wconf 86' lang='lat' dir='ltr'>Zeuxin,</span> <span class='ocrx_word' id='word_1_41' title='bbox 491 1483 561 1539; x_wconf 92' lang='lat' dir='ltr'>qui</span> <span class='ocrx_word' id='word_1_42' title='bbox 592 1490 678 1525; x_wconf 90' lang='lat' dir='ltr'>tum</span> <span class='ocrx_word' id='word_1_43' title='bbox 708 1483 832 1535; x_wconf 86' lang='lat' dir='ltr'>longe</span> <span class='ocrx_word' id='word_1_44' title='bbox 864 1480 1015 1521; x_wconf 89' lang='lat' dir='ltr'>ceteris</span> <span class='ocrx_word' id='word_1_45' title='bbox 1037 1480 1244 1522; x_wconf 85' lang='lat' dir='ltr'>excellere</span> <span class='ocrx_word' id='word_1_46' title='bbox 1266 1481 1495 1533; x_wconf 88' lang='lat' dir='ltr'>pictoribus</span> <span class='ocrx_word' id='word_1_47' title='bbox 1519 1478 1855 1528; x_wconf 81' lang='lat' dir='ltr'>existimabatur,</span> <span class='ocrx_word' id='word_1_48' title='bbox 1888 1493 2038 1534; x_wconf 87' lang='lat' dir='ltr'>magno</span> 
     </span>
     <span class='ocr_line' id='line_1_11' title="bbox 247 1540 2037 1603; baseline -0.002 -15"><span class='ocrx_word' id='word_1_49' title='bbox 247 1548 411 1603; x_wconf 78' lang='lat' dir='ltr'>spretio</span> <span class='ocrx_word' id='word_1_50' title='bbox 443 1549 692 1587; x_wconf 88' lang='lat' dir='ltr'>conductum</span> <span class='ocrx_word' id='word_1_51' title='bbox 724 1545 1017 1585; x_wconf 85' lang='lat' dir='ltr'>adhibuerunt.</span> <span class='ocrx_word' id='word_1_52' title='bbox 1079 1545 1117 1583; x_wconf 94' lang='lat' dir='ltr'>Is</span> <span class='ocrx_word' id='word_1_53' title='bbox 1149 1549 1190 1584; x_wconf 89' lang='lat' dir='ltr'>et</span> <span class='ocrx_word' id='word_1_54' title='bbox 1218 1549 1375 1584; x_wconf 88' lang='lat' dir='ltr'>ceteras</span> <span class='ocrx_word' id='word_1_55' title='bbox 1415 1543 1654 1595; x_wconf 84' lang='lat' dir='ltr'>complures</span> <span class='ocrx_word' id='word_1_56' title='bbox 1695 1540 1852 1584; x_wconf 88' lang='lat' dir='ltr'>tabulas</span> <span class='ocrx_word' id='word_1_57' title='bbox 1889 1543 2037 1599; x_wconf 84' lang='lat' dir='ltr'>pinxit,</span> 
     </span>
     <span class='ocr_line' id='line_1_12' title="bbox 277 1604 2040 1665; baseline -0.002 -14"><span class='ocrx_word' id='word_1_58' title='bbox 277 1623 451 1665; x_wconf 88' lang='lat' dir='ltr'>quarum</span> <span class='ocrx_word' id='word_1_59' title='bbox 482 1608 680 1650; x_wconf 87' lang='lat' dir='ltr'>nonnulla</span> <span class='ocrx_word' id='word_1_60' title='bbox 709 1621 805 1663; x_wconf 91' lang='lat' dir='ltr'>pars</span> <span class='ocrx_word' id='word_1_61' title='bbox 835 1620 967 1662; x_wconf 88' lang='lat' dir='ltr'>usque</span> <span class='ocrx_word' id='word_1_62' title='bbox 998 1608 1048 1647; x_wconf 91' lang='lat' dir='ltr'>ad</span> <span class='ocrx_word' id='word_1_63' title='bbox 1079 1612 1265 1647; x_wconf 87' lang='lat' dir='ltr'>nostram</span> <span class='ocrx_word' id='word_1_64' title='bbox 1296 1607 1541 1647; x_wconf 87' lang='lat' dir='ltr'>memoriam</span> <span class='ocrx_word' id='word_1_65' title='bbox 1570 1610 1743 1660; x_wconf 89' lang='lat' dir='ltr'>propter</span> <span class='ocrx_word' id='word_1_66' title='bbox 1765 1604 1850 1646; x_wconf 85' lang='lat' dir='ltr'>fani</span> <span class='ocrx_word' id='word_1_67' title='bbox 1870 1606 2040 1661; x_wconf 86' lang='lat' dir='ltr'>religio-</span> 
     </span>
     <span class='ocr_line' id='line_1_13' title="bbox 275 1666 2040 1722; baseline -0.002 -9"><span class='ocrx_word' id='word_1_68' title='bbox 275 1686 371 1713; x_wconf 89' lang='lat' dir='ltr'>nem</span> <span class='ocrx_word' id='word_1_69' title='bbox 402 1671 622 1720; x_wconf 89' lang='lat' dir='ltr'>remansit;</span> <span class='ocrx_word' id='word_1_70' title='bbox 655 1675 717 1717; x_wconf 93' lang='lat' dir='ltr'>et,</span> <span class='ocrx_word' id='word_1_71' title='bbox 749 1675 794 1710; x_wconf 90' lang='lat' dir='ltr'>ut</span> <span class='ocrx_word' id='word_1_72' title='bbox 824 1668 1099 1710; x_wconf 82' lang='lat' dir='ltr'>excellentem</span> <span class='ocrx_word' id='word_1_73' title='bbox 1129 1668 1345 1709; x_wconf 86' lang='lat' dir='ltr'>muliebris</span> <span class='ocrx_word' id='word_1_74' title='bbox 1374 1667 1532 1709; x_wconf 90' lang='lat' dir='ltr'>formae</span> <span class='ocrx_word' id='word_1_75' title='bbox 1554 1666 1904 1722; x_wconf 89' lang='lat' dir='ltr'>pulchritudinem</span> <span class='ocrx_word' id='word_1_76' title='bbox 1927 1674 2040 1709; x_wconf 89' lang='lat' dir='ltr'>muta</span> 
     </span>
     <span class='ocr_line' id='line_1_14' title="bbox 276 1729 2037 1788; baseline -0.002 -13"><span class='ocrx_word' id='word_1_77' title='bbox 276 1735 319 1775; x_wconf 90' lang='lat' dir='ltr'>in</span> <span class='ocrx_word' id='word_1_78' title='bbox 351 1747 441 1775; x_wconf 90' lang='lat' dir='ltr'>sese</span> <span class='ocrx_word' id='word_1_79' title='bbox 470 1735 610 1788; x_wconf 86' lang='lat' dir='ltr'>imago</span> <span class='ocrx_word' id='word_1_80' title='bbox 641 1732 894 1780; x_wconf 86' lang='lat' dir='ltr'>contineret,</span> <span class='ocrx_word' id='word_1_81' title='bbox 945 1732 1130 1772; x_wconf 84' lang='lat' dir='ltr'>Helenae</span> <span class='ocrx_word' id='word_1_82' title='bbox 1173 1730 1346 1785; x_wconf 86' lang='lat' dir='ltr'>pingere</span> <span class='ocrx_word' id='word_1_83' title='bbox 1387 1744 1430 1771; x_wconf 90' lang='lat' dir='ltr'>se</span> <span class='ocrx_word' id='word_1_84' title='bbox 1471 1729 1740 1771; x_wconf 85' lang='lat' dir='ltr'>simulacrum</span> <span class='ocrx_word' id='word_1_85' title='bbox 1770 1730 1876 1771; x_wconf 89' lang='lat' dir='ltr'>velle</span> <span class='ocrx_word' id='word_1_86' title='bbox 1909 1729 2037 1780; x_wconf 81' lang='lat' dir='ltr'>dixit3</span> 
     </span>
     <span class='ocr_line' id='line_1_15' title="bbox 275 1791 2040 1852; baseline -0.003 -14"><span class='ocrx_word' id='word_1_87' title='bbox 275 1799 387 1852; x_wconf 90' lang='lat' dir='ltr'>quod</span> <span class='ocrx_word' id='word_1_88' title='bbox 420 1797 704 1844; x_wconf 85' lang='lat' dir='ltr'>Crotoniatae,</span> <span class='ocrx_word' id='word_1_89' title='bbox 738 1796 808 1851; x_wconf 92' lang='lat' dir='ltr'>qui</span> <span class='ocrx_word' id='word_1_90' title='bbox 839 1809 933 1835; x_wconf 89' lang='lat' dir='ltr'>eum</span> <span class='ocrx_word' id='word_1_91' title='bbox 965 1792 1158 1834; x_wconf 86' lang='lat' dir='ltr'>muliebri</span> <span class='ocrx_word' id='word_1_92' title='bbox 1189 1793 1231 1834; x_wconf 90' lang='lat' dir='ltr'>in</span> <span class='ocrx_word' id='word_1_93' title='bbox 1263 1807 1440 1848; x_wconf 88' lang='lat' dir='ltr'>corpore</span> <span class='ocrx_word' id='word_1_94' title='bbox 1471 1791 1681 1848; x_wconf 90' lang='lat' dir='ltr'>pingendo</span> <span class='ocrx_word' id='word_1_95' title='bbox 1702 1793 1927 1847; x_wconf 89' lang='lat' dir='ltr'>plurimum</span> <span class='ocrx_word' id='word_1_96' title='bbox 1949 1792 2040 1834; x_wconf 88' lang='lat' dir='ltr'>aliis</span> 
     </span>
     <span class='ocr_line' id='line_1_16' title="bbox 223 1855 2037 1915; baseline -0.002 -16"><span class='ocrx_word' id='word_1_97' title='bbox 223 1866 486 1915; x_wconf 87' lang='lat' dir='ltr'>1opraestare</span> <span class='ocrx_word' id='word_1_98' title='bbox 518 1872 639 1915; x_wconf 86' lang='lat' dir='ltr'>saepe</span> <span class='ocrx_word' id='word_1_99' title='bbox 671 1858 951 1913; x_wconf 84' lang='lat' dir='ltr'>accepissent,</span> <span class='ocrx_word' id='word_1_100' title='bbox 998 1855 1176 1898; x_wconf 84' lang='lat' dir='ltr'>libenter</span> <span class='ocrx_word' id='word_1_101' title='bbox 1215 1857 1450 1897; x_wconf 87' lang='lat' dir='ltr'>audierunt.</span> <span class='ocrx_word' id='word_1_102' title='bbox 1512 1857 1764 1896; x_wconf 88' lang='lat' dir='ltr'>Putaverunt</span> <span class='ocrx_word' id='word_1_103' title='bbox 1802 1857 1934 1904; x_wconf 90' lang='lat' dir='ltr'>enim,</span> <span class='ocrx_word' id='word_1_104' title='bbox 1979 1855 2037 1904; x_wconf 91' lang='lat' dir='ltr'>si,</span> 
     </span>
     <span class='ocr_line' id='line_1_17' title="bbox 276 1916 2040 1977; baseline -0.003 -13"><span class='ocrx_word' id='word_1_105' title='bbox 276 1936 359 1977; x_wconf 92' lang='lat' dir='ltr'>quo</span> <span class='ocrx_word' id='word_1_106' title='bbox 389 1922 431 1964; x_wconf 91' lang='lat' dir='ltr'>in</span> <span class='ocrx_word' id='word_1_107' title='bbox 463 1935 618 1976; x_wconf 87' lang='lat' dir='ltr'>genere</span> <span class='ocrx_word' id='word_1_108' title='bbox 650 1921 874 1975; x_wconf 86' lang='lat' dir='ltr'>plurimum</span> <span class='ocrx_word' id='word_1_109' title='bbox 907 1925 1068 1974; x_wconf 87' lang='lat' dir='ltr'>posset,</span> <span class='ocrx_word' id='word_1_110' title='bbox 1102 1918 1144 1959; x_wconf 88' lang='lat' dir='ltr'>in</span> <span class='ocrx_word' id='word_1_111' title='bbox 1176 1932 1227 1960; x_wconf 90' lang='lat' dir='ltr'>eo</span> <span class='ocrx_word' id='word_1_112' title='bbox 1258 1932 1408 1972; x_wconf 84' lang='lat' dir='ltr'>magno</span> <span class='ocrx_word' id='word_1_113' title='bbox 1442 1931 1569 1973; x_wconf 90' lang='lat' dir='ltr'>opere</span> <span class='ocrx_word' id='word_1_114' title='bbox 1603 1916 1877 1967; x_wconf 89' lang='lat' dir='ltr'>elaborasset,</span> <span class='ocrx_word' id='word_1_115' title='bbox 1919 1932 2040 1971; x_wconf 84' lang='lat' dir='ltr'>egre-</span> 
     </span>
     <span class='ocr_line' id='line_1_18' title="bbox 275 1980 2038 2039; baseline -0.003 -13"><span class='ocrx_word' id='word_1_116' title='bbox 275 1985 388 2039; x_wconf 84' lang='lat' dir='ltr'>gium</span> <span class='ocrx_word' id='word_1_117' title='bbox 428 1984 506 2025; x_wconf 88' lang='lat' dir='ltr'>sibi</span> <span class='ocrx_word' id='word_1_118' title='bbox 548 1998 653 2038; x_wconf 91' lang='lat' dir='ltr'>opus</span> <span class='ocrx_word' id='word_1_119' title='bbox 692 1983 762 2024; x_wconf 91' lang='lat' dir='ltr'>illo</span> <span class='ocrx_word' id='word_1_120' title='bbox 806 1984 847 2024; x_wconf 92' lang='lat' dir='ltr'>in</span> <span class='ocrx_word' id='word_1_121' title='bbox 885 1984 981 2024; x_wconf 87' lang='lat' dir='ltr'>fano</span> <span class='ocrx_word' id='word_1_122' title='bbox 1012 1980 1270 2022; x_wconf 87' lang='lat' dir='ltr'>relicturum.</span> <span class='ocrx_word' id='word_1_123' title='bbox 1329 1984 1369 2021; x_wconf 74' lang='lat'>2.</span> <span class='ocrx_word' id='word_1_124' title='bbox 1403 1983 1543 2036; x_wconf 90' lang='lat' dir='ltr'>Neque</span> <span class='ocrx_word' id='word_1_125' title='bbox 1576 1986 1661 2021; x_wconf 88' lang='lat' dir='ltr'>tum</span> <span class='ocrx_word' id='word_1_126' title='bbox 1693 1995 1766 2021; x_wconf 89' lang='lat' dir='ltr'>eos</span> <span class='ocrx_word' id='word_1_127' title='bbox 1796 1980 1861 2022; x_wconf 91' lang='lat' dir='ltr'>illa</span> <span class='ocrx_word' id='word_1_128' title='bbox 1895 1980 2038 2036; x_wconf 92' lang='lat' dir='ltr'>opinio</span> 
     </span>
     <span class='ocr_line' id='line_1_19' title="bbox 273 2042 2038 2100; baseline -0.003 -12"><span class='ocrx_word' id='word_1_129' title='bbox 273 2046 436 2088; x_wconf 86' lang='lat' dir='ltr'>fefellit.</span> <span class='ocrx_word' id='word_1_130' title='bbox 496 2049 596 2087; x_wconf 89' lang='lat' dir='ltr'>Nam</span> <span class='ocrx_word' id='word_1_131' title='bbox 629 2044 780 2087; x_wconf 84' lang='lat' dir='ltr'>Zeuxis</span> <span class='ocrx_word' id='word_1_132' title='bbox 810 2045 920 2086; x_wconf 89' lang='lat' dir='ltr'>illico</span> <span class='ocrx_word' id='word_1_133' title='bbox 953 2043 1155 2100; x_wconf 83' lang='lat' dir='ltr'>quaesivit</span> <span class='ocrx_word' id='word_1_134' title='bbox 1185 2045 1235 2084; x_wconf 91' lang='lat' dir='ltr'>ab</span> <span class='ocrx_word' id='word_1_135' title='bbox 1268 2044 1351 2091; x_wconf 89' lang='lat' dir='ltr'>eis,</span> <span class='ocrx_word' id='word_1_136' title='bbox 1386 2057 1586 2098; x_wconf 86' lang='lat' dir='ltr'>quasnam</span> <span class='ocrx_word' id='word_1_137' title='bbox 1618 2042 1801 2097; x_wconf 83' lang='lat' dir='ltr'>virgines</span> <span class='ocrx_word' id='word_1_138' title='bbox 1833 2042 2038 2084; x_wconf 85' lang='lat' dir='ltr'>formosas</span> 
     </span>
     <span class='ocr_line' id='line_1_20' title="bbox 274 2106 2038 2161; baseline -0.003 -10"><span class='ocrx_word' id='word_1_139' title='bbox 274 2111 493 2151; x_wconf 85' lang='lat' dir='ltr'>haberent.</span> <span class='ocrx_word' id='word_1_140' title='bbox 555 2108 619 2151; x_wconf 89' lang='lat' dir='ltr'>Illi</span> <span class='ocrx_word' id='word_1_141' title='bbox 661 2115 798 2150; x_wconf 87' lang='lat' dir='ltr'>autem</span> <span class='ocrx_word' id='word_1_142' title='bbox 840 2107 977 2148; x_wconf 89' lang='lat' dir='ltr'>statim</span> <span class='ocrx_word' id='word_1_143' title='bbox 1015 2106 1226 2148; x_wconf 87' lang='lat' dir='ltr'>hominem</span> <span class='ocrx_word' id='word_1_144' title='bbox 1265 2107 1530 2147; x_wconf 87' lang='lat' dir='ltr'>deduxerunt</span> <span class='ocrx_word' id='word_1_145' title='bbox 1564 2107 1607 2146; x_wconf 91' lang='lat' dir='ltr'>in</span> <span class='ocrx_word' id='word_1_146' title='bbox 1637 2106 1884 2161; x_wconf 88' lang='lat' dir='ltr'>palaestram</span> <span class='ocrx_word' id='word_1_147' title='bbox 1915 2112 2038 2161; x_wconf 88' lang='lat' dir='ltr'>atque</span> 
     </span>
     <span class='ocr_line' id='line_1_21' title="bbox 225 2167 2040 2226; baseline -0.002 -14"><span class='ocrx_word' id='word_1_148' title='bbox 225 2186 261 2212; x_wconf 83' lang='lat'>15</span> <span class='ocrx_word' id='word_1_149' title='bbox 277 2172 314 2213; x_wconf 91' lang='lat' dir='ltr'>ei</span> <span class='ocrx_word' id='word_1_150' title='bbox 345 2187 500 2226; x_wconf 91' lang='lat' dir='ltr'>pueros</span> <span class='ocrx_word' id='word_1_151' title='bbox 531 2173 801 2213; x_wconf 85' lang='lat' dir='ltr'>ostenderunt</span> <span class='ocrx_word' id='word_1_152' title='bbox 832 2172 1004 2221; x_wconf 90' lang='lat' dir='ltr'>multos,</span> <span class='ocrx_word' id='word_1_153' title='bbox 1051 2182 1199 2223; x_wconf 88' lang='lat' dir='ltr'>magna</span> <span class='ocrx_word' id='word_1_154' title='bbox 1229 2167 1440 2223; x_wconf 87' lang='lat' dir='ltr'>praeditos</span> <span class='ocrx_word' id='word_1_155' title='bbox 1472 2168 1683 2222; x_wconf 87' lang='lat' dir='ltr'>dignitate.</span> <span class='ocrx_word' id='word_1_156' title='bbox 1741 2169 1904 2210; x_wconf 89' lang='lat' dir='ltr'>Etenim</span> <span class='ocrx_word' id='word_1_157' title='bbox 1936 2181 2040 2223; x_wconf 90' lang='lat' dir='ltr'>quo-</span> 
     </span>
     <span class='ocr_line' id='line_1_22' title="bbox 276 2230 2039 2290; baseline -0.003 -14"><span class='ocrx_word' id='word_1_158' title='bbox 276 2237 370 2276; x_wconf 90' lang='lat' dir='ltr'>dam</span> <span class='ocrx_word' id='word_1_159' title='bbox 398 2241 587 2290; x_wconf 89' lang='lat' dir='ltr'>tempore</span> <span class='ocrx_word' id='word_1_160' title='bbox 625 2235 889 2277; x_wconf 88' lang='lat' dir='ltr'>Crotoniatae</span> <span class='ocrx_word' id='word_1_161' title='bbox 919 2233 1091 2273; x_wconf 89' lang='lat' dir='ltr'>multum</span> <span class='ocrx_word' id='word_1_162' title='bbox 1123 2230 1314 2272; x_wconf 86' lang='lat' dir='ltr'>omnibus</span> <span class='ocrx_word' id='word_1_163' title='bbox 1346 2244 1569 2286; x_wconf 88' lang='lat' dir='ltr'>corporum</span> <span class='ocrx_word' id='word_1_164' title='bbox 1600 2231 1760 2273; x_wconf 67' lang='lat' dir='ltr'>viribus</span> <span class='ocrx_word' id='word_1_165' title='bbox 1792 2237 1833 2272; x_wconf 90' lang='lat' dir='ltr'>et</span> <span class='ocrx_word' id='word_1_166' title='bbox 1862 2230 2039 2284; x_wconf 89' lang='lat' dir='ltr'>dignita-</span> 
     </span>
     <span class='ocr_line' id='line_1_23' title="bbox 274 2292 2037 2351; baseline -0.003 -12"><span class='ocrx_word' id='word_1_167' title='bbox 274 2297 385 2339; x_wconf 86' lang='lat' dir='ltr'>tibus</span> <span class='ocrx_word' id='word_1_168' title='bbox 424 2303 725 2339; x_wconf 88' lang='lat' dir='ltr'>antesteterunt</span> <span class='ocrx_word' id='word_1_169' title='bbox 762 2301 883 2351; x_wconf 91' lang='lat' dir='ltr'>atque</span> <span class='ocrx_word' id='word_1_170' title='bbox 923 2294 1235 2336; x_wconf 85' lang='lat' dir='ltr'>honestissimas</span> <span class='ocrx_word' id='word_1_171' title='bbox 1276 2308 1327 2335; x_wconf 90' lang='lat' dir='ltr'>ex</span> <span class='ocrx_word' id='word_1_172' title='bbox 1360 2293 1552 2348; x_wconf 75' lang='lat' dir='ltr'>gymnico</span> <span class='ocrx_word' id='word_1_173' title='bbox 1583 2295 1808 2335; x_wconf 85' lang='lat' dir='ltr'>certamine</span> <span class='ocrx_word' id='word_1_174' title='bbox 1840 2292 2037 2335; x_wconf 86' lang='lat' dir='ltr'>victorias</span> 
     </span>
     <span class='ocr_line' id='line_1_24' title="bbox 276 2355 2037 2412; baseline -0.003 -11"><span class='ocrx_word' id='word_1_175' title='bbox 276 2358 447 2401; x_wconf 90' lang='lat' dir='ltr'>domum</span> <span class='ocrx_word' id='word_1_176' title='bbox 487 2373 580 2400; x_wconf 90' lang='lat' dir='ltr'>cum</span> <span class='ocrx_word' id='word_1_177' title='bbox 624 2358 744 2399; x_wconf 90' lang='lat' dir='ltr'>laude</span> <span class='ocrx_word' id='word_1_178' title='bbox 785 2358 965 2398; x_wconf 86' lang='lat' dir='ltr'>maxima</span> <span class='ocrx_word' id='word_1_179' title='bbox 1007 2356 1267 2398; x_wconf 87' lang='lat' dir='ltr'>rettulerunt.</span> <span class='ocrx_word' id='word_1_180' title='bbox 1332 2358 1431 2397; x_wconf 87' lang='lat' dir='ltr'>Cum</span> <span class='ocrx_word' id='word_1_181' title='bbox 1468 2370 1696 2412; x_wconf 88' lang='lat' dir='ltr'>puerorum</span> <span class='ocrx_word' id='word_1_182' title='bbox 1728 2358 1853 2410; x_wconf 89' lang='lat' dir='ltr'>igitur</span> <span class='ocrx_word' id='word_1_183' title='bbox 1881 2355 2037 2397; x_wconf 86' lang='lat' dir='ltr'>formas</span> 
     </span>
     <span class='ocr_line' id='line_1_25' title="bbox 277 2419 2037 2478; baseline -0.004 -14"><span class='ocrx_word' id='word_1_184' title='bbox 277 2428 318 2464; x_wconf 87' lang='lat' dir='ltr'>et</span> <span class='ocrx_word' id='word_1_185' title='bbox 347 2435 523 2478; x_wconf 90' lang='lat' dir='ltr'>corpora</span> <span class='ocrx_word' id='word_1_186' title='bbox 553 2434 703 2475; x_wconf 88' lang='lat' dir='ltr'>magno</span> <span class='ocrx_word' id='word_1_187' title='bbox 734 2421 799 2461; x_wconf 88' lang='lat' dir='ltr'>hic</span> <span class='ocrx_word' id='word_1_188' title='bbox 832 2434 957 2475; x_wconf 90' lang='lat' dir='ltr'>opere</span> <span class='ocrx_word' id='word_1_189' title='bbox 994 2419 1235 2460; x_wconf 88' lang='lat' dir='ltr'>miraretur:</span> <span class='ocrx_word' id='word_1_190' title='bbox 1287 2420 1469 2467; x_wconf 80' lang='lat' dir='ltr'>Horum,</span> <span class='ocrx_word' id='word_1_191' title='bbox 1516 2421 1706 2475; x_wconf 89' lang='lat' dir='ltr'>inquiunt</span> <span class='ocrx_word' id='word_1_192' title='bbox 1747 2419 1825 2467; x_wconf 89' lang='lat' dir='ltr'>illi,</span> <span class='ocrx_word' id='word_1_193' title='bbox 1871 2431 2037 2460; x_wconf 89' lang='lat' dir='ltr'>sorores</span> 
     </span>
     <span class='ocr_line' id='line_1_26' title="bbox 225 2479 2036 2539; baseline -0.003 -14"><span class='ocrx_word' id='word_1_194' title='bbox 225 2500 262 2526; x_wconf 79' lang='lat'>20</span> <span class='ocrx_word' id='word_1_195' title='bbox 277 2489 370 2526; x_wconf 88' lang='lat' dir='ltr'>sunt</span> <span class='ocrx_word' id='word_1_196' title='bbox 399 2485 509 2539; x_wconf 91' lang='lat' dir='ltr'>apud</span> <span class='ocrx_word' id='word_1_197' title='bbox 537 2497 614 2524; x_wconf 88' lang='lat' dir='ltr'>nos</span> <span class='ocrx_word' id='word_1_198' title='bbox 644 2482 842 2537; x_wconf 82' lang='lat' dir='ltr'>virgines.</span> <span class='ocrx_word' id='word_1_199' title='bbox 906 2483 1066 2531; x_wconf 90' lang='lat' dir='ltr'>Quare,</span> <span class='ocrx_word' id='word_1_200' title='bbox 1115 2495 1195 2537; x_wconf 91' lang='lat' dir='ltr'>qua</span> <span class='ocrx_word' id='word_1_201' title='bbox 1234 2482 1316 2522; x_wconf 91' lang='lat' dir='ltr'>sint</span> <span class='ocrx_word' id='word_1_202' title='bbox 1344 2481 1438 2523; x_wconf 90' lang='lat' dir='ltr'>illae</span> <span class='ocrx_word' id='word_1_203' title='bbox 1470 2481 1693 2535; x_wconf 84' lang='lat' dir='ltr'>dignitate,</span> <span class='ocrx_word' id='word_1_204' title='bbox 1741 2488 1859 2536; x_wconf 91' lang='lat' dir='ltr'>potes</span> <span class='ocrx_word' id='word_1_205' title='bbox 1891 2495 1943 2521; x_wconf 88' lang='lat' dir='ltr'>ex</span> <span class='ocrx_word' id='word_1_206' title='bbox 1975 2479 2036 2520; x_wconf 89' lang='lat' dir='ltr'>his</span> 
     </span>
     <span class='ocr_line' id='line_1_27' title="bbox 277 2541 2038 2602; baseline -0.002 -15"><span class='ocrx_word' id='word_1_207' title='bbox 277 2546 493 2602; x_wconf 88' lang='lat' dir='ltr'>suspicari.</span> <span class='ocrx_word' id='word_1_208' title='bbox 554 2546 756 2586; x_wconf 87' lang='lat' dir='ltr'>Praebete</span> <span class='ocrx_word' id='word_1_209' title='bbox 787 2544 911 2599; x_wconf 87' lang='lat' dir='ltr'>igitur</span> <span class='ocrx_word' id='word_1_210' title='bbox 941 2545 1064 2592; x_wconf 89' lang='lat' dir='ltr'>mihi,</span> <span class='ocrx_word' id='word_1_211' title='bbox 1097 2558 1273 2599; x_wconf 89' lang='lat' dir='ltr'>quaeso,</span> <span class='ocrx_word' id='word_1_212' title='bbox 1306 2544 1455 2600; x_wconf 85' lang='lat' dir='ltr'>inquit,</span> <span class='ocrx_word' id='word_1_213' title='bbox 1492 2559 1545 2585; x_wconf 79' lang='lat' dir='ltr'>ex</span> <span class='ocrx_word' id='word_1_214' title='bbox 1576 2544 1663 2585; x_wconf 86' lang='lat' dir='ltr'>istis</span> <span class='ocrx_word' id='word_1_215' title='bbox 1694 2543 1923 2598; x_wconf 82' lang='lat' dir='ltr'>virginibus</span> <span class='ocrx_word' id='word_1_216' title='bbox 1952 2541 2038 2582; x_wconf 86' lang='lat' dir='ltr'>for-</span> 
     </span>
     <span class='ocr_line' id='line_1_28' title="bbox 275 2603 2037 2662; baseline -0.003 -11"><span class='ocrx_word' id='word_1_217' title='bbox 275 2609 555 2657; x_wconf 91' lang='lat' dir='ltr'>mosissimas,</span> <span class='ocrx_word' id='word_1_218' title='bbox 609 2610 705 2649; x_wconf 90' lang='lat' dir='ltr'>dum</span> <span class='ocrx_word' id='word_1_219' title='bbox 746 2607 872 2662; x_wconf 87' lang='lat' dir='ltr'>pingo</span> <span class='ocrx_word' id='word_1_220' title='bbox 911 2606 977 2655; x_wconf 89' lang='lat' dir='ltr'>id,</span> <span class='ocrx_word' id='word_1_221' title='bbox 1030 2606 1141 2662; x_wconf 89' lang='lat' dir='ltr'>quod</span> <span class='ocrx_word' id='word_1_222' title='bbox 1170 2606 1379 2662; x_wconf 88' lang='lat' dir='ltr'>pollicitus</span> <span class='ocrx_word' id='word_1_223' title='bbox 1410 2620 1498 2648; x_wconf 91' lang='lat' dir='ltr'>sum</span> <span class='ocrx_word' id='word_1_224' title='bbox 1530 2607 1674 2655; x_wconf 87' lang='lat' dir='ltr'>vobis,</span> <span class='ocrx_word' id='word_1_225' title='bbox 1727 2611 1773 2647; x_wconf 88' lang='lat' dir='ltr'>ut</span> <span class='ocrx_word' id='word_1_226' title='bbox 1803 2610 1961 2646; x_wconf 89' lang='lat' dir='ltr'>mutum</span> <span class='ocrx_word' id='word_1_227' title='bbox 1993 2603 2037 2645; x_wconf 91' lang='lat' dir='ltr'>in</span> 
     </span>
     <span class='ocr_line' id='line_1_29' title="bbox 277 2665 2035 2724; baseline -0.005 -9"><span class='ocrx_word' id='word_1_228' title='bbox 277 2672 542 2715; x_wconf 84' lang='lat' dir='ltr'>simulacrum</span> <span class='ocrx_word' id='word_1_229' title='bbox 574 2686 626 2712; x_wconf 84' lang='lat' dir='ltr'>ex</span> <span class='ocrx_word' id='word_1_230' title='bbox 657 2669 825 2712; x_wconf 88' lang='lat' dir='ltr'>animali</span> <span class='ocrx_word' id='word_1_231' title='bbox 854 2668 1046 2724; x_wconf 88' lang='lat' dir='ltr'>exemplo</span> <span class='ocrx_word' id='word_1_232' title='bbox 1078 2668 1229 2710; x_wconf 82' lang='lat' dir='ltr'>veritas</span> <span class='ocrx_word' id='word_1_233' title='bbox 1262 2670 1549 2710; x_wconf 84' lang='lat' dir='ltr'>transferatur.</span> <span class='ocrx_word' id='word_1_234' title='bbox 1611 2672 1651 2710; x_wconf 88' lang='lat'>3.</span> <span class='ocrx_word' id='word_1_235' title='bbox 1685 2670 1787 2708; x_wconf 92' lang='lat' dir='ltr'>Tum</span> <span class='ocrx_word' id='word_1_236' title='bbox 1819 2665 2035 2709; x_wconf 88' lang='lat' dir='ltr'>Crotonia-</span> 
     </span>
     <span class='ocr_line' id='line_1_30' title="bbox 276 2728 2033 2790; baseline -0.004 -14"><span class='ocrx_word' id='word_1_237' title='bbox 276 2740 342 2776; x_wconf 91' lang='lat' dir='ltr'>tae</span> <span class='ocrx_word' id='word_1_238' title='bbox 372 2733 537 2790; x_wconf 90' lang='lat' dir='ltr'>publico</span> <span class='ocrx_word' id='word_1_239' title='bbox 568 2735 619 2774; x_wconf 91' lang='lat' dir='ltr'>de</span> <span class='ocrx_word' id='word_1_240' title='bbox 650 2731 824 2774; x_wconf 91' lang='lat' dir='ltr'>consilio</span> <span class='ocrx_word' id='word_1_241' title='bbox 854 2731 1037 2786; x_wconf 86' lang='lat' dir='ltr'>virgines</span> <span class='ocrx_word' id='word_1_242' title='bbox 1067 2746 1196 2773; x_wconf 91' lang='lat' dir='ltr'>unum</span> <span class='ocrx_word' id='word_1_243' title='bbox 1227 2730 1269 2772; x_wconf 94' lang='lat' dir='ltr'>in</span> <span class='ocrx_word' id='word_1_244' title='bbox 1311 2731 1450 2773; x_wconf 89' lang='lat' dir='ltr'>locum</span> <span class='ocrx_word' id='word_1_245' title='bbox 1481 2730 1772 2773; x_wconf 83' lang='lat' dir='ltr'>conduxerunt</span> <span class='ocrx_word' id='word_1_246' title='bbox 1802 2735 1842 2771; x_wconf 90' lang='lat' dir='ltr'>et</span> <span class='ocrx_word' id='word_1_247' title='bbox 1870 2728 2033 2784; x_wconf 88' lang='lat' dir='ltr'>pictori,</span> 
     </span>
     <span class='ocr_line' id='line_1_31' title="bbox 227 2792 2032 2852; baseline -0.003 -14"><span class='ocrx_word' id='word_1_248' title='bbox 227 2811 263 2838; x_wconf 78' lang='lat'>2⁵</span> <span class='ocrx_word' id='word_1_249' title='bbox 279 2811 401 2852; x_wconf 88' lang='lat' dir='ltr'>quam</span> <span class='ocrx_word' id='word_1_250' title='bbox 432 2796 576 2843; x_wconf 88' lang='lat' dir='ltr'>vellet,</span> <span class='ocrx_word' id='word_1_251' title='bbox 617 2794 794 2851; x_wconf 84' lang='lat' dir='ltr'>eligendi</span> <span class='ocrx_word' id='word_1_252' title='bbox 824 2801 1069 2850; x_wconf 86' lang='lat' dir='ltr'>potestatem</span> <span class='ocrx_word' id='word_1_253' title='bbox 1101 2794 1319 2835; x_wconf 90' lang='lat' dir='ltr'>dederunt.</span> <span class='ocrx_word' id='word_1_254' title='bbox 1381 2794 1453 2835; x_wconf 93' lang='lat' dir='ltr'>Ille</span> <span class='ocrx_word' id='word_1_255' title='bbox 1484 2800 1619 2835; x_wconf 88' lang='lat' dir='ltr'>autem</span> <span class='ocrx_word' id='word_1_256' title='bbox 1652 2793 1833 2847; x_wconf 91' lang='lat' dir='ltr'>quinque</span> <span class='ocrx_word' id='word_1_257' title='bbox 1863 2792 2032 2846; x_wconf 87' lang='lat' dir='ltr'>delegit;</span> 
     </span>
     <span class='ocr_line' id='line_1_32' title="bbox 278 2855 2036 2914; baseline -0.003 -14"><span class='ocrx_word' id='word_1_258' title='bbox 278 2873 451 2914; x_wconf 88' lang='lat' dir='ltr'>quarum</span> <span class='ocrx_word' id='word_1_259' title='bbox 482 2860 650 2901; x_wconf 88' lang='lat' dir='ltr'>nomina</span> <span class='ocrx_word' id='word_1_260' title='bbox 681 2857 798 2900; x_wconf 88' lang='lat' dir='ltr'>multi</span> <span class='ocrx_word' id='word_1_261' title='bbox 828 2864 974 2913; x_wconf 80' lang='lat' dir='ltr'>po&#39;etae</span> <span class='ocrx_word' id='word_1_262' title='bbox 1005 2859 1231 2898; x_wconf 87' lang='lat' dir='ltr'>memoriae</span> <span class='ocrx_word' id='word_1_263' title='bbox 1270 2857 1568 2910; x_wconf 87' lang='lat' dir='ltr'>prodiderunt,</span> <span class='ocrx_word' id='word_1_264' title='bbox 1617 2855 1730 2910; x_wconf 89' lang='lat' dir='ltr'>quod</span> <span class='ocrx_word' id='word_1_265' title='bbox 1771 2858 1859 2897; x_wconf 89' lang='lat' dir='ltr'>eius</span> <span class='ocrx_word' id='word_1_266' title='bbox 1898 2860 2036 2896; x_wconf 88' lang='lat' dir='ltr'>essent</span> 
     </span>
     <span class='ocr_line' id='line_1_33' title="bbox 277 2917 2033 2977; baseline -0.002 -15"><span class='ocrx_word' id='word_1_267' title='bbox 277 2921 431 2964; x_wconf 91' lang='lat' dir='ltr'>iudicio</span> <span class='ocrx_word' id='word_1_268' title='bbox 461 2925 682 2977; x_wconf 87' lang='lat' dir='ltr'>probatae,</span> <span class='ocrx_word' id='word_1_269' title='bbox 717 2920 787 2977; x_wconf 91' lang='lat' dir='ltr'>qui</span> <span class='ocrx_word' id='word_1_270' title='bbox 809 2920 1125 2976; x_wconf 86' lang='lat' dir='ltr'>pulchritudinis</span> <span class='ocrx_word' id='word_1_271' title='bbox 1156 2922 1312 2961; x_wconf 90' lang='lat' dir='ltr'>habere</span> <span class='ocrx_word' id='word_1_272' title='bbox 1342 2921 1603 2961; x_wconf 80' lang='lat' dir='ltr'>verissimum</span> <span class='ocrx_word' id='word_1_273' title='bbox 1635 2918 1835 2960; x_wconf 91' lang='lat' dir='ltr'>iudicium</span> <span class='ocrx_word' id='word_1_274' title='bbox 1867 2917 2033 2960; x_wconf 88' lang='lat' dir='ltr'>debuis-</span> 
     </span>
     <span class='ocr_line' id='line_1_34' title="bbox 278 2981 2035 3040; baseline -0.001 -16"><span class='ocrx_word' id='word_1_275' title='bbox 278 2990 355 3025; x_wconf 88' lang='lat' dir='ltr'>set.</span> <span class='ocrx_word' id='word_1_276' title='bbox 414 2987 556 3040; x_wconf 90' lang='lat' dir='ltr'>Neque</span> <span class='ocrx_word' id='word_1_277' title='bbox 587 2984 693 3026; x_wconf 90' lang='lat' dir='ltr'>enim</span> <span class='ocrx_word' id='word_1_278' title='bbox 725 2983 881 3040; x_wconf 90' lang='lat' dir='ltr'>putavit</span> <span class='ocrx_word' id='word_1_279' title='bbox 911 2985 1066 3032; x_wconf 88' lang='lat' dir='ltr'>omnia,</span> <span class='ocrx_word' id='word_1_280' title='bbox 1099 2998 1205 3039; x_wconf 88' lang='lat' dir='ltr'>quae</span> <span class='ocrx_word' id='word_1_281' title='bbox 1225 2988 1456 3040; x_wconf 76' lang='lat' dir='ltr'>quaereret</span> <span class='ocrx_word' id='word_1_282' title='bbox 1485 2981 1536 3023; x_wconf 90' lang='lat' dir='ltr'>ad</span> <span class='ocrx_word' id='word_1_283' title='bbox 1567 2988 1847 3031; x_wconf 89' lang='lat' dir='ltr'>venustatem,</span> <span class='ocrx_word' id='word_1_284' title='bbox 1879 2982 1921 3023; x_wconf 91' lang='lat' dir='ltr'>in</span> <span class='ocrx_word' id='word_1_285' title='bbox 1943 2994 2035 3023; x_wconf 88' lang='lat' dir='ltr'>cor-</span> 
     </span>
    </p>
   </div>
   <div class='ocr_carea' id='block_1_5' title="bbox 279 3125 2035 3408">
    <p class='ocr_par' dir='ltr' id='par_1_5' title="bbox 279 3125 2035 3408">
     <span class='ocr_line' id='line_1_35' title="bbox 371 3125 2033 3172; baseline -0.002 -8"><span class='ocrx_word' id='word_1_286' title='bbox 371 3132 405 3164; x_wconf 78' lang='lat'>2.</span> <span class='ocrx_word' id='word_1_287' title='bbox 433 3140 509 3163; x_wconf 83' lang='lat' dir='ltr'>cum</span> <span class='ocrx_word' id='word_1_288' title='bbox 531 3133 705 3172; x_wconf 78' lang='lat' dir='ltr'>imprimis</span> <span class='ocrx_word' id='word_1_289' title='bbox 730 3131 813 3168; x_wconf 81' lang='lat' dir='ltr'>VR,</span> <span class='ocrx_word' id='word_1_290' title='bbox 843 3131 966 3166; x_wconf 83' lang='lat' dir='ltr'>Graev.</span> <span class='ocrx_word' id='word_1_291' title='bbox 997 3148 1037 3155; x_wconf 91' lang='lat'><em>-</em></span> <span class='ocrx_word' id='word_1_292' title='bbox 1073 3131 1107 3163; x_wconf 88' lang='grc'>8.</span> <span class='ocrx_word' id='word_1_293' title='bbox 1133 3131 1280 3171; x_wconf 65' lang='lat' dir='ltr'>pingere</span> <span class='ocrx_word' id='word_1_294' title='bbox 1304 3139 1338 3162; x_wconf 80' lang='lat' dir='ltr'>sc</span> <span class='ocrx_word' id='word_1_295' title='bbox 1363 3129 1479 3161; x_wconf 84' lang='lat' dir='ltr'>ART:</span> <span class='ocrx_word' id='word_1_296' title='bbox 1515 3139 1549 3162; x_wconf 84' lang='lat' dir='ltr'>se</span> <span class='ocrx_word' id='word_1_297' title='bbox 1570 3131 1717 3171; x_wconf 68' lang='lat' dir='ltr'>pinyere</span> <span class='ocrx_word' id='word_1_298' title='bbox 1742 3129 1782 3162; x_wconf 91' lang='lat' dir='ltr'>E.</span> <span class='ocrx_word' id='word_1_299' title='bbox 1812 3126 1894 3170; x_wconf 85' lang='lat' dir='ltr'>(om.</span> <span class='ocrx_word' id='word_1_300' title='bbox 1919 3136 1954 3160; x_wconf 77' lang='lat' dir='ltr'>se</span> <span class='ocrx_word' id='word_1_301' title='bbox 1977 3125 2033 3168; x_wconf 88' lang='lat' dir='ltr'>P.)</span> 
     </span>
     <span class='ocr_line' id='line_1_36' title="bbox 279 3175 2035 3221; baseline -0.001 -13"><span class='ocrx_word' id='word_1_302' title='bbox 279 3191 325 3198; x_wconf 91' lang='lat'>—-</span> <span class='ocrx_word' id='word_1_303' title='bbox 351 3178 406 3209; x_wconf 85' lang='lat'>18.</span> <span class='ocrx_word' id='word_1_304' title='bbox 433 3178 535 3209; x_wconf 79' lang='lat' dir='ltr'>laude</span> <span class='ocrx_word' id='word_1_305' title='bbox 558 3181 715 3211; x_wconf 68' lang='lat' dir='ltr'>maxima</span> <span class='ocrx_word' id='word_1_306' title='bbox 740 3179 886 3211; x_wconf 59' lang='lat' dir='ltr'><strong>PART:</strong></span> <span class='ocrx_word' id='word_1_307' title='bbox 913 3179 1072 3211; x_wconf 64' lang='lat' dir='ltr'>maxima</span> <span class='ocrx_word' id='word_1_308' title='bbox 1097 3178 1199 3221; x_wconf 72' lang='lat' dir='ltr'>lqude</span> <span class='ocrx_word' id='word_1_309' title='bbox 1226 3177 1265 3208; x_wconf 88' lang='lat' dir='ltr'>E.</span> <span class='ocrx_word' id='word_1_310' title='bbox 1295 3193 1334 3199; x_wconf 89' lang='lat'>—-</span> <span class='ocrx_word' id='word_1_311' title='bbox 1367 3178 1421 3209; x_wconf 73' lang='lat'>19.</span> <span class='ocrx_word' id='word_1_312' title='bbox 1449 3186 1574 3219; x_wconf 72' lang='lat' dir='ltr'>mayno</span> <span class='ocrx_word' id='word_1_313' title='bbox 1602 3186 1702 3217; x_wconf 79' lang='lat' dir='ltr'>opere</span> <span class='ocrx_word' id='word_1_314' title='bbox 1726 3177 1780 3208; x_wconf 80' lang='lat' dir='ltr'>hic</span> <span class='ocrx_word' id='word_1_315' title='bbox 1805 3175 1877 3208; x_wconf 83' lang='lat' dir='ltr'>AT.</span> <span class='ocrx_word' id='word_1_316' title='bbox 1907 3190 1946 3198; x_wconf 91' lang='lat'><em>-</em></span> <span class='ocrx_word' id='word_1_317' title='bbox 1980 3175 2035 3207; x_wconf 78' lang='lat' dir='ltr'>illi</span> 
     </span>
     <span class='ocr_line' id='line_1_37' title="bbox 281 3223 2034 3268; baseline -0.006 -6"><span class='ocrx_word' id='word_1_318' title='bbox 281 3232 349 3254; x_wconf 80' lang='lat'><strong>0¹¹¹·</strong></span> <span class='ocrx_word' id='word_1_319' title='bbox 377 3224 430 3261; x_wconf 75' lang='lat' dir='ltr'>A.</span> <span class='ocrx_word' id='word_1_320' title='bbox 458 3228 497 3255; x_wconf 84' lang='lat' dir='ltr'>ut</span> <span class='ocrx_word' id='word_1_321' title='bbox 522 3224 644 3259; x_wconf 84' lang='lat' dir='ltr'>Graev.</span> <span class='ocrx_word' id='word_1_322' title='bbox 675 3243 714 3247; x_wconf 95' lang='lat'><strong>—</strong></span> <span class='ocrx_word' id='word_1_323' title='bbox 741 3227 798 3258; x_wconf 77' lang='lat'>20.</span> <span class='ocrx_word' id='word_1_324' title='bbox 827 3235 913 3268; x_wconf 85' lang='lat' dir='ltr'>quae</span> <span class='ocrx_word' id='word_1_325' title='bbox 938 3226 1019 3257; x_wconf 82' lang='lat' dir='ltr'>Ern.</span> <span class='ocrx_word' id='word_1_326' title='bbox 1049 3234 1189 3265; x_wconf 85' lang='lat' dir='ltr'>operae.</span> <span class='ocrx_word' id='word_1_327' title='bbox 1220 3241 1257 3247; x_wconf 93' lang='grc'>--</span> <span class='ocrx_word' id='word_1_328' title='bbox 1285 3224 1342 3255; x_wconf 76' lang='lat'>23.</span> <span class='ocrx_word' id='word_1_329' title='bbox 1373 3224 1468 3256; x_wconf 89' lang='lat' dir='ltr'>Tunc</span> <span class='ocrx_word' id='word_1_330' title='bbox 1493 3224 1605 3262; x_wconf 74' lang='lat' dir='ltr'>ART,</span> <span class='ocrx_word' id='word_1_331' title='bbox 1634 3224 1758 3256; x_wconf 86' lang='lat' dir='ltr'>Graev.</span> <span class='ocrx_word' id='word_1_332' title='bbox 1780 3239 1819 3246; x_wconf 93' lang='lat'>—-</span> <span class='ocrx_word' id='word_1_333' title='bbox 1846 3223 1903 3254; x_wconf 79' lang='lat'>25.</span> <span class='ocrx_word' id='word_1_334' title='bbox 1929 3230 2034 3262; x_wconf 82' lang='lat' dir='ltr'>quam</span> 
     </span>
     <span class='ocr_line' id='line_1_38' title="bbox 279 3268 2035 3314; baseline -0.001 -13"><span class='ocrx_word' id='word_1_335' title='bbox 279 3269 390 3301; x_wconf 70' lang='lat' dir='ltr'>PAT:</span> <span class='ocrx_word' id='word_1_336' title='bbox 415 3280 500 3311; x_wconf 84' lang='lat' dir='ltr'>quas</span> <span class='ocrx_word' id='word_1_337' title='bbox 524 3272 597 3304; x_wconf 86' lang='lat' dir='ltr'>RE.</span> <span class='ocrx_word' id='word_1_338' title='bbox 650 3272 840 3314; x_wconf 82' lang='lat' dir='ltr'>Singularis</span> <span class='ocrx_word' id='word_1_339' title='bbox 867 3274 1060 3312; x_wconf 71' lang='lat' dir='ltr'>requiritur</span> <span class='ocrx_word' id='word_1_340' title='bbox 1085 3271 1128 3303; x_wconf 86' lang='lat' dir='ltr'>ob</span> <span class='ocrx_word' id='word_1_341' title='bbox 1154 3281 1185 3304; x_wconf 89' lang='lat' dir='ltr'>v.</span> <span class='ocrx_word' id='word_1_342' title='bbox 1212 3274 1339 3302; x_wconf 80' lang='lat' dir='ltr'>autem.</span> <span class='ocrx_word' id='word_1_343' title='bbox 1368 3271 1435 3304; x_wconf 79' lang='lat' dir='ltr'>On.</span> <span class='ocrx_word' id='word_1_344' title='bbox 1464 3289 1506 3294; x_wconf 97' lang='lat'><strong>—</strong></span> <span class='ocrx_word' id='word_1_345' title='bbox 1542 3271 1598 3303; x_wconf 81' lang='lat'>26.</span> <span class='ocrx_word' id='word_1_346' title='bbox 1620 3269 1856 3311; x_wconf 78' lang='lat' dir='ltr'>prodiderunt</span> <span class='ocrx_word' id='word_1_347' title='bbox 1880 3268 1972 3300; x_wconf 78' lang='lat' dir='ltr'>ART</span> <span class='ocrx_word' id='word_1_348' title='bbox 1998 3272 2035 3301; x_wconf 86' lang='lat' dir='ltr'>et</span> 
     </span>
     <span class='ocr_line' id='line_1_39' title="bbox 281 3315 2034 3359; baseline 0 -12"><span class='ocrx_word' id='word_1_349' title='bbox 281 3325 333 3356; x_wconf 89' lang='lat' dir='ltr'>pr.</span> <span class='ocrx_word' id='word_1_350' title='bbox 360 3317 406 3348; x_wconf 88' lang='lat' dir='ltr'>P:</span> <span class='ocrx_word' id='word_1_351' title='bbox 435 3317 656 3349; x_wconf 71' lang='lat' dir='ltr'>tradiderunt</span> <span class='ocrx_word' id='word_1_352' title='bbox 682 3321 707 3351; x_wconf 88' lang='lat' dir='ltr'>E</span> <span class='ocrx_word' id='word_1_353' title='bbox 736 3326 769 3352; x_wconf 88' lang='lat' dir='ltr'>et</span> <span class='ocrx_word' id='word_1_354' title='bbox 796 3328 884 3352; x_wconf 86' lang='lat' dir='ltr'>corr.</span> <span class='ocrx_word' id='word_1_355' title='bbox 912 3320 950 3352; x_wconf 93' lang='lat' dir='ltr'>P.</span> <span class='ocrx_word' id='word_1_356' title='bbox 981 3337 1018 3342; x_wconf 92' lang='lat'>—</span> <span class='ocrx_word' id='word_1_357' title='bbox 1047 3319 1105 3350; x_wconf 79' lang='lat'>27.</span> <span class='ocrx_word' id='word_1_358' title='bbox 1133 3317 1377 3357; x_wconf 80' lang='lat' dir='ltr'>comprobatae</span> <span class='ocrx_word' id='word_1_359' title='bbox 1403 3319 1454 3354; x_wconf 88' lang='lat' dir='ltr'>R,</span> <span class='ocrx_word' id='word_1_360' title='bbox 1482 3319 1522 3352; x_wconf 85' lang='lat' dir='ltr'>L.</span> <span class='ocrx_word' id='word_1_361' title='bbox 1553 3334 1590 3340; x_wconf 96' lang='lat'><strong>—</strong></span> <span class='ocrx_word' id='word_1_362' title='bbox 1614 3316 1884 3359; x_wconf 79' lang='lat' dir='ltr'>pulchritudinis</span> <span class='ocrx_word' id='word_1_363' title='bbox 1909 3315 2034 3348; x_wconf 79' lang='lat' dir='ltr'>habere</span> 
     </span>
     <span class='ocr_line' id='line_1_40' title="bbox 279 3363 1412 3408; baseline 0.005 -14"><span class='ocrx_word' id='word_1_364' title='bbox 279 3363 498 3396; x_wconf 78' lang='lat' dir='ltr'>verissimum</span> <span class='ocrx_word' id='word_1_365' title='bbox 521 3364 663 3398; x_wconf 69' lang='lat' dir='ltr'>PART:</span> <span class='ocrx_word' id='word_1_366' title='bbox 690 3368 905 3400; x_wconf 75' lang='lat' dir='ltr'>verissimum</span> <span class='ocrx_word' id='word_1_367' title='bbox 928 3365 1197 3408; x_wconf 76' lang='lat' dir='ltr'>pulchritudinis</span> <span class='ocrx_word' id='word_1_368' title='bbox 1222 3364 1345 3398; x_wconf 82' lang='lat' dir='ltr'>habere</span> <span class='ocrx_word' id='word_1_369' title='bbox 1371 3366 1412 3400; x_wconf 87' lang='grc' dir='ltr'>Ε.</span> 
     </span>
    </p>
   </div>
  </div>
 </body>
</html>
