2117 3762
234 271 318 312 392
1014 263 1212 306 BRUTUS

234 377 426 423 Dicebat,
458 374 651 429 inquam,
683 370 761 412 ita:
792 369 866 411 sed
887 372 929 410 et
958 367 1047 422 ipse
1078 371 1245 411 errabat
1274 374 1315 412 et
1344 370 1447 411 alios
1479 368 1601 411 etiam
1632 382 1774 411 errare
1806 370 1993 427 cogebat.

235 442 338 481 Nam
369 440 404 480 si
435 438 527 492 quis
558 448 653 483 eos,
706 432 777 487 qui
814 445 892 473 nec
922 433 1061 484 inepte
1093 431 1233 473 dicunt
1261 446 1337 474 nec
1369 434 1513 474 odiose
1544 445 1621 473 nec
1650 433 1816 487 putide,
1866 434 2000 476 Attice

234 506 352 558 putat
380 502 542 547 dicere,
585 499 620 538 is
649 501 760 537 recte
789 494 872 536 nisi
900 495 1081 536 Atticum
1110 496 1263 547 probat
1290 496 1515 536 neminem.
1576 494 1854 536 Insulsitatem
1885 496 1994 538 enim

237 570 278 606 et
315 561 577 604 insolentiam
621 564 833 613 tamquam
869 556 1073 599 insaniam
1117 559 1322 612 quandam
1371 555 1571 600 orationis
1618 555 1729 598 odit:
1781 557 1999 600 sanitatem

207 630 375 667 sautem
406 628 447 664 et
475 620 754 675 integritatem
794 620 912 675 quasi
950 619 1198 673 religionem
1231 624 1271 660 et
1298 621 1590 662 verecundiam
1622 621 1801 662 oratoris
1829 623 1995 677 probat.

237 690 350 729 Haec
389 685 573 727 omnium
616 682 743 724 debet
780 687 995 724 oratorum
1033 683 1180 723 eadem
1220 694 1310 722 esse
1342 683 1560 724 sententia.
1620 684 1716 725 285.
1760 682 1832 724 Sin
1862 688 2000 725 autem

235 748 493 791 ieiunitatem
523 750 564 787 et
594 744 821 787 siccitatem
852 749 894 786 et
923 743 1132 800 inopiam,
1172 745 1397 785 dummodo
1428 744 1481 786 sit
1509 745 1661 800 polita,
1695 743 1793 787 dum
1824 747 1998 795 urbana,

237 811 334 853 dum
367 810 554 864 elegans,
583 807 627 849 in
656 807 792 849 Attico
824 820 978 862 genere
1008 807 1153 862 ponit,
1188 805 1268 847 hoc
1298 810 1411 847 recte
1433 808 1664 850 dumtaxat:
1697 806 1770 849 sed
1790 809 1886 862 quia
1907 813 2002 850 sunt

238 876 282 915 in
310 871 455 914 Atticis
485 870 565 912 alia
593 870 791 920 meliora,
837 872 996 917 videat,
1041 883 1093 910 ne
1123 869 1291 924 ignoret
1321 873 1363 909 et
1393 871 1544 922 gradus
1575 875 1616 911 et
1647 869 2002 912 dissimilitudines

186 952 223 977 10
239 941 278 977 et
315 936 400 977 vim
437 938 478 974 et
516 933 758 976 varietatem
798 934 1044 974 Atticorum.
1081 955 1136 962 —
1180 932 1359 979 Atticos,
1406 933 1556 986 inquit,
1604 935 1700 975 volo
1743 933 1912 975 imitari.
1946 957 2001 965 -

238 1000 382 1048 Quos?
430 1010 507 1037 nec
547 995 658 1037 enim
697 1000 759 1037 est
798 1009 926 1037 unum
966 1008 1109 1050 genus.
1167 996 1271 1034 Nam
1312 992 1411 1049 quid
1445 999 1506 1034 est
1535 1000 1617 1035 tam
1647 995 1843 1037 dissimile
1879 1010 2002 1052 quam

234 1057 537 1102 Demosthenes
569 1064 610 1098 et
637 1060 810 1113 Lysias?
841 1072 964 1114 quam
993 1059 1119 1098 iidem
1152 1061 1192 1098 et
1212 1056 1472 1112 Hyperides?
1503 1070 1626 1112 quam
1646 1059 1796 1100 horum
1818 1058 2003 1100 omnium

235 1120 490 1164 Aeschines?
542 1121 677 1170 Quem
716 1122 843 1175 igitur
879 1121 1081 1162 imitaris?
1134 1120 1175 1160 Si
1207 1119 1413 1175 aliquem,
1461 1119 1589 1160 ceteri
1620 1133 1721 1174 ergo
1752 1122 1886 1162 Attice
1917 1136 2003 1162 non

237 1186 455 1226 dicebant:
503 1182 538 1224 si
567 1196 734 1232 omnes,
775 1185 846 1239 qui
878 1189 1019 1237 potes,
1051 1197 1145 1223 cum
1176 1181 1256 1223 sint
1287 1181 1364 1236 ipsi
1397 1180 1660 1222 dissimillimi
1690 1183 1800 1224 inter
1831 1187 1906 1225 se‘?
1956 1185 2004 1224 In

186 1262 222 1288 15
238 1261 322 1304 quo
351 1244 454 1288 illud
484 1246 608 1286 etiam
638 1259 817 1302 quaero,
849 1245 1075 1287 Phalereus
1100 1244 1169 1286 ille
1190 1243 1428 1285 Demetrius
1457 1245 1644 1285 Atticene
1675 1243 1840 1287 dixerit.
1901 1246 2003 1287 Mihi

237 1310 407 1365 quidem
438 1321 491 1349 ex
521 1307 632 1350 illius
663 1307 922 1350 orationibus
952 1307 1145 1349 redolere
1175 1308 1289 1362 ipsae
1320 1308 1504 1348 Athenae
1534 1306 1744 1348 videntur.
1776 1331 1831 1338 —
1860 1309 1913 1349 At
1943 1314 2005 1349 est

236 1370 447 1419 floridior,
478 1374 525 1411 ut
553 1370 610 1412 ita
640 1370 795 1419 dicam,
828 1384 953 1426 quam
984 1368 1241 1425 Hyperides,
1275 1382 1397 1424 quam
1419 1370 1578 1423 Lysias.
1612 1393 1663 1399 ——
1694 1371 1850 1412 Natura
1881 1384 2006 1425 quae-

238 1440 334 1479 dam
364 1438 435 1476 aut
464 1434 656 1475 voluntas
686 1433 743 1475 ita
774 1432 939 1475 dicendi
969 1432 1060 1474 fuit.
1122 1434 1354 1473 LXXXIII.
1388 1434 1481 1476 286.
1520 1434 1570 1473 Et
1600 1433 1769 1487 quidem
1800 1432 1882 1475 duo
1913 1432 2004 1474 fue-

236 1503 337 1541 runt
375 1509 450 1551 per
487 1494 599 1537 idem
636 1501 800 1551 tempus
841 1495 1062 1537 dissimiles
1099 1496 1209 1536 inter
1245 1509 1308 1542 se,
1356 1494 1427 1536 sed
1458 1495 1581 1535 Attici
1612 1500 1774 1536 tamen:
1827 1509 2005 1549 quorum

187 1581 224 1606 20
241 1560 451 1603 Charisius
480 1557 705 1599 multarum
736 1560 1001 1607 orationum,
1050 1571 1150 1614 quas
1181 1555 1391 1599 scribebat
1421 1557 1536 1606 aliis,
1584 1570 1676 1599 cum
1708 1571 1860 1613 cupere
1890 1558 2006 1599 vide-

237 1630 353 1668 retur
381 1621 532 1663 imitari
563 1621 754 1676 Lysiam;
803 1620 1088 1664 Demochares
1120 1626 1283 1669 autem,
1331 1619 1402 1675 qui
1438 1620 1516 1661 fuit
1551 1620 1818 1662 Demostheni
1848 1620 2005 1662 sororis

237 1687 366 1735 filius,
399 1690 440 1726 et
469 1686 677 1728 orationes
707 1685 874 1740 scripsit
905 1683 1064 1738 aliquot
1094 1688 1135 1724 et
1159 1697 1301 1724 earum
1322 1697 1462 1724 rerum
1483 1683 1729 1732 historiam,
1762 1698 1868 1739 quae
1890 1688 2007 1725 erant

236 1748 408 1791 Athenis
437 1747 567 1804 ipsius
600 1752 733 1789 aetate
765 1752 930 1800 gestae,
982 1760 1068 1787 non
1107 1751 1191 1787 tam
1231 1745 1431 1786 historico
1470 1760 1592 1801 quam
1632 1747 1815 1787 oratorio
1852 1759 2005 1801 genere

235 1811 491 1868 perscripsit.
553 1816 605 1855 At
642 1809 816 1853 Charisii
856 1810 945 1852 vult
984 1810 1185 1863 Hegesias
1226 1822 1316 1850 esse
1359 1808 1521 1857 similis,
1572 1808 1690 1862 isque
1730 1821 1775 1849 se
1804 1807 1860 1849 ita
1889 1813 2007 1863 putat

186 1894 224 1920 25
237 1875 438 1924 Atticum,
477 1881 523 1917 ut
552 1887 677 1918 veros
706 1872 801 1914 illos
831 1886 932 1926 prae
964 1886 1008 1913 se
1038 1885 1172 1927 paene
1204 1874 1387 1925 agrestes
1417 1875 1548 1925 putet.
1609 1872 1703 1911 287.
1735 1873 1785 1911 At
1816 1869 1915 1925 quid
1946 1874 2008 1911 est

236 1943 321 1979 tam
363 1939 562 1987 fractum,
611 1942 695 1978 tam
733 1935 964 1983 minutum,
1012 1940 1097 1975 tam
1138 1935 1181 1974 in
1218 1934 1328 1987 ipsa,
1376 1947 1500 1987 quam
1539 1939 1676 1974 tamen
1709 1932 2004 1987 consequitur,

236 2000 512 2042 concinnitate
543 1999 734 2056 puerile?
765 2022 820 2029 —
849 1999 1083 2039 Atticorum
1115 1996 1271 2037 similes
1302 2009 1392 2037 esse
1423 1995 1629 2037 volumus.
1663 2019 1718 2025 —
1750 1995 1928 2050 Optime.
1951 2019 2005 2025 —

237 2066 392 2105 Suntne
422 2063 548 2118 igitur
577 2062 623 2104 hi
654 2062 777 2103 Attici
807 2063 1024 2102 oratores?
1056 2080 1106 2087 --
1149 2058 1251 2108 Quis
1281 2071 1434 2112 negare
1464 2061 1628 2111 potest?
1659 2081 1713 2088 —
1756 2058 1843 2097 Hos
1874 2056 2008 2098 imita-

234 2140 342 2168 mur.
383 2150 438 2157 —-
488 2128 583 2177 Quo
625 2127 775 2173 modo,
823 2124 895 2177 qui
933 2127 1029 2164 sunt
1064 2126 1105 2163 et
1139 2120 1249 2162 inter
1287 2134 1330 2161 se
1369 2121 1589 2162 dissimiles
1629 2126 1670 2162 et
1705 2120 1910 2161 aliorum?
1955 2143 2005 2150 —

186 2204 221 2230 30
236 2188 543 2245 Thucydidem,
585 2187 742 2242 inquit,
787 2185 1014 2226 imitamur.
1044 2207 1099 2214 -
1144 2183 1331 2238 Optime,
1364 2182 1397 2224 si
1428 2183 1644 2224 historiam
1675 2184 1888 2230 scribere,
1921 2195 2007 2223 non

235 2251 270 2292 si
301 2265 444 2292 causas
475 2252 617 2292 dicere
649 2247 850 2303 cogitatis,
911 2247 1173 2303 Thucydides
1214 2246 1323 2287 enim
1355 2260 1495 2287 rerum
1527 2251 1736 2299 gestarum
1765 2245 2009 2300 pronuntia-

233 2319 302 2355 tor
322 2313 508 2354 sincerus
530 2317 570 2354 et
591 2312 758 2366 grandis
789 2309 913 2351 etiam
942 2308 1045 2350 suit:
1079 2311 1159 2349 hoc
1187 2307 1373 2354 forense,
1409 2307 1782 2354 concertatorium,
1813 2307 2006 2350 iudiciale

233 2390 320 2418 non
348 2377 539 2418 tractavit
568 2388 715 2429 genus.
779 2373 999 2414 Orationes
1018 2376 1180 2419 autem,
1215 2384 1314 2425 quas
1345 2370 1594 2425 interposuit
1627 2395 1681 2401 —
1720 2370 1872 2413 multae
1895 2371 2005 2412 enim

236 2443 331 2480 sunt
350 2462 421 2488 —,
445 2452 515 2480 eas
539 2451 618 2492 ego
651 2437 822 2478 laudare
844 2435 986 2484 sole03
1020 2433 1173 2474 imitari
1193 2448 1330 2487 neque
1352 2433 1529 2488 possim,
1560 2433 1594 2474 si
1615 2433 1754 2482 velim,
1787 2447 1863 2474 nec
1881 2432 2006 2474 velim

184 2501 435 2548 adortasse,
482 2500 517 2542 si
546 2499 718 2556 possim.
777 2500 851 2546 Ut,
897 2497 932 2538 si
974 2496 1065 2551 quis
1105 2496 1281 2538 Falerno
1313 2497 1410 2550 vin-o
1444 2495 1696 2544 delectetur,
1745 2495 1817 2537 sed
1849 2509 1899 2537 eo
1930 2509 2006 2536 nec

233 2565 291 2606 ita
320 2577 456 2612 novo,
489 2569 534 2604 ut
564 2563 768 2616 proximis
800 2559 1041 2602 consulibus
1071 2564 1215 2600 natum
1244 2559 1368 2606 velit,
1400 2572 1476 2599 nec
1506 2572 1650 2600 rursus
1679 2558 1735 2599 ita
1765 2563 1930 2606 vetere,
1961 2564 2007 2600 ut

235 2625 444 2681 Opimium
476 2630 548 2667 aut
578 2626 767 2666 Anicium
798 2622 1012 2664 consulem
1043 2626 1234 2677 quaerat:
1267 2645 1321 2651 —
1352 2622 1465 2677 atqui
1494 2623 1573 2662 hae
1612 2626 1734 2662 notae
1769 2626 1864 2662 sunt
1898 2620 2007 2674 opti-

231 2702 346 2739 mae;
379 2686 529 2729 credo:
573 2690 644 2728 sed
676 2686 805 2728 nimia
834 2690 1016 2728 vetustas
1045 2698 1124 2725 nec
1153 2685 1281 2725 habet
1311 2697 1426 2732 eam,
1460 2697 1585 2738 quam
1616 2682 1878 2738 quaerimus,
1910 2695 2004 2723 sua-

232 2751 401 2793 vitatem
431 2764 509 2792 nec
542 2755 604 2792 est
632 2749 715 2791 iam
745 2762 844 2791 sane
874 2746 1125 2789 tolerabilis:
1176 2748 1273 2787 288.
1306 2760 1405 2788 num
1435 2748 1584 2801 igitur,
1618 2745 1688 2801 qui
1718 2748 1799 2786 hoc
1828 2745 2004 2793 sentiat,

182 2830 218 2855 40
235 2814 269 2854 si
310 2815 345 2854 is
375 2819 523 2867 potare
553 2812 678 2860 velit,
728 2814 778 2853 de
809 2810 921 2852 dolio
954 2810 1033 2851 sibi
1064 2808 1343 2851 hauriendum
1374 2812 1514 2864 putet?
1546 2808 1739 2855 minime,
1773 2809 1845 2848 sed
1876 2821 2005 2862 quan-

235 2878 329 2917 dam
360 2880 558 2930 sequatur
587 2879 784 2916 aetatem:
827 2896 880 2903 —
912 2874 970 2914 sic
1000 2887 1076 2926 ego
1108 2872 1196 2913 istis
1223 2870 1455 2913 censuerim
1486 2875 1526 2910 et
1554 2883 1706 2911 novam
1736 2869 1855 2910 istam
1887 2870 2003 2925 quasi

236 2940 286 2979 de
321 2937 470 2993 [musto
503 2936 564 2992 ac]
597 2937 691 2979 lacu
719 2934 924 2978 fervidam
955 2936 1185 2977 orationem
1224 2933 1461 2987 fugiendam
1493 2944 1570 2973 nec
1600 2932 1710 2973 illam
1743 2931 2003 2986 praeclaram

327 3077 361 3108 5.
388 3079 506 3108 autem
533 3085 601 3108 om.
629 3075 672 3106 R.
699 3090 743 3096 —
769 3073 826 3104 12.
853 3074 956 3105 iidem
982 3073 1011 3104 D
1039 3075 1073 3105 et
1099 3072 1187 3104 Cod.
1216 3071 1358 3103 Cuiac.:
1387 3071 1479 3102 idem
1506 3079 1585 3102 cum
1614 3072 1738 3102 ceteris
1764 3070 1838 3102 RE.
1868 3085 1909 3092 --
1945 3069 2000 3100 15.

234 3121 320 3153 illud
345 3124 451 3154 etiam
476 3123 574 3160 libri,
602 3121 632 3153 R
653 3124 688 3154 et
713 3120 834 3152 Lamb.
862 3120 988 3152 1566.:
1018 3120 1123 3150 eciam
1147 3119 1236 3150 illud
1262 3127 1340 3150 cum
1367 3117 1537 3156 Repetitt.
1566 3117 1686 3149 Lamb.
1716 3117 1754 3148 E.
1785 3133 1825 3139 —
1852 3116 1909 3147 21.
1937 3116 2003 3146 De-

232 3169 403 3199 mosthene·
431 3170 465 3200 h.
495 3171 516 3201 Ι.
544 3172 646 3202 etiam
675 3169 714 3200 E.
741 3167 848 3199 Pauci
877 3167 1054 3199 dumtaxat
1080 3166 1155 3197 libri
1183 3170 1216 3197 et
1241 3166 1271 3197 R
1298 3165 1548 3196 Demosthenis.
1577 3180 1618 3186 —
1645 3164 1702 3195 28.
1731 3163 1766 3194 hi
1792 3163 1850 3203 Lg.
1879 3162 1912 3193 8.
1942 3162 1999 3193 53.

233 3214 290 3246 56.
318 3214 376 3246 58.
403 3214 458 3246 68.
486 3217 543 3247 70.
573 3216 660 3248 Ven.
690 3216 723 3247 1.
753 3214 808 3246 R:
833 3215 860 3246 ii
885 3222 963 3245 cum
991 3214 1115 3245 ceteris
1137 3213 1176 3244 E.
1208 3229 1245 3234 —
1274 3211 1331 3243 37.
1356 3211 1420 3242 hae
1445 3211 1505 3251 Lg.
1532 3211 1565 3242 8.
1593 3211 1649 3242 39.
1683 3208 1741 3242 53.
1769 3209 1826 3241 56.
1854 3209 1910 3240 68.
1939 3208 1998 3239 70.

233 3260 400 3292 Ven.1.:
430 3270 487 3293 eae
513 3271 589 3294 cum
615 3262 693 3294 aliis
711 3261 750 3292 Ε.
774 3277 810 3283 -
838 3260 897 3293 42.
925 3260 989 3292 Vv.
1016 3264 1131 3291 musto
1171 3267 1212 3290 ac
1250 3261 1392 3290 auctore
1418 3258 1591 3289 Ellendtio
1628 3257 1846 3289 seclusimus.
1874 3254 1999 3295 (musco

232 3307 370 3340 videtur
396 3308 543 3346 primum
569 3309 672 3348 gloss.
700 3308 807 3341 ruisse
834 3318 865 3342 v.
903 3306 1009 3339 lacu:
1045 3310 1168 3346 postea
1194 3307 1363 3337 insertum
1391 3312 1468 3336 cum
1495 3309 1583 3343 part.
1612 3313 1653 3336 ac
1681 3303 1771 3341 (iibri
1797 3302 1895 3342 longe
1924 3301 2000 3340 plu-

233 3352 324 3396 rimi)
351 3354 404 3388 vel
429 3358 460 3388 et
487 3352 588 3394 (Coti.
615 3355 702 3396 Reg.
732 3352 787 3396 C).
