2117 3762
703 242 802 282 LIB.
837 240 886 282 11.
946 240 988 281 C.
1023 240 1085 281 19.
1117 240 1184 281 20.
1219 240 1286 280 21.
1816 241 1867 284 25

116 349 320 392 habenda.
381 351 492 403 Ergo
521 346 772 401 amplissima
803 351 864 387 est
895 347 1197 399 argumentatio
1230 345 1585 400 quinquepartita;
1626 343 1869 387 brevissima

117 421 178 454 est
223 414 447 468 tripartita3
499 409 744 458 mediocris,
791 408 948 451 sublata
1002 415 1071 450 aut
1121 409 1393 450 exornatione
1438 413 1508 448 aut
1556 407 1867 462 complexione,

115 474 426 532 quadripartita.

229 541 322 580 XX.
363 540 430 578 31.
490 537 582 576 Duo
627 548 778 587 genera
819 540 911 574 sunt
959 534 1200 576 vitiosarum
1244 534 1670 588 argumentationum:
1716 547 1866 582 unum,

117 601 227 658 quod
249 600 299 643 ab
319 599 553 642 adversario
576 596 823 651 reprehendi
846 604 1001 652 potest:
1034 600 1156 653 idque
1188 598 1366 650 pertinet
1387 595 1435 636 ad
1463 610 1648 637 causam:
1680 595 1867 643 alterum,
1884 609 1898 634 ⁵

117 667 228 721 quod
256 663 413 705 tametsi
445 662 706 712 nugatorium
736 666 817 707 est,
863 667 997 701 tamen
1034 674 1116 700 non
1154 660 1309 711 indiget
1348 660 1689 713 reprehensione.
1753 660 1868 708 Quae

115 730 216 774 sint,
248 740 351 782 qnae
383 724 709 778 reprehensione
739 722 940 763 confutari
968 724 1204 768 conveniat,
1237 737 1341 777 quae
1367 724 1485 762 tacite
1515 723 1721 762 contemni
1744 729 1867 776 atque

114 792 233 832 vitari
261 791 347 830 sine
386 785 735 842 reprehensione,
787 787 862 826 nisi
903 785 1092 840 exempla
1129 784 1367 830 subiet-ero,
1417 784 1645 837 intelligere
1687 784 1867 825 dilucide

114 868 198 894 non
227 851 397 907 poteris,
459 850 570 889 llaec
598 849 779 901 cognitio
816 850 1055 889 vitiosarum
1081 849 1485 901 argumentationum
1517 846 1722 901 duplicem
1758 846 1868 887 utili-

114 921 238 956 tatem
269 912 426 954 afferet.
489 914 587 952 Nam
619 917 659 951 et
688 913 815 951 vitare
847 913 885 951 in
917 912 1273 965 argumentatione
1305 911 1449 950 vitium
1475 909 1713 950 admonebit
1744 914 1785 950 et
1817 908 1868 950 ab
1884 921 1917 946 10

112 976 200 1018 aliis
230 988 313 1017 non
344 976 514 1015 vitatum
538 973 755 1014 commode
782 972 1091 1028 reprebemlere
1114 971 1294 1012 docebit.
1358 973 1562 1021 Quoniam
1586 973 1710 1025 igitur
1731 978 1870 1013 osten-

112 1041 246 1080 dimus
282 1036 507 1093 perfectam
545 1042 584 1076 et
615 1036 776 1091 plenam
812 1036 1210 1089 argumentationem
1251 1048 1302 1075 ex
1334 1036 1514 1089 quinque
1553 1037 1738 1089 partibus
1771 1050 1871 1076 con-

111 1107 238 1147 stare,
270 1101 311 1140 in
338 1113 418 1140 una
451 1113 613 1154 quaque
645 1106 759 1154 parte
791 1099 1159 1151 argumentationis
1181 1110 1286 1151 quae
1317 1098 1414 1137 vitia
1442 1097 1605 1138 vitanda
1637 1098 1738 1146 sint,
1773 1112 1872 1138 con-

111 1163 361 1210 sideremus,
395 1168 439 1203 ut
469 1169 508 1202 et
537 1162 614 1216 ipsi
645 1160 695 1202 ab
722 1163 784 1202 his
811 1163 920 1202 vitiis
958 1163 1153 1201 recedere
1177 1165 1217 1199 et
1251 1158 1583 1200 adversariorum
1611 1166 1872 1213 argumenta-

111 1227 246 1267 tiones
278 1225 354 1264 hac
380 1223 674 1278 praeceptione
704 1225 743 1264 in
781 1222 972 1264 omnibus
1007 1224 1191 1278 partibus
1234 1227 1390 1263 tentare
1429 1228 1470 1263 et
1504 1221 1554 1262 ab
1591 1223 1726 1278 aliqua
1754 1230 1868 1278 parte
1884 1232 1919 1258 1⁵

111 1288 363 1330 labefactare
394 1288 615 1341 possimus.
677 1288 744 1326 32.
776 1286 993 1340 Expositio
1036 1287 1186 1326 vitiosa
1227 1291 1308 1332 est,
1358 1298 1450 1324 cum
1493 1286 1544 1325 ab
1581 1286 1718 1340 aliqua
1747 1292 1870 1326 anta

111 1353 269 1392 maiore
300 1356 415 1405 parte
446 1350 497 1389 ad
529 1363 673 1389 omnes
704 1349 917 1389 confertur
946 1350 1010 1397 id,
1059 1350 1171 1403 quod
1201 1362 1285 1388 non
1315 1349 1551 1388 necessario
1585 1354 1647 1389 est
1677 1349 1870 1388 omnibus

111 1416 378 1461 attributum3
425 1417 471 1451 ut
501 1412 533 1451 si
566 1412 657 1466 quis
688 1412 769 1451 hoe
800 1413 926 1452 modo
959 1417 1160 1466 exponat:
1215 1412 1393 1458 Omnes,
1441 1411 1510 1466 qui
1550 1413 1590 1451 in
1629 1416 1870 1465 paupertate

111 1483 231 1524 sunt,
281 1476 440 1516 malunt
480 1474 686 1514 maleficio
725 1487 873 1528 parare
911 1476 1073 1515 divitias
1106 1488 1228 1528 quam
1260 1473 1399 1513 officio
1430 1478 1715 1528 paupertatem
1746 1474 1867 1513 tueri.

112 1543 154 1582 Si
185 1541 276 1595 quis
306 1540 386 1579 hoc
418 1540 542 1578 modo
575 1539 815 1592 exposuerit
844 1538 1271 1589 argumentationem,
1313 1540 1359 1575 ut
1389 1549 1473 1575 non
1505 1541 1622 1576 curet
1651 1550 1867 1590 quaerere,
1885 1543 1920 1568 20

112 1605 243 1659 qualis
275 1603 378 1642 ratio
409 1607 479 1641 aut
509 1601 679 1641 rationis
712 1599 969 1641 confirmatio
1001 1601 1075 1647 sit,
1110 1601 1239 1653 ipsam
1261 1599 1381 1638 facile
1414 1599 1768 1653 reprehendemus
1800 1612 1872 1637 ex-

110 1667 385 1722 positionem,
419 1677 511 1703 cum
543 1664 834 1710 ostendemus,
878 1664 943 1709 id,
984 1663 1094 1717 quod
1125 1663 1166 1701 in
1195 1662 1332 1716 aliquo
1364 1674 1546 1715 paupere
1579 1662 1770 1716 improbo
1802 1661 1867 1708 sit,

111 1731 152 1769 in
185 1742 330 1769 omnes
360 1739 562 1781 pauperes
593 1724 695 1765 falso
729 1732 769 1765 et
799 1726 949 1765 iniuria
980 1725 1175 1765 conferri.
1238 1726 1305 1764 33.
1351 1725 1453 1764 Item
1484 1725 1633 1764 vitiosa
1664 1724 1868 1778 expositio

112 1797 197 1839 est,
246 1805 339 1831 cum
371 1790 436 1836 id,
485 1789 596 1842 quod
625 1802 718 1828 raro
752 1787 815 1835 lit,
862 1787 950 1827 sieri
982 1788 1152 1827 omnino
1184 1791 1379 1839 negatur,
1422 1787 1501 1826 hoc
1533 1788 1684 1826 modo:
1737 1787 1867 1826 Nemo

111 1857 247 1909 potest
283 1866 366 1891 uno
406 1856 575 1904 aspectu
616 1863 750 1904 neque
794 1851 1048 1904 praeteriens
1090 1851 1131 1889 in
1162 1863 1347 1889 amorem
1379 1849 1577 1889 incidere.
1640 1851 1743 1888 Nam
1776 1862 1867 1888 eum
1883 1856 1917 1882 2⁵

110 1928 321 1957 nonnemo
353 1913 568 1953 devenerit
597 1912 639 1951 in
671 1925 855 1952 amorem
889 1926 969 1951 uno
991 1917 1181 1966 aspectu,
1215 1916 1255 1951 et
1287 1926 1379 1951 cum
1411 1913 1480 1952 ille
1511 1912 1720 1952 neminem
1754 1912 1869 1951 (lixe-

110 1980 165 2019 rit
195 1977 388 2023 omnino,
422 1975 525 2015 nihil
555 1974 684 2014 refert
714 1988 807 2014 raro
838 1975 879 2014 id
911 1973 1020 2022 lieri,
1053 1975 1278 2014 dummodo
1301 1975 1524 2028 aliquando
1547 1972 1634 2014 fieri
1658 1978 1727 2013 aut
1748 1987 1869 2028 posse

110 2040 200 2082 fieri
230 2039 496 2092 intelligatur.
557 2037 671 2077 XXI.
706 2038 809 2076 Item
841 2038 989 2077 vitiosa
1011 2037 1216 2091 expositio
1241 2040 1325 2083 est,
1360 2050 1453 2075 cum
1475 2050 1619 2076 omnes
1641 2050 1707 2076 res
1731 2040 1870 2076 osten-

112 2105 247 2144 dimus
286 2115 362 2142 nos
404 2100 622 2153 collegisse
660 2104 701 2139 et
729 2100 911 2154 aliquam
941 2114 1029 2139 rem
1062 2100 1256 2139 idoneam
1287 2099 1583 2152 praeterimus,
1618 2099 1697 2138 hoc
1719 2099 1866 2137 modo:

112 2165 318 2216 Quoniam
349 2164 474 2217 igitur
503 2163 716 2202 hominem
748 2162 930 2202 occisum
962 2166 1123 2201 constat
1153 2175 1264 2208 esse,
1308 2174 1479 2200 neeesse
1511 2165 1573 2200 est
1602 2165 1672 2200 aut
1700 2174 1722 2200 a
1752 2173 1871 2214 prae-
1885 2168 1920 2193 ³0

112 2228 292 2269 donibus
336 2231 406 2266 aut
445 2227 496 2266 ab
538 2225 715 2264 inimicis
762 2224 945 2264 occisum
977 2239 1068 2265 esse
1098 2228 1169 2263 aut
1198 2225 1270 2263 abs
1302 2228 1365 2270 te,
1417 2236 1539 2276 quem
1571 2223 1640 2263 ille
1673 2224 1870 2263 heredem

111 2293 358 2331 testamento
390 2303 442 2329 ex
472 2293 587 2342 parte
617 2284 810 2326 faciebat.
872 2288 1109 2327 Praedones
1139 2287 1181 2325 in
1206 2286 1278 2325 illo
1302 2285 1394 2324 loco
1416 2285 1492 2325 visi
1514 2298 1721 2339 nunquam
1751 2290 1868 2333 sunt3

111 2353 325 2394 inimicum
356 2351 515 2390 nullum
547 2350 745 2390 habebat.
806 2349 1091 2404 Relinquitur,
1144 2348 1176 2388 si
1207 2361 1342 2402 neque
1372 2361 1393 2387 a
1426 2349 1706 2402 praedonibus
1736 2360 1870 2401 neque

111 2418 163 2456 ab
195 2414 371 2455 inimicis
403 2413 564 2453 occisus
597 2417 680 2460 est,
714 2412 911 2466 quoniam
941 2412 1059 2451 alteri
1090 2424 1175 2450 non
1208 2415 1345 2458 erant,
1379 2411 1531 2450 alteros
1563 2424 1646 2449 non
1671 2411 1866 2456 habebat,

110 2483 157 2519 ut
185 2479 258 2518 abs
288 2482 328 2517 te
360 2477 412 2516 sit
440 2476 726 2530 interemptus.
788 2476 891 2514 Nam
922 2475 964 2514 in
994 2474 1282 2514 huiuscemodi
1314 2474 1597 2528 expositione,
1647 2473 1869 2526 reprehen-
1884 2478 1917 2504 ³⁵

112 2541 229 2582 sione
258 2544 444 2584 utemur,
487 2539 519 2578 si
551 2551 655 2592 quos
686 2541 925 2592 praeterea,
973 2550 1095 2591 quam
1125 2537 1196 2575 ille
1227 2537 1398 2583 dixerit,
1446 2536 1629 2590 potuisse
1661 2534 1867 2587 suscipere

112 2600 361 2643 maleficium
401 2601 727 2649 ostenderimus;
779 2600 893 2640 velut
929 2599 969 2638 in
1011 2599 1090 2638 hoc
1130 2599 1348 2652 exemplo,
1397 2612 1488 2637 cum
1521 2598 1671 2637 dixerit
1700 2609 1867 2635 necesse

113 2679 202 2706 esse
233 2669 304 2705 aut
333 2677 354 2704 a
383 2664 663 2719 praedonibus
693 2667 762 2702 aut
791 2663 841 2702 ab
872 2662 1049 2701 inimicis
1080 2666 1150 2701 aut
1179 2675 1203 2700 a
1231 2661 1352 2700 nobis
1384 2661 1565 2700 occisum
1597 2672 1709 2705 esse,
1756 2657 1868 2696 dice-

113 2741 203 2767 mus
242 2727 427 2782 potuisse
467 2727 533 2766 vel
570 2739 592 2766 a
622 2726 779 2765 familia
808 2725 875 2765 vel
905 2738 928 2764 a
959 2724 1237 2764 coheredibus
1267 2722 1433 2762 nostris.
1497 2722 1597 2761 Cum
1629 2721 1709 2760 hoc
1741 2720 1865 2758 modo

112 2791 278 2830 illorum
309 2789 601 2830 collectionem
632 2787 1026 2833 disturbaverimus‚
1079 2786 1200 2825 nohis
1230 2786 1418 2825 latiorem
1451 2786 1587 2825 lorum
1618 2782 1869 2822 defendendi
1883 2790 1918 2815 40

114 2852 409 2906 relinquemus.
469 2853 580 2905 Ergo
612 2853 693 2892 hoc
725 2864 889 2906 quoque
915 2850 1125 2890 vitandum
1148 2853 1210 2889 est
1230 2848 1270 2887 in
1293 2847 1576 2902 expositione,
1610 2858 1661 2884 ne
1684 2844 1866 2898 quando,

206 3004 240 3034 1.
267 3004 545 3043 quinquepertita
570 3019 584 3024 —
609 3019 623 3024 -
652 3004 835 3042 tripertita
859 3019 873 3024 -
895 3020 909 3025 -
933 3002 1190 3043 quadripertita
1216 3000 1284 3031 P-T.
1308 3016 1343 3021 —
1371 3000 1403 3030 5.
1430 2998 1467 3027 id
1491 2997 1583 3037 quod
1608 2997 1735 3028 PABF.
1766 3014 1800 3019 —
1831 2997 1866 3028 6.

113 3051 378 3091 reprehensione
406 3049 540 3080 PFRT:
575 3050 852 3090 reprehensionis
879 3050 948 3081 BE.
978 3066 1017 3071 —·
1052 3049 1085 3079 8.
1113 3047 1300 3085 exemplum
1327 3045 1452 3076 PABF.
1480 3060 1520 3065 -
1549 3043 1602 3075 13.
1631 3048 1711 3074 sunt
1739 3043 1865 3074 PFRT.

115 3113 154 3120 —
183 3097 240 3128 20.
279 3098 336 3135 qui
375 3095 501 3127 PABF.
545 3111 582 3118 —
627 3105 783 3127 curemus
817 3097 914 3127 PAF.
954 3112 992 3118 —
1035 3095 1091 3125 28.
1129 3094 1342 3125 ostendemus
1377 3090 1504 3122 PAFT.
1545 3107 1580 3113 —
1626 3090 1683 3121 32.
1717 3090 1867 3127 faciebat

112 3143 311 3175 PABFRT:
340 3141 467 3181 fecerat
488 3142 524 3173 E.
546 3159 584 3165 -
612 3143 650 3173 in
666 3143 726 3173 illo
746 3142 911 3174 PABFT:
938 3143 998 3174 illo
1016 3142 1088 3173 RE.
1115 3155 1140 3161 -
1177 3141 1242 3171 visi
1266 3148 1443 3178 uunquam
1460 3141 1540 3168 sunt
1558 3136 1662 3168 PFT:
1689 3145 1868 3174 nunquam

112 3194 192 3222 sunt
209 3191 274 3221 visi
293 3189 318 3220 E
333 3213 341 3226 ‚
371 3198 549 3229 nunquam
566 3192 646 3219 sunt
663 3187 804 3226 (omisso
822 3190 903 3228 visi)
923 3190 949 3220 A
962 3213 970 3226 ,
997 3190 1063 3219 visi
1079 3195 1249 3226 nusquam
1266 3189 1345 3215 sunt
1365 3184 1390 3215 B
1404 3208 1412 3222 ,
1438 3185 1599 3215 visisunt
1623 3192 1802 3223 nunquam
1822 3183 1864 3214 R.

117 3253 153 3259 —
183 3236 239 3268 34.
267 3233 445 3276 quoniam]
474 3235 565 3275 quod
589 3235 696 3272 PBR,
725 3236 764 3267 L.
803 3252 843 3258 -
883 3235 940 3266 313.
965 3239 1147 3273 praeterea
1173 3241 1275 3272 quam
1303 3231 1399 3262 Voss.
1430 3239 1524 3268 sec.‚
1565 3238 1616 3268 pr.
1644 3230 1742 3261 Lem.
1770 3238 1864 3261 sec.:

112 3287 253 3324 praeter
279 3291 334 3314 eos
359 3290 443 3323 quos
467 3281 546 3317 PE,
571 3287 718 3321 praeter
744 3290 799 3314 eos
825 3291 927 3323 quam
951 3281 1092 3319 AFRT,
1115 3283 1299 3318 praeterea
1324 3287 1427 3317 quam
1448 3286 1531 3318 quos
1549 3277 1589 3308 B.
1614 3292 1649 3297 —
1678 3275 1734 3307 37.
1755 3283 1866 3309 osten·

114 3331 229 3362 demus
254 3330 333 3368 BR,
360 3330 400 3361 L.
431 3345 470 3352 ——
497 3328 555 3360 41.
585 3328 646 3360 Vv.
672 3328 767 3371 Eryo
785 3344 799 3351 -
816 3345 829 3352 -
853 3329 1091 3370 reliquerimus
1116 3326 1242 3358 absunt
1267 3334 1285 3358 a
1313 3324 1396 3357 Cod.
1417 3324 1545 3362 Cortii;
1574 3323 1643 3356 del.
1663 3323 1744 3356 Sch.
