<?xml version="1.0" encoding="UTF-8"?>
<!DOCTYPE html PUBLIC "-//W3C//DTD XHTML 1.0 Transitional//EN"
    "http://www.w3.org/TR/xhtml1/DTD/xhtml1-transitional.dtd">
<html xmlns="http://www.w3.org/1999/xhtml" xml:lang="en" lang="en">
 <head>
  <title>
</title>
<meta http-equiv="Content-Type" content="text/html;charset=utf-8" />
  <meta name='ocr-system' content='tesseract 3.04.00' />
  <meta name='ocr-capabilities' content='ocr_page ocr_carea ocr_par ocr_line ocrx_word'/>
</head>
<body>
  <div class='ocr_page' id='page_1' title='image "./operaquaesupersu01ciceuoft/operaquaesupersu01ciceuoft_0010.png"; bbox 0 0 2117 3762; ppageno 0'>
   <div class='ocr_carea' id='block_1_1' title="bbox 235 247 280 279">
    <p class='ocr_par' dir='ltr' id='par_1_1' title="bbox 235 247 280 279">
     <span class='ocr_line' id='line_1_1' title="bbox 235 247 280 279; baseline -0.022 0"><span class='ocrx_word' id='word_1_1' title='bbox 235 247 280 279; x_wconf 84' lang='lat' dir='ltr'><strong>Vl</strong></span> 
     </span>
    </p>
   </div>
   <div class='ocr_carea' id='block_1_2' title="bbox 224 340 1977 3401">
    <p class='ocr_par' dir='ltr' id='par_1_2' title="bbox 232 340 1973 538">
     <span class='ocr_line' id='line_1_2' title="bbox 233 340 1973 399; baseline 0 -13"><span class='ocrx_word' id='word_1_2' title='bbox 233 357 347 396; x_wconf 86' lang='lat' dir='ltr'><strong>mur,</strong></span> <span class='ocrx_word' id='word_1_3' title='bbox 396 357 589 386; x_wconf 89' lang='lat' dir='ltr'><strong>scorsum</strong></span> <span class='ocrx_word' id='word_1_4' title='bbox 635 345 847 399; x_wconf 68' lang='lat' dir='ltr'><strong>integram</strong></span> <span class='ocrx_word' id='word_1_5' title='bbox 887 340 1119 384; x_wconf 89' lang='lat' dir='ltr'><strong>lectionum</strong></span> <span class='ocrx_word' id='word_1_6' title='bbox 1164 341 1412 396; x_wconf 70' lang='lat' dir='ltr'>congeriem</span> <span class='ocrx_word' id='word_1_7' title='bbox 1459 342 1598 384; x_wconf 91' lang='lat' dir='ltr'><strong>tribus</strong></span> <span class='ocrx_word' id='word_1_8' title='bbox 1648 342 1973 397; x_wconf 73' lang='lat' dir='ltr'><strong>scriptiunculis</strong></span> 
     </span>
     <span class='ocr_line' id='line_1_3' title="bbox 233 415 1973 472; baseline -0.001 -11"><span class='ocrx_word' id='word_1_9' title='bbox 233 419 492 462; x_wconf 77' lang='lat' dir='ltr'><strong>academicis</strong></span> <span class='ocrx_word' id='word_1_10' title='bbox 521 420 701 460; x_wconf 78' lang='lat' dir='ltr'><strong>inseruit</strong></span> <span class='ocrx_word' id='word_1_11' title='bbox 732 419 959 459; x_wconf 89' lang='lat' dir='ltr'><strong>Baiterus:</strong></span> <span class='ocrx_word' id='word_1_12' title='bbox 991 416 1157 468; x_wconf 86' lang='lat' dir='ltr'><strong>Turici,</strong></span> <span class='ocrx_word' id='word_1_13' title='bbox 1190 427 1245 457; x_wconf 84' lang='lat' dir='ltr'><strong>ex</strong></span> <span class='ocrx_word' id='word_1_14' title='bbox 1276 415 1450 459; x_wconf 83' lang='lat' dir='ltr'><strong>officina</strong></span> <span class='ocrx_word' id='word_1_15' title='bbox 1480 416 1649 472; x_wconf 85' lang='lat' dir='ltr'><strong>Orellii,</strong></span> <span class='ocrx_word' id='word_1_16' title='bbox 1679 417 1898 459; x_wconf 88' lang='lat' dir='ltr'><strong>Fuesslini</strong></span> <span class='ocrx_word' id='word_1_17' title='bbox 1929 421 1973 460; x_wconf 89' lang='lat' dir='ltr'><strong>et</strong></span> 
     </span>
     <span class='ocr_line' id='line_1_4' title="bbox 232 489 900 538; baseline -0.009 0"><span class='ocrx_word' id='word_1_18' title='bbox 232 492 362 538; x_wconf 81' lang='lat' dir='ltr'><strong>Socc.</strong></span> <span class='ocrx_word' id='word_1_19' title='bbox 392 493 457 536; x_wconf 89' lang='lat' dir='ltr'><strong>M.</strong></span> <span class='ocrx_word' id='word_1_20' title='bbox 481 494 641 536; x_wconf 84' lang='lat' dir='ltr'>DCCC.</span> <span class='ocrx_word' id='word_1_21' title='bbox 661 492 798 534; x_wconf 84' lang='lat' dir='ltr'><strong>XLV.</strong></span> <span class='ocrx_word' id='word_1_22' title='bbox 837 489 900 532; x_wconf 78' lang='lat'><strong>40.</strong></span> 
     </span>
    </p>

    <p class='ocr_par' dir='ltr' id='par_1_3' title="bbox 230 565 1975 924">
     <span class='ocr_line' id='line_1_5' title="bbox 342 565 1972 623; baseline -0.001 -13"><span class='ocrx_word' id='word_1_23' title='bbox 342 567 421 611; x_wconf 86' lang='lat' dir='ltr'><strong>Usi</strong></span> <span class='ocrx_word' id='word_1_24' title='bbox 451 581 618 623; x_wconf 85' lang='lat' dir='ltr'><strong>sumus,</strong></span> <span class='ocrx_word' id='word_1_25' title='bbox 648 570 693 608; x_wconf 91' lang='lat' dir='ltr'><strong>ut</strong></span> <span class='ocrx_word' id='word_1_26' title='bbox 725 579 804 622; x_wconf 88' lang='lat' dir='ltr'><strong>par</strong></span> <span class='ocrx_word' id='word_1_27' title='bbox 834 568 951 620; x_wconf 85' lang='lat' dir='ltr'><strong>erat,</strong></span> <span class='ocrx_word' id='word_1_28' title='bbox 981 565 1266 608; x_wconf 85' lang='lat' dir='ltr'><strong>Lindemanni</strong></span> <span class='ocrx_word' id='word_1_29' title='bbox 1298 579 1468 623; x_wconf 87' lang='lat' dir='ltr'><strong>quoque</strong></span> <span class='ocrx_word' id='word_1_30' title='bbox 1498 566 1729 623; x_wconf 73' lang='lat' dir='ltr'><strong>subsidiis3</strong></span> <span class='ocrx_word' id='word_1_31' title='bbox 1770 568 1972 610; x_wconf 89' lang='lat' dir='ltr'><strong>consulto</strong></span> 
     </span>
     <span class='ocr_line' id='line_1_6' title="bbox 232 639 1974 698; baseline -0.002 -12"><span class='ocrx_word' id='word_1_32' title='bbox 232 645 386 687; x_wconf 89' lang='lat' dir='ltr'><strong>contra</strong></span> <span class='ocrx_word' id='word_1_33' title='bbox 417 644 698 686; x_wconf 77' lang='lat' dir='ltr'><strong>abstinuimus</strong></span> <span class='ocrx_word' id='word_1_34' title='bbox 719 655 744 683; x_wconf 89' lang='lat' dir='ltr'><strong>a</strong></span> <span class='ocrx_word' id='word_1_35' title='bbox 765 639 900 684; x_wconf 87' lang='lat' dir='ltr'><strong>Codd.</strong></span> <span class='ocrx_word' id='word_1_36' title='bbox 928 641 1372 698; x_wconf 87' lang='lat' dir='ltr'><strong>Vratislaviensibus,</strong></span> <span class='ocrx_word' id='word_1_37' title='bbox 1405 655 1513 697; x_wconf 77' lang='lat' dir='ltr'><strong>quos</strong></span> <span class='ocrx_word' id='word_1_38' title='bbox 1539 643 1742 685; x_wconf 87' lang='lat' dir='ltr'><strong>Passovii</strong></span> <span class='ocrx_word' id='word_1_39' title='bbox 1773 642 1974 698; x_wconf 88' lang='lat' dir='ltr'><strong>discipuli</strong></span> 
     </span>
     <span class='ocr_line' id='line_1_7' title="bbox 231 717 1974 772; baseline 0 -12"><span class='ocrx_word' id='word_1_40' title='bbox 231 719 287 760; x_wconf 89' lang='lat' dir='ltr'><strong>ad</strong></span> <span class='ocrx_word' id='word_1_41' title='bbox 305 719 449 761; x_wconf 88' lang='lat' dir='ltr'><strong>Musei</strong></span> <span class='ocrx_word' id='word_1_42' title='bbox 467 720 605 760; x_wconf 89' lang='lat' dir='ltr'><strong>critici</strong></span> <span class='ocrx_word' id='word_1_43' title='bbox 622 730 742 759; x_wconf 87' lang='lat' dir='ltr'><strong>nsum</strong></span> <span class='ocrx_word' id='word_1_44' title='bbox 762 718 1065 772; x_wconf 86' lang='lat' dir='ltr'><strong>contulerunt,</strong></span> <span class='ocrx_word' id='word_1_45' title='bbox 1096 717 1255 771; x_wconf 83' lang='lat' dir='ltr'><strong>quippe</strong></span> <span class='ocrx_word' id='word_1_46' title='bbox 1274 718 1344 770; x_wconf 86' lang='lat' dir='ltr'><strong>qui</strong></span> <span class='ocrx_word' id='word_1_47' title='bbox 1361 718 1460 759; x_wconf 89' lang='lat' dir='ltr'><strong>libri</strong></span> <span class='ocrx_word' id='word_1_48' title='bbox 1478 720 1627 760; x_wconf 86' lang='lat' dir='ltr'><strong>essent</strong></span> <span class='ocrx_word' id='word_1_49' title='bbox 1645 731 1794 760; x_wconf 89' lang='lat' dir='ltr'><strong>omnes</strong></span> <span class='ocrx_word' id='word_1_50' title='bbox 1813 731 1974 760; x_wconf 86' lang='lat' dir='ltr'><strong>recen-</strong></span> 
     </span>
     <span class='ocr_line' id='line_1_8' title="bbox 231 791 1975 848; baseline 0 -13"><span class='ocrx_word' id='word_1_51' title='bbox 231 795 382 836; x_wconf 81' lang='lat' dir='ltr'><strong>tissimi</strong></span> <span class='ocrx_word' id='word_1_52' title='bbox 408 797 537 848; x_wconf 85' lang='lat' dir='ltr'><strong>atque</strong></span> <span class='ocrx_word' id='word_1_53' title='bbox 562 794 794 835; x_wconf 86' lang='lat' dir='ltr'><strong>lectionum</strong></span> <span class='ocrx_word' id='word_1_54' title='bbox 816 793 1137 848; x_wconf 82' lang='lat' dir='ltr'><strong>confusionem,</strong></span> <span class='ocrx_word' id='word_1_55' title='bbox 1160 804 1270 847; x_wconf 91' lang='lat' dir='ltr'><strong>quae</strong></span> <span class='ocrx_word' id='word_1_56' title='bbox 1288 792 1332 833; x_wconf 88' lang='lat' dir='ltr'><strong>in</strong></span> <span class='ocrx_word' id='word_1_57' title='bbox 1349 791 1417 833; x_wconf 92' lang='lat' dir='ltr'><strong>his</strong></span> <span class='ocrx_word' id='word_1_58' title='bbox 1433 792 1561 834; x_wconf 86' lang='lat' dir='ltr'><strong>Tullii</strong></span> <span class='ocrx_word' id='word_1_59' title='bbox 1582 794 1760 848; x_wconf 91' lang='lat' dir='ltr'><strong>scriptis</strong></span> <span class='ocrx_word' id='word_1_60' title='bbox 1781 794 1843 836; x_wconf 89' lang='lat' dir='ltr'><strong>sic</strong></span> <span class='ocrx_word' id='word_1_61' title='bbox 1865 795 1975 835; x_wconf 87' lang='lat' dir='ltr'><strong>satis</strong></span> 
     </span>
     <span class='ocr_line' id='line_1_9' title="bbox 230 868 1973 924; baseline -0.002 -14"><span class='ocrx_word' id='word_1_62' title='bbox 230 870 411 911; x_wconf 85' lang='lat' dir='ltr'><strong>molesta</strong></span> <span class='ocrx_word' id='word_1_63' title='bbox 432 871 520 921; x_wconf 89' lang='lat' dir='ltr'><strong>est,</strong></span> <span class='ocrx_word' id='word_1_64' title='bbox 551 868 708 923; x_wconf 85' lang='lat' dir='ltr'><strong>ubique</strong></span> <span class='ocrx_word' id='word_1_65' title='bbox 739 869 967 909; x_wconf 75' lang='lat' dir='ltr'><strong>auxissent</strong></span> <span class='ocrx_word' id='word_1_66' title='bbox 997 868 1158 923; x_wconf 79' lang='lat' dir='ltr'><strong>magis,</strong></span> <span class='ocrx_word' id='word_1_67' title='bbox 1190 879 1315 920; x_wconf 83' lang='lat' dir='ltr'><strong>quam</strong></span> <span class='ocrx_word' id='word_1_68' title='bbox 1345 868 1418 908; x_wconf 92' lang='lat' dir='ltr'><strong>vel</strong></span> <span class='ocrx_word' id='word_1_69' title='bbox 1448 870 1580 910; x_wconf 90' lang='lat' dir='ltr'><strong>semel</strong></span> <span class='ocrx_word' id='word_1_70' title='bbox 1612 870 1973 924; x_wconf 84' lang='lat' dir='ltr'><strong>composuissent.</strong></span> 
     </span>
    </p>

    <p class='ocr_par' dir='ltr' id='par_1_4' title="bbox 229 941 1974 1222">
     <span class='ocr_line' id='line_1_10' title="bbox 339 941 1973 999; baseline 0.001 -14"><span class='ocrx_word' id='word_1_71' title='bbox 339 941 485 985; x_wconf 80' lang='lat' dir='ltr'><strong>Semel</strong></span> <span class='ocrx_word' id='word_1_72' title='bbox 515 945 656 984; x_wconf 89' lang='lat' dir='ltr'><strong>autem</strong></span> <span class='ocrx_word' id='word_1_73' title='bbox 689 943 758 985; x_wconf 87' lang='lat' dir='ltr'><strong>hic</strong></span> <span class='ocrx_word' id='word_1_74' title='bbox 789 943 1032 984; x_wconf 79' lang='lat' dir='ltr'><strong>notabimus</strong></span> <span class='ocrx_word' id='word_1_75' title='bbox 1063 954 1141 996; x_wconf 91' lang='lat' dir='ltr'><strong>per</strong></span> <span class='ocrx_word' id='word_1_76' title='bbox 1171 943 1306 982; x_wconf 90' lang='lat' dir='ltr'><strong>totam</strong></span> <span class='ocrx_word' id='word_1_77' title='bbox 1339 953 1485 983; x_wconf 88' lang='lat' dir='ltr'><strong>curam</strong></span> <span class='ocrx_word' id='word_1_78' title='bbox 1507 943 1543 984; x_wconf 90' lang='lat' dir='ltr'>L</span> <span class='ocrx_word' id='word_1_79' title='bbox 1565 944 1814 999; x_wconf 77' lang='lat' dir='ltr'><strong>significare</strong></span> <span class='ocrx_word' id='word_1_80' title='bbox 1836 945 1973 986; x_wconf 88' lang='lat' dir='ltr'><strong>Lam-</strong></span> 
     </span>
     <span class='ocr_line' id='line_1_11' title="bbox 230 1016 1974 1074; baseline -0.001 -13"><span class='ocrx_word' id='word_1_81' title='bbox 230 1019 399 1068; x_wconf 81' lang='lat' dir='ltr'><strong>binum,</strong></span> <span class='ocrx_word' id='word_1_82' title='bbox 442 1017 480 1058; x_wconf 85' lang='grc' dir='ltr'>Ε</span> <span class='ocrx_word' id='word_1_83' title='bbox 521 1017 795 1071; x_wconf 84' lang='lat' dir='ltr'><strong>Ernestium,</strong></span> <span class='ocrx_word' id='word_1_84' title='bbox 844 1018 965 1059; x_wconf 83' lang='lat' dir='ltr'><strong>cuius</strong></span> <span class='ocrx_word' id='word_1_85' title='bbox 1006 1019 1220 1073; x_wconf 79' lang='lat' dir='ltr'><strong>integram</strong></span> <span class='ocrx_word' id='word_1_86' title='bbox 1261 1016 1514 1058; x_wconf 83' lang='lat' dir='ltr'><strong>exhibemus</strong></span> <span class='ocrx_word' id='word_1_87' title='bbox 1555 1018 1818 1074; x_wconf 90' lang='lat' dir='ltr'><strong>lectionem,</strong></span> <span class='ocrx_word' id='word_1_88' title='bbox 1869 1016 1974 1062; x_wconf 80' lang='lat' dir='ltr'><strong>Sch.</strong></span> 
     </span>
     <span class='ocr_line' id='line_1_12' title="bbox 229 1090 1973 1148; baseline 0 -14"><span class='ocrx_word' id='word_1_89' title='bbox 229 1090 493 1134; x_wconf 77' lang='lat' dir='ltr'><strong>Sclnitzium.</strong></span> <span class='ocrx_word' id='word_1_90' title='bbox 550 1093 736 1135; x_wconf 86' lang='lat' dir='ltr'><strong>Ceterae</strong></span> <span class='ocrx_word' id='word_1_91' title='bbox 775 1095 905 1133; x_wconf 88' lang='lat' dir='ltr'><strong>notae</strong></span> <span class='ocrx_word' id='word_1_92' title='bbox 946 1091 1014 1133; x_wconf 89' lang='lat' dir='ltr'><strong>hic</strong></span> <span class='ocrx_word' id='word_1_93' title='bbox 1055 1104 1143 1132; x_wconf 93' lang='lat' dir='ltr'><strong>non</strong></span> <span class='ocrx_word' id='word_1_94' title='bbox 1175 1092 1423 1146; x_wconf 79' lang='lat' dir='ltr'><strong>explicatae</strong></span> <span class='ocrx_word' id='word_1_95' title='bbox 1463 1104 1542 1145; x_wconf 90' lang='lat' dir='ltr'><strong>per</strong></span> <span class='ocrx_word' id='word_1_96' title='bbox 1572 1105 1620 1133; x_wconf 91' lang='lat' dir='ltr'><strong>se</strong></span> <span class='ocrx_word' id='word_1_97' title='bbox 1659 1094 1805 1135; x_wconf 90' lang='lat' dir='ltr'><strong>clarae</strong></span> <span class='ocrx_word' id='word_1_98' title='bbox 1847 1096 1973 1148; x_wconf 84' lang='lat' dir='ltr'><strong>sunt,</strong></span> 
     </span>
     <span class='ocr_line' id='line_1_13' title="bbox 230 1161 1613 1222; baseline 0 -14"><span class='ocrx_word' id='word_1_99' title='bbox 230 1170 276 1208; x_wconf 91' lang='lat' dir='ltr'><strong>ut</strong></span> <span class='ocrx_word' id='word_1_100' title='bbox 305 1164 441 1210; x_wconf 87' lang='lat' dir='ltr'><strong>Codd.</strong></span> <span class='ocrx_word' id='word_1_101' title='bbox 471 1168 526 1208; x_wconf 84' lang='lat' dir='ltr'><strong>al.</strong></span> <span class='ocrx_word' id='word_1_102' title='bbox 556 1161 810 1222; x_wconf 73' lang='lat' dir='ltr'><strong>(aliquot),</strong></span> <span class='ocrx_word' id='word_1_103' title='bbox 843 1167 1018 1221; x_wconf 89' lang='lat' dir='ltr'><strong>Duisb.,</strong></span> <span class='ocrx_word' id='word_1_104' title='bbox 1049 1166 1174 1222; x_wconf 83' lang='lat' dir='ltr'><strong>Erf.,</strong></span> <span class='ocrx_word' id='word_1_105' title='bbox 1203 1166 1325 1208; x_wconf 88' lang='lat' dir='ltr'><strong>Leid.</strong></span> <span class='ocrx_word' id='word_1_106' title='bbox 1357 1179 1408 1209; x_wconf 89' lang='lat' dir='ltr'><strong>ac</strong></span> <span class='ocrx_word' id='word_1_107' title='bbox 1439 1167 1613 1209; x_wconf 88' lang='lat' dir='ltr'><strong>similes.</strong></span> 
     </span>
    </p>

    <p class='ocr_par' dir='ltr' id='par_1_5' title="bbox 227 1240 1977 1743">
     <span class='ocr_line' id='line_1_14' title="bbox 340 1240 1976 1298; baseline 0.001 -15"><span class='ocrx_word' id='word_1_108' title='bbox 340 1243 392 1283; x_wconf 93' lang='lat' dir='ltr'><strong>ln</strong></span> <span class='ocrx_word' id='word_1_109' title='bbox 411 1243 532 1284; x_wconf 90' lang='lat' dir='ltr'><strong>libris</strong></span> <span class='ocrx_word' id='word_1_110' title='bbox 554 1243 580 1284; x_wconf 91' lang='lat' dir='ltr'><strong>d</strong></span> <span class='ocrx_word' id='word_1_111' title='bbox 595 1255 617 1283; x_wconf 93' lang='lat' dir='ltr'><strong>e</strong></span> <span class='ocrx_word' id='word_1_112' title='bbox 641 1240 676 1284; x_wconf 89' lang='grc' dir='ltr'><strong>Ο</strong></span> <span class='ocrx_word' id='word_1_113' title='bbox 691 1246 879 1283; x_wconf 85' lang='lat' dir='ltr'><strong>ratore</strong></span> <span class='ocrx_word' id='word_1_114' title='bbox 899 1241 1205 1296; x_wconf 74' lang='lat' dir='ltr'><strong>recensendis,</strong></span> <span class='ocrx_word' id='word_1_115' title='bbox 1236 1244 1282 1282; x_wconf 91' lang='lat' dir='ltr'><strong>ut</strong></span> <span class='ocrx_word' id='word_1_116' title='bbox 1302 1254 1485 1285; x_wconf 87' lang='lat' dir='ltr'><strong>necesse</strong></span> <span class='ocrx_word' id='word_1_117' title='bbox 1506 1244 1623 1297; x_wconf 82' lang='lat' dir='ltr'><strong>erat,</strong></span> <span class='ocrx_word' id='word_1_118' title='bbox 1655 1243 1718 1283; x_wconf 89' lang='lat' dir='ltr'><strong>usi</strong></span> <span class='ocrx_word' id='word_1_119' title='bbox 1738 1244 1976 1298; x_wconf 78' lang='lat' dir='ltr'><strong>praecipue</strong></span> 
     </span>
     <span class='ocr_line' id='line_1_15' title="bbox 229 1312 1976 1375; baseline 0.002 -18"><span class='ocrx_word' id='word_1_120' title='bbox 229 1330 374 1358; x_wconf 86' lang='lat' dir='ltr'><strong>sumus</strong></span> <span class='ocrx_word' id='word_1_121' title='bbox 404 1318 541 1372; x_wconf 89' lang='lat' dir='ltr'><strong>copiis</strong></span> <span class='ocrx_word' id='word_1_122' title='bbox 570 1320 803 1360; x_wconf 82' lang='lat' dir='ltr'><strong>accuratae</strong></span> <span class='ocrx_word' id='word_1_123' title='bbox 833 1319 964 1372; x_wconf 80' lang='lat' dir='ltr'><strong>atque</strong></span> <span class='ocrx_word' id='word_1_124' title='bbox 995 1318 1214 1372; x_wconf 77' lang='lat' dir='ltr'><strong>elegantis</strong></span> <span class='ocrx_word' id='word_1_125' title='bbox 1237 1317 1448 1358; x_wconf 83' lang='lat' dir='ltr'><strong>Ellendtii</strong></span> <span class='ocrx_word' id='word_1_126' title='bbox 1482 1330 1645 1371; x_wconf 83' lang='lat' dir='ltr'><strong>operae</strong></span> <span class='ocrx_word' id='word_1_127' title='bbox 1673 1312 1976 1375; x_wconf 79' lang='lat' dir='ltr'><strong>[Regimontii</strong></span> 
     </span>
     <span class='ocr_line' id='line_1_16' title="bbox 228 1386 1977 1450; baseline 0.001 -17"><span class='ocrx_word' id='word_1_128' title='bbox 228 1392 513 1443; x_wconf 76' lang='lat' dir='ltr'><strong>prussorum,</strong></span> <span class='ocrx_word' id='word_1_129' title='bbox 560 1393 885 1450; x_wconf 78' lang='lat' dir='ltr'><strong>Borntraeger,</strong></span> <span class='ocrx_word' id='word_1_130' title='bbox 926 1392 990 1434; x_wconf 89' lang='grc' dir='ltr'><strong>Μ.</strong></span> <span class='ocrx_word' id='word_1_131' title='bbox 1013 1389 1176 1435; x_wconf 84' lang='lat' dir='ltr'>DCCC.</span> <span class='ocrx_word' id='word_1_132' title='bbox 1198 1386 1349 1445; x_wconf 52' lang='grc' dir='ltr'><strong>ΧΗ),</strong></span> <span class='ocrx_word' id='word_1_133' title='bbox 1380 1394 1450 1448; x_wconf 88' lang='lat' dir='ltr'><strong>qni</strong></span> <span class='ocrx_word' id='word_1_134' title='bbox 1483 1395 1616 1434; x_wconf 90' lang='lat' dir='ltr'><strong>certis</strong></span> <span class='ocrx_word' id='word_1_135' title='bbox 1647 1394 1866 1448; x_wconf 78' lang='lat' dir='ltr'><strong>clarisque</strong></span> <span class='ocrx_word' id='word_1_136' title='bbox 1895 1407 1977 1435; x_wconf 90' lang='lat' dir='ltr'><strong>ar—</strong></span> 
     </span>
     <span class='ocr_line' id='line_1_17' title="bbox 227 1462 1976 1523; baseline 0.002 -16"><span class='ocrx_word' id='word_1_137' title='bbox 227 1469 446 1523; x_wconf 68' lang='lat' dir='ltr'><strong>gumentis</strong></span> <span class='ocrx_word' id='word_1_138' title='bbox 467 1470 587 1508; x_wconf 89' lang='lat' dir='ltr'><strong>nisus</strong></span> <span class='ocrx_word' id='word_1_139' title='bbox 609 1469 766 1508; x_wconf 87' lang='lat' dir='ltr'><strong>nullam</strong></span> <span class='ocrx_word' id='word_1_140' title='bbox 792 1468 961 1508; x_wconf 89' lang='lat' dir='ltr'><strong>omnino</strong></span> <span class='ocrx_word' id='word_1_141' title='bbox 982 1466 1179 1509; x_wconf 83' lang='lat' dir='ltr'><strong>Kunissii</strong></span> <span class='ocrx_word' id='word_1_142' title='bbox 1201 1462 1433 1522; x_wconf 77' lang='lat' dir='ltr'><strong>(Lipsiae,</strong></span> <span class='ocrx_word' id='word_1_143' title='bbox 1462 1468 1709 1522; x_wconf 86' lang='lat' dir='ltr'><strong>Fleischer,</strong></span> <span class='ocrx_word' id='word_1_144' title='bbox 1730 1468 1794 1510; x_wconf 90' lang='lat' dir='ltr'><strong>M.</strong></span> <span class='ocrx_word' id='word_1_145' title='bbox 1814 1466 1976 1511; x_wconf 79' lang='lat' dir='ltr'>DCCC.</span> 
     </span>
     <span class='ocr_line' id='line_1_18' title="bbox 227 1531 1975 1598; baseline 0.002 -16"><span class='ocrx_word' id='word_1_146' title='bbox 227 1536 496 1593; x_wconf 77' lang='lat' dir='ltr'>XXXVII.)</span> <span class='ocrx_word' id='word_1_147' title='bbox 527 1544 737 1583; x_wconf 86' lang='lat' dir='ltr'><strong>rationem</strong></span> <span class='ocrx_word' id='word_1_148' title='bbox 770 1531 946 1598; x_wconf 67' lang='lat' dir='ltr'><strong>habui’t3</strong></span> <span class='ocrx_word' id='word_1_149' title='bbox 988 1542 1103 1598; x_wconf 87' lang='lat' dir='ltr'><strong>quod</strong></span> <span class='ocrx_word' id='word_1_150' title='bbox 1143 1544 1386 1597; x_wconf 86' lang='lat' dir='ltr'><strong>exemplum</strong></span> <span class='ocrx_word' id='word_1_151' title='bbox 1430 1556 1511 1584; x_wconf 88' lang='lat' dir='ltr'><strong>nos</strong></span> <span class='ocrx_word' id='word_1_152' title='bbox 1543 1556 1713 1598; x_wconf 80' lang='lat' dir='ltr'><strong>quoque</strong></span> <span class='ocrx_word' id='word_1_153' title='bbox 1744 1546 1788 1585; x_wconf 92' lang='lat' dir='ltr'><strong>et</strong></span> <span class='ocrx_word' id='word_1_154' title='bbox 1818 1545 1861 1585; x_wconf 86' lang='lat' dir='ltr'><strong>in</strong></span> <span class='ocrx_word' id='word_1_155' title='bbox 1892 1544 1975 1586; x_wconf 90' lang='lat' dir='ltr'><strong>hoc</strong></span> 
     </span>
     <span class='ocr_line' id='line_1_19' title="bbox 228 1618 1975 1670; baseline 0.002 -13"><span class='ocrx_word' id='word_1_156' title='bbox 228 1629 360 1670; x_wconf 90' lang='lat' dir='ltr'><strong>opere</strong></span> <span class='ocrx_word' id='word_1_157' title='bbox 404 1620 448 1658; x_wconf 87' lang='lat' dir='ltr'><strong>et</strong></span> <span class='ocrx_word' id='word_1_158' title='bbox 489 1619 530 1658; x_wconf 93' lang='lat' dir='ltr'><strong>in</strong></span> <span class='ocrx_word' id='word_1_159' title='bbox 575 1618 712 1658; x_wconf 91' lang='lat' dir='ltr'><strong>Bruto</strong></span> <span class='ocrx_word' id='word_1_160' title='bbox 756 1619 906 1659; x_wconf 89' lang='lat' dir='ltr'><strong>merito</strong></span> <span class='ocrx_word' id='word_1_161' title='bbox 947 1619 1100 1658; x_wconf 88' lang='lat' dir='ltr'><strong>imitati</strong></span> <span class='ocrx_word' id='word_1_162' title='bbox 1144 1631 1304 1659; x_wconf 91' lang='lat' dir='ltr'><strong>sumus.</strong></span> <span class='ocrx_word' id='word_1_163' title='bbox 1373 1618 1445 1660; x_wconf 88' lang='lat' dir='ltr'><strong>Ad</strong></span> <span class='ocrx_word' id='word_1_164' title='bbox 1479 1619 1779 1661; x_wconf 86' lang='lat' dir='ltr'><strong>confusionem</strong></span> <span class='ocrx_word' id='word_1_165' title='bbox 1811 1631 1906 1662; x_wconf 87' lang='lat' dir='ltr'><strong>cum</strong></span> <span class='ocrx_word' id='word_1_166' title='bbox 1936 1619 1975 1660; x_wconf 83' lang='grc' dir='ltr'><strong>Ε</strong></span> 
     </span>
     <span class='ocr_line' id='line_1_20' title="bbox 228 1686 1461 1743; baseline 0.002 -10"><span class='ocrx_word' id='word_1_167' title='bbox 228 1686 494 1743; x_wconf 78' lang='lat' dir='ltr'><strong>(Ernestio]</strong></span> <span class='ocrx_word' id='word_1_168' title='bbox 526 1692 802 1734; x_wconf 79' lang='lat' dir='ltr'><strong>devitandam</strong></span> <span class='ocrx_word' id='word_1_169' title='bbox 835 1692 1381 1734; x_wconf 84' lang='lat' dir='ltr'><strong>Ellendtium‘notavimus</strong></span> <span class='ocrx_word' id='word_1_170' title='bbox 1412 1694 1461 1735; x_wconf 87' lang='grc' dir='ltr'><strong>Τ.</strong></span> 
     </span>
    </p>

    <p class='ocr_par' dir='ltr' id='par_1_6' title="bbox 226 1765 1977 2199">
     <span class='ocr_line' id='line_1_21' title="bbox 338 1765 1977 1823; baseline 0.001 -15"><span class='ocrx_word' id='word_1_171' title='bbox 338 1767 560 1808; x_wconf 85' lang='lat' dir='ltr'><strong>Librorum</strong></span> <span class='ocrx_word' id='word_1_172' title='bbox 602 1767 654 1808; x_wconf 91' lang='lat' dir='ltr'><strong>de</strong></span> <span class='ocrx_word' id='word_1_173' title='bbox 687 1765 877 1809; x_wconf 86' lang='lat' dir='ltr'><strong>Oratore</strong></span> <span class='ocrx_word' id='word_1_174' title='bbox 910 1765 1098 1810; x_wconf 78' lang='lat' dir='ltr'><strong>Codices</strong></span> <span class='ocrx_word' id='word_1_175' title='bbox 1138 1781 1288 1810; x_wconf 90' lang='lat' dir='ltr'><strong>omnes</strong></span> <span class='ocrx_word' id='word_1_176' title='bbox 1318 1770 1418 1823; x_wconf 89' lang='lat' dir='ltr'><strong>plus</strong></span> <span class='ocrx_word' id='word_1_177' title='bbox 1449 1770 1648 1810; x_wconf 90' lang='lat' dir='ltr'><strong>minusve</strong></span> <span class='ocrx_word' id='word_1_178' title='bbox 1678 1770 1833 1810; x_wconf 83' lang='lat' dir='ltr'><strong>referti</strong></span> <span class='ocrx_word' id='word_1_179' title='bbox 1874 1770 1977 1810; x_wconf 91' lang='lat' dir='ltr'><strong>sunt</strong></span> 
     </span>
     <span class='ocr_line' id='line_1_22' title="bbox 226 1841 1977 1899; baseline 0.002 -17"><span class='ocrx_word' id='word_1_180' title='bbox 226 1842 469 1897; x_wconf 84' lang='lat' dir='ltr'><strong>erroribus,</strong></span> <span class='ocrx_word' id='word_1_181' title='bbox 515 1841 624 1883; x_wconf 87' lang='lat' dir='ltr'><strong>adeo</strong></span> <span class='ocrx_word' id='word_1_182' title='bbox 664 1845 711 1883; x_wconf 91' lang='lat' dir='ltr'><strong>ut</strong></span> <span class='ocrx_word' id='word_1_183' title='bbox 748 1842 801 1883; x_wconf 90' lang='lat' dir='ltr'><strong>de</strong></span> <span class='ocrx_word' id='word_1_184' title='bbox 842 1844 893 1884; x_wconf 87' lang='lat' dir='ltr'><strong>iis</strong></span> <span class='ocrx_word' id='word_1_185' title='bbox 934 1842 989 1884; x_wconf 89' lang='lat' dir='ltr'><strong>ad</strong></span> <span class='ocrx_word' id='word_1_186' title='bbox 1025 1845 1324 1899; x_wconf 78' lang='lat' dir='ltr'><strong>integritatem</strong></span> <span class='ocrx_word' id='word_1_187' title='bbox 1356 1844 1642 1886; x_wconf 87' lang='lat' dir='ltr'><strong>restituendis</strong></span> <span class='ocrx_word' id='word_1_188' title='bbox 1672 1844 1814 1887; x_wconf 85' lang='lat' dir='ltr'><strong>adhuc</strong></span> <span class='ocrx_word' id='word_1_189' title='bbox 1845 1846 1977 1899; x_wconf 88' lang='lat' dir='ltr'><strong>plane</strong></span> 
     </span>
     <span class='ocr_line' id='line_1_23' title="bbox 228 1916 1977 1977; baseline 0.002 -21"><span class='ocrx_word' id='word_1_190' title='bbox 228 1916 544 1971; x_wconf 83' lang='lat' dir='ltr'><strong>desperandum</strong></span> <span class='ocrx_word' id='word_1_191' title='bbox 574 1919 644 1958; x_wconf 88' lang='lat' dir='ltr'><strong>sit.</strong></span> <span class='ocrx_word' id='word_1_192' title='bbox 714 1917 1021 1960; x_wconf 83' lang='lat' dir='ltr'><strong>Verumtamen</strong></span> <span class='ocrx_word' id='word_1_193' title='bbox 1053 1920 1255 1960; x_wconf 90' lang='lat' dir='ltr'><strong>meliores</strong></span> <span class='ocrx_word' id='word_1_194' title='bbox 1287 1932 1342 1960; x_wconf 84' lang='lat' dir='ltr'><strong>ex</strong></span> <span class='ocrx_word' id='word_1_195' title='bbox 1372 1919 1778 1977; x_wconf 83' lang='lat' dir='ltr'><strong>Lagomarsinianis</strong></span> <span class='ocrx_word' id='word_1_196' title='bbox 1807 1920 1862 1962; x_wconf 89' lang='lat' dir='ltr'><strong>ab</strong></span> <span class='ocrx_word' id='word_1_197' title='bbox 1892 1920 1977 1961; x_wconf 89' lang='grc' dir='ltr'><strong>ΕΙ-</strong></span> 
     </span>
     <span class='ocr_line' id='line_1_24' title="bbox 226 1991 1976 2050; baseline 0.001 -17"><span class='ocrx_word' id='word_1_198' title='bbox 226 1992 390 2033; x_wconf 89' lang='lat' dir='ltr'><strong>lendtio</strong></span> <span class='ocrx_word' id='word_1_199' title='bbox 433 1993 645 2034; x_wconf 90' lang='lat' dir='ltr'><strong>consultis</strong></span> <span class='ocrx_word' id='word_1_200' title='bbox 685 1992 891 2034; x_wconf 88' lang='lat' dir='ltr'><strong>videntur</strong></span> <span class='ocrx_word' id='word_1_201' title='bbox 923 1992 968 2035; x_wconf 73' lang='lat'><strong>2.</strong></span> <span class='ocrx_word' id='word_1_202' title='bbox 998 1994 1042 2036; x_wconf 82' lang='lat'><strong>4.</strong></span> <span class='ocrx_word' id='word_1_203' title='bbox 1075 1991 1119 2035; x_wconf 89' lang='grc'><strong>6.</strong></span> <span class='ocrx_word' id='word_1_204' title='bbox 1153 1993 1233 2036; x_wconf 87' lang='grc'><strong>13.</strong></span> <span class='ocrx_word' id='word_1_205' title='bbox 1265 1992 1347 2036; x_wconf 79' lang='grc'><strong>32.</strong></span> <span class='ocrx_word' id='word_1_206' title='bbox 1379 1992 1462 2036; x_wconf 86' lang='grc'><strong>36.</strong></span> <span class='ocrx_word' id='word_1_207' title='bbox 1492 1997 1624 2050; x_wconf 86' lang='lat' dir='ltr'><strong>atque</strong></span> <span class='ocrx_word' id='word_1_208' title='bbox 1657 1996 1862 2048; x_wconf 86' lang='lat' dir='ltr'><strong>imprimis</strong></span> <span class='ocrx_word' id='word_1_209' title='bbox 1894 1993 1976 2038; x_wconf 88' lang='lat' dir='ltr'><strong>Gu.</strong></span> 
     </span>
     <span class='ocr_line' id='line_1_25' title="bbox 226 2065 1977 2124; baseline 0.002 -17"><span class='ocrx_word' id='word_1_210' title='bbox 226 2065 300 2121; x_wconf 86' lang='lat'><strong>3.;</strong></span> <span class='ocrx_word' id='word_1_211' title='bbox 329 2069 417 2108; x_wconf 88' lang='lat' dir='ltr'><strong>tum</strong></span> <span class='ocrx_word' id='word_1_212' title='bbox 448 2069 681 2122; x_wconf 84' lang='lat' dir='ltr'><strong>praecipue</strong></span> <span class='ocrx_word' id='word_1_213' title='bbox 714 2068 796 2108; x_wconf 90' lang='lat' dir='ltr'><strong>duo</strong></span> <span class='ocrx_word' id='word_1_214' title='bbox 828 2081 854 2109; x_wconf 88' lang='lat' dir='ltr'><strong>a</strong></span> <span class='ocrx_word' id='word_1_215' title='bbox 885 2070 1010 2110; x_wconf 90' lang='lat' dir='ltr'><strong>nobis</strong></span> <span class='ocrx_word' id='word_1_216' title='bbox 1040 2072 1221 2124; x_wconf 90' lang='lat' dir='ltr'><strong>primum</strong></span> <span class='ocrx_word' id='word_1_217' title='bbox 1254 2082 1348 2112; x_wconf 89' lang='lat' dir='ltr'><strong>cum</strong></span> <span class='ocrx_word' id='word_1_218' title='bbox 1375 2070 1488 2110; x_wconf 90' lang='lat' dir='ltr'><strong>omni</strong></span> <span class='ocrx_word' id='word_1_219' title='bbox 1511 2071 1723 2112; x_wconf 80' lang='lat' dir='ltr'><strong>orationis</strong></span> <span class='ocrx_word' id='word_1_220' title='bbox 1743 2071 1977 2124; x_wconf 85' lang='lat' dir='ltr'><strong>varietate,</strong></span> 
     </span>
     <span class='ocr_line' id='line_1_26' title="bbox 227 2142 1406 2199; baseline 0.001 -17"><span class='ocrx_word' id='word_1_221' title='bbox 227 2146 442 2196; x_wconf 87' lang='lat' dir='ltr'><strong>quatenus</strong></span> <span class='ocrx_word' id='word_1_222' title='bbox 472 2142 639 2197; x_wconf 80' lang='lat' dir='ltr'><strong>quidem</strong></span> <span class='ocrx_word' id='word_1_223' title='bbox 673 2144 797 2185; x_wconf 89' lang='lat' dir='ltr'><strong>nobis</strong></span> <span class='ocrx_word' id='word_1_224' title='bbox 827 2145 1044 2197; x_wconf 90' lang='lat' dir='ltr'><strong>innotuit,</strong></span> <span class='ocrx_word' id='word_1_225' title='bbox 1077 2144 1147 2187; x_wconf 90' lang='lat' dir='ltr'><strong>hic</strong></span> <span class='ocrx_word' id='word_1_226' title='bbox 1178 2146 1406 2199; x_wconf 84' lang='lat' dir='ltr'><strong>excerpti:</strong></span> 
     </span>
    </p>

    <p class='ocr_par' dir='ltr' id='par_1_7' title="bbox 224 2216 1977 2722">
     <span class='ocr_line' id='line_1_27' title="bbox 339 2216 1976 2276; baseline 0.002 -18"><span class='ocrx_word' id='word_1_227' title='bbox 339 2217 383 2258; x_wconf 91' lang='lat' dir='ltr'>A</span> <span class='ocrx_word' id='word_1_228' title='bbox 413 2229 466 2250; x_wconf 73' lang='lat' dir='ltr'><strong><em>z</em></strong></span> <span class='ocrx_word' id='word_1_229' title='bbox 496 2218 786 2260; x_wconf 86' lang='lat' dir='ltr'><strong>Abrincensis</strong></span> <span class='ocrx_word' id='word_1_230' title='bbox 816 2216 966 2261; x_wconf 87' lang='lat' dir='ltr'><strong>Seculi</strong></span> <span class='ocrx_word' id='word_1_231' title='bbox 994 2218 1050 2261; x_wconf 91' lang='lat' dir='ltr'><strong>X.</strong></span> <span class='ocrx_word' id='word_1_232' title='bbox 1080 2223 1156 2262; x_wconf 88' lang='lat' dir='ltr'><strong>aut</strong></span> <span class='ocrx_word' id='word_1_233' title='bbox 1177 2219 1258 2262; x_wconf 86' lang='lat' dir='ltr'><strong>XI.</strong></span> <span class='ocrx_word' id='word_1_234' title='bbox 1281 2221 1497 2275; x_wconf 88' lang='lat' dir='ltr'><strong>ineuntis,</strong></span> <span class='ocrx_word' id='word_1_235' title='bbox 1528 2232 1729 2274; x_wconf 87' lang='lat' dir='ltr'><strong>mancus,</strong></span> <span class='ocrx_word' id='word_1_236' title='bbox 1759 2220 1976 2276; x_wconf 90' lang='lat' dir='ltr'><strong>incipiens</strong></span> 
     </span>
     <span class='ocr_line' id='line_1_28' title="bbox 225 2287 1970 2352; baseline 0.003 -20"><span class='ocrx_word' id='word_1_237' title='bbox 225 2305 251 2332; x_wconf 85' lang='lat' dir='ltr'><strong>a</strong></span> <span class='ocrx_word' id='word_1_238' title='bbox 282 2292 373 2333; x_wconf 87' lang='lat' dir='ltr'><strong>Lib.</strong></span> <span class='ocrx_word' id='word_1_239' title='bbox 404 2290 460 2346; x_wconf 70' lang='grc'><strong>2,</strong></span> <span class='ocrx_word' id='word_1_240' title='bbox 491 2287 536 2344; x_wconf 77' lang='lat'><strong>§.</strong></span> <span class='ocrx_word' id='word_1_241' title='bbox 568 2290 672 2345; x_wconf 58' lang='lat'><strong>19„</strong></span> <span class='ocrx_word' id='word_1_242' title='bbox 704 2295 825 2335; x_wconf 87' lang='lat' dir='ltr'><strong>cuius</strong></span> <span class='ocrx_word' id='word_1_243' title='bbox 855 2296 1130 2337; x_wconf 88' lang='lat' dir='ltr'><strong>collationem</strong></span> <span class='ocrx_word' id='word_1_244' title='bbox 1163 2295 1399 2352; x_wconf 84' lang='lat' dir='ltr'><strong>diligenter</strong></span> <span class='ocrx_word' id='word_1_245' title='bbox 1429 2296 1590 2338; x_wconf 87' lang='lat' dir='ltr'><strong>factam</strong></span> <span class='ocrx_word' id='word_1_246' title='bbox 1621 2308 1646 2337; x_wconf 89' lang='lat' dir='ltr'><strong>a</strong></span> <span class='ocrx_word' id='word_1_247' title='bbox 1677 2295 1729 2337; x_wconf 90' lang='lat' dir='ltr'><strong>V.</strong></span> <span class='ocrx_word' id='word_1_248' title='bbox 1752 2292 1800 2338; x_wconf 84' lang='lat' dir='ltr'><strong>C.</strong></span> <span class='ocrx_word' id='word_1_249' title='bbox 1819 2296 1970 2338; x_wconf 85' lang='lat' dir='ltr'><strong>Lehe-</strong></span> 
     </span>
     <span class='ocr_line' id='line_1_29' title="bbox 226 2361 1976 2430; baseline 0.003 -23"><span class='ocrx_word' id='word_1_250' title='bbox 226 2367 371 2408; x_wconf 90' lang='lat' dir='ltr'><strong>richer</strong></span> <span class='ocrx_word' id='word_1_251' title='bbox 395 2361 605 2418; x_wconf 72' lang='lat' dir='ltr'><strong>(rectem</strong></span> <span class='ocrx_word' id='word_1_252' title='bbox 625 2369 679 2409; x_wconf 74' lang='lat' dir='ltr'><strong>de</strong></span> <span class='ocrx_word' id='word_1_253' title='bbox 700 2370 892 2410; x_wconf 75' lang='lat' dir='ltr'><strong>seconde</strong></span> <span class='ocrx_word' id='word_1_254' title='bbox 914 2383 974 2412; x_wconf 75' lang='lat' dir='ltr'><strong>aa</strong></span> <span class='ocrx_word' id='word_1_255' title='bbox 997 2371 1163 2426; x_wconf 35' lang='lat' dir='ltr'><strong>colle-qe</strong></span> <span class='ocrx_word' id='word_1_256' title='bbox 1179 2369 1484 2430; x_wconf 45' lang='lat' dir='ltr'><strong>(luterumlee,</strong></span> <span class='ocrx_word' id='word_1_257' title='bbox 1509 2365 1765 2423; x_wconf 83' lang='lat' dir='ltr'><strong>Abrincae]</strong></span> <span class='ocrx_word' id='word_1_258' title='bbox 1786 2373 1976 2428; x_wconf 81' lang='lat' dir='ltr'><strong>rogante</strong></span> 
     </span>
     <span class='ocr_line' id='line_1_30' title="bbox 224 2442 1976 2501; baseline 0.002 -18"><span class='ocrx_word' id='word_1_259' title='bbox 224 2442 405 2483; x_wconf 90' lang='lat' dir='ltr'><strong>Baitero</strong></span> <span class='ocrx_word' id='word_1_260' title='bbox 437 2456 462 2482; x_wconf 89' lang='lat' dir='ltr'><strong>a</strong></span> <span class='ocrx_word' id='word_1_261' title='bbox 493 2442 544 2483; x_wconf 90' lang='lat' dir='ltr'><strong>V.</strong></span> <span class='ocrx_word' id='word_1_262' title='bbox 574 2443 619 2484; x_wconf 88' lang='lat' dir='ltr'><strong>C.</strong></span> <span class='ocrx_word' id='word_1_263' title='bbox 649 2443 921 2498; x_wconf 86' lang='lat' dir='ltr'><strong>Ravaisson,</strong></span> <span class='ocrx_word' id='word_1_264' title='bbox 968 2447 1038 2500; x_wconf 88' lang='lat' dir='ltr'><strong>qui</strong></span> <span class='ocrx_word' id='word_1_265' title='bbox 1071 2449 1251 2499; x_wconf 85' lang='lat' dir='ltr'><strong>praeest</strong></span> <span class='ocrx_word' id='word_1_266' title='bbox 1282 2446 1559 2489; x_wconf 88' lang='lat' dir='ltr'><strong>bibliothecis</strong></span> <span class='ocrx_word' id='word_1_267' title='bbox 1591 2445 1793 2500; x_wconf 81' lang='lat' dir='ltr'><strong>Gallicis,</strong></span> <span class='ocrx_word' id='word_1_268' title='bbox 1834 2447 1976 2501; x_wconf 89' lang='lat' dir='ltr'><strong>impe-</strong></span> 
     </span>
     <span class='ocr_line' id='line_1_31' title="bbox 225 2518 1977 2577; baseline 0.003 -21"><span class='ocrx_word' id='word_1_269' title='bbox 225 2518 360 2557; x_wconf 87' lang='lat' dir='ltr'><strong>travit</strong></span> <span class='ocrx_word' id='word_1_270' title='bbox 398 2529 450 2558; x_wconf 90' lang='lat' dir='ltr'><strong>ac</strong></span> <span class='ocrx_word' id='word_1_271' title='bbox 497 2518 717 2559; x_wconf 87' lang='lat' dir='ltr'><strong>nobiscum</strong></span> <span class='ocrx_word' id='word_1_272' title='bbox 759 2519 947 2577; x_wconf 81' lang='lat' dir='ltr'><strong>benigne</strong></span> <span class='ocrx_word' id='word_1_273' title='bbox 994 2522 1329 2563; x_wconf 83' lang='lat' dir='ltr'><strong>communicavit</strong></span> <span class='ocrx_word' id='word_1_274' title='bbox 1373 2521 1425 2563; x_wconf 92' lang='lat' dir='ltr'><strong>V.</strong></span> <span class='ocrx_word' id='word_1_275' title='bbox 1456 2522 1502 2564; x_wconf 93' lang='lat' dir='ltr'><strong>C.</strong></span> <span class='ocrx_word' id='word_1_276' title='bbox 1539 2521 1704 2575; x_wconf 86' lang='lat' dir='ltr'><strong>Adert,</strong></span> <span class='ocrx_word' id='word_1_277' title='bbox 1749 2521 1977 2576; x_wconf 85' lang='lat' dir='ltr'><strong>professor</strong></span> 
     </span>
     <span class='ocr_line' id='line_1_32' title="bbox 227 2591 1976 2650; baseline 0.003 -17"><span class='ocrx_word' id='word_1_278' title='bbox 227 2591 515 2633; x_wconf 84' lang='lat' dir='ltr'><strong>Genevensis.</strong></span> <span class='ocrx_word' id='word_1_279' title='bbox 575 2593 918 2636; x_wconf 85' lang='lat' dir='ltr'><strong>Accuratissima</strong></span> <span class='ocrx_word' id='word_1_280' title='bbox 939 2596 1118 2637; x_wconf 88' lang='lat' dir='ltr'><strong>videtur</strong></span> <span class='ocrx_word' id='word_1_281' title='bbox 1139 2597 1342 2650; x_wconf 85' lang='lat' dir='ltr'><strong>collatio,</strong></span> <span class='ocrx_word' id='word_1_282' title='bbox 1373 2609 1468 2639; x_wconf 90' lang='lat' dir='ltr'><strong>cum</strong></span> <span class='ocrx_word' id='word_1_283' title='bbox 1502 2596 1694 2638; x_wconf 89' lang='lat' dir='ltr'><strong>ordinem</strong></span> <span class='ocrx_word' id='word_1_284' title='bbox 1718 2597 1845 2638; x_wconf 88' lang='lat' dir='ltr'><strong>etiam</strong></span> <span class='ocrx_word' id='word_1_285' title='bbox 1867 2609 1976 2638; x_wconf 85' lang='lat' dir='ltr'><strong>ver·-</strong></span> 
     </span>
     <span class='ocr_line' id='line_1_33' title="bbox 226 2666 629 2722; baseline 0.002 -15"><span class='ocrx_word' id='word_1_286' title='bbox 226 2666 373 2707; x_wconf 88' lang='lat' dir='ltr'><strong>borum</strong></span> <span class='ocrx_word' id='word_1_287' title='bbox 404 2668 629 2722; x_wconf 87' lang='lat' dir='ltr'><strong>respiciat.</strong></span> 
     </span>
    </p>

    <p class='ocr_par' dir='ltr' id='par_1_8' title="bbox 224 2741 1975 3401">
     <span class='ocr_line' id='line_1_34' title="bbox 334 2741 1975 2802; baseline 0.004 -20"><span class='ocrx_word' id='word_1_288' title='bbox 334 2741 372 2782; x_wconf 95' lang='lat' dir='ltr'>B</span> <span class='ocrx_word' id='word_1_289' title='bbox 403 2754 455 2774; x_wconf 73' lang='grc' dir='ltr'><strong>Ξ</strong></span> <span class='ocrx_word' id='word_1_290' title='bbox 486 2742 591 2784; x_wconf 88' lang='lat' dir='ltr'><strong>Cod.</strong></span> <span class='ocrx_word' id='word_1_291' title='bbox 621 2742 909 2799; x_wconf 79' lang='lat' dir='ltr'><strong>Erlangensis</strong></span> <span class='ocrx_word' id='word_1_292' title='bbox 938 2745 1075 2802; x_wconf 90' lang='lat' dir='ltr'><strong>alter,</strong></span> <span class='ocrx_word' id='word_1_293' title='bbox 1102 2747 1403 2801; x_wconf 85' lang='lat' dir='ltr'><strong>subscriptus:</strong></span> <span class='ocrx_word' id='word_1_294' title='bbox 1450 2745 1586 2788; x_wconf 73' lang='lat' dir='ltr'><strong>Finis</strong></span> <span class='ocrx_word' id='word_1_295' title='bbox 1616 2758 1700 2802; x_wconf 82' lang='lat' dir='ltr'><strong>per</strong></span> <span class='ocrx_word' id='word_1_296' title='bbox 1728 2744 1975 2788; x_wconf 77' lang='lat' dir='ltr'><strong>iohannem</strong></span> 
     </span>
     <span class='ocr_line' id='line_1_35' title="bbox 226 2816 1975 2878; baseline 0.005 -23"><span class='ocrx_word' id='word_1_297' title='bbox 226 2816 463 2857; x_wconf 71' lang='lat' dir='ltr'><strong>dolz&#39;atorz’s</strong></span> <span class='ocrx_word' id='word_1_298' title='bbox 492 2816 678 2874; x_wconf 51' lang='lat'><em>1451„</em></span> <span class='ocrx_word' id='word_1_299' title='bbox 712 2820 1036 2861; x_wconf 86' lang='lat' dir='ltr'><strong>recentissimus</strong></span> <span class='ocrx_word' id='word_1_300' title='bbox 1058 2822 1214 2878; x_wconf 78' lang='lat' dir='ltr'><strong>igitur,</strong></span> <span class='ocrx_word' id='word_1_301' title='bbox 1246 2821 1324 2862; x_wconf 89' lang='lat' dir='ltr'><strong>sed</strong></span> <span class='ocrx_word' id='word_1_302' title='bbox 1350 2823 1545 2877; x_wconf 73' lang='lat' dir='ltr'><strong>integer,</strong></span> <span class='ocrx_word' id='word_1_303' title='bbox 1567 2833 1660 2861; x_wconf 84' lang='lat' dir='ltr'><strong>eum</strong></span> <span class='ocrx_word' id='word_1_304' title='bbox 1683 2819 1975 2877; x_wconf 77' lang='lat' dir='ltr'><strong>Erlangensis</strong></span> 
     </span>
     <span class='ocr_line' id='line_1_36' title="bbox 226 2889 1972 2949; baseline 0.005 -21"><span class='ocrx_word' id='word_1_305' title='bbox 226 2891 410 2945; x_wconf 87' lang='lat' dir='ltr'><strong>primus,</strong></span> <span class='ocrx_word' id='word_1_306' title='bbox 439 2889 610 2943; x_wconf 82' lang='lat' dir='ltr'><strong>Secuii,</strong></span> <span class='ocrx_word' id='word_1_307' title='bbox 642 2895 687 2932; x_wconf 89' lang='lat' dir='ltr'><strong>ut</strong></span> <span class='ocrx_word' id='word_1_308' title='bbox 718 2894 863 2946; x_wconf 90' lang='lat' dir='ltr'><strong>aiunt,</strong></span> <span class='ocrx_word' id='word_1_309' title='bbox 894 2892 948 2934; x_wconf 91' lang='lat' dir='ltr'><strong>X.</strong></span> <span class='ocrx_word' id='word_1_310' title='bbox 980 2897 1035 2935; x_wconf 88' lang='lat' dir='ltr'><strong>sit</strong></span> <span class='ocrx_word' id='word_1_311' title='bbox 1068 2909 1256 2937; x_wconf 85' lang='lat' dir='ltr'><strong>mancus.</strong></span> <span class='ocrx_word' id='word_1_312' title='bbox 1289 2892 1371 2948; x_wconf 77' lang='lat' dir='ltr'><strong>(V.</strong></span> <span class='ocrx_word' id='word_1_313' title='bbox 1391 2896 1584 2937; x_wconf 83' lang='lat' dir='ltr'><strong>Ernestii</strong></span> <span class='ocrx_word' id='word_1_314' title='bbox 1608 2890 1972 2949; x_wconf 80' lang='lat' dir='ltr'><strong>praefationem.)</strong></span> 
     </span>
     <span class='ocr_line' id='line_1_37' title="bbox 226 2964 1974 3026; baseline 0.004 -21"><span class='ocrx_word' id='word_1_315' title='bbox 226 2964 384 3005; x_wconf 88' lang='lat' dir='ltr'><strong>Mirum</strong></span> <span class='ocrx_word' id='word_1_316' title='bbox 408 2970 549 3007; x_wconf 89' lang='lat' dir='ltr'><strong>autem</strong></span> <span class='ocrx_word' id='word_1_317' title='bbox 572 2968 613 3007; x_wconf 92' lang='lat' dir='ltr'><strong>in</strong></span> <span class='ocrx_word' id='word_1_318' title='bbox 637 2967 804 3007; x_wconf 89' lang='lat' dir='ltr'><strong>modum</strong></span> <span class='ocrx_word' id='word_1_319' title='bbox 828 2970 945 3009; x_wconf 90' lang='lat' dir='ltr'><strong>totus</strong></span> <span class='ocrx_word' id='word_1_320' title='bbox 967 2968 1034 3011; x_wconf 89' lang='lat' dir='ltr'><strong>hic</strong></span> <span class='ocrx_word' id='word_1_321' title='bbox 1057 2971 1166 3011; x_wconf 89' lang='lat' dir='ltr'><strong>liber</strong></span> <span class='ocrx_word' id='word_1_322' title='bbox 1187 2972 1411 3025; x_wconf 86' lang='lat' dir='ltr'><strong>conspirat</strong></span> <span class='ocrx_word' id='word_1_323' title='bbox 1434 2982 1528 3011; x_wconf 87' lang='lat' dir='ltr'><strong>cum</strong></span> <span class='ocrx_word' id='word_1_324' title='bbox 1551 2968 1904 3026; x_wconf 85' lang='lat' dir='ltr'><strong>Guelferbytano</strong></span> <span class='ocrx_word' id='word_1_325' title='bbox 1929 2971 1974 3012; x_wconf 80' lang='grc'><strong>3.</strong></span> 
     </span>
     <span class='ocr_line' id='line_1_38' title="bbox 226 3039 1972 3099; baseline 0.005 -20"><span class='ocrx_word' id='word_1_326' title='bbox 226 3041 269 3079; x_wconf 89' lang='lat' dir='ltr'><strong>et</strong></span> <span class='ocrx_word' id='word_1_327' title='bbox 303 3039 562 3081; x_wconf 82' lang='lat' dir='ltr'><strong>Abrincensi</strong></span> <span class='ocrx_word' id='word_1_328' title='bbox 592 3043 635 3082; x_wconf 90' lang='lat' dir='ltr'><strong>in</strong></span> <span class='ocrx_word' id='word_1_329' title='bbox 667 3043 742 3095; x_wconf 90' lang='lat' dir='ltr'><strong>iis,</strong></span> <span class='ocrx_word' id='word_1_330' title='bbox 775 3055 885 3096; x_wconf 84' lang='lat' dir='ltr'><strong>quae</strong></span> <span class='ocrx_word' id='word_1_331' title='bbox 917 3043 957 3083; x_wconf 89' lang='lat' dir='ltr'><strong>hi</strong></span> <span class='ocrx_word' id='word_1_332' title='bbox 990 3045 1218 3098; x_wconf 76' lang='lat' dir='ltr'><strong>exhibent,</strong></span> <span class='ocrx_word' id='word_1_333' title='bbox 1252 3046 1440 3099; x_wconf 78' lang='lat' dir='ltr'><strong>itemque</strong></span> <span class='ocrx_word' id='word_1_334' title='bbox 1472 3057 1567 3086; x_wconf 87' lang='lat' dir='ltr'><strong>cum</strong></span> <span class='ocrx_word' id='word_1_335' title='bbox 1599 3046 1850 3086; x_wconf 87' lang='lat' dir='ltr'><strong>melioribus</strong></span> <span class='ocrx_word' id='word_1_336' title='bbox 1880 3045 1972 3087; x_wconf 89' lang='lat' dir='ltr'><strong>La-</strong></span> 
     </span>
     <span class='ocr_line' id='line_1_39' title="bbox 224 3115 1970 3173; baseline 0.005 -21"><span class='ocrx_word' id='word_1_337' title='bbox 224 3115 582 3169; x_wconf 80' lang='lat' dir='ltr'><strong>gomarsinianis,</strong></span> <span class='ocrx_word' id='word_1_338' title='bbox 613 3117 674 3156; x_wconf 82' lang='lat' dir='ltr'><strong>lta</strong></span> <span class='ocrx_word' id='word_1_339' title='bbox 705 3119 751 3157; x_wconf 91' lang='lat' dir='ltr'><strong>ut</strong></span> <span class='ocrx_word' id='word_1_340' title='bbox 783 3130 936 3173; x_wconf 76' lang='lat' dir='ltr'><strong>magna</strong></span> <span class='ocrx_word' id='word_1_341' title='bbox 969 3120 1025 3159; x_wconf 88' lang='lat' dir='ltr'><strong>sit</strong></span> <span class='ocrx_word' id='word_1_342' title='bbox 1057 3121 1148 3161; x_wconf 90' lang='lat' dir='ltr'><strong>eius</strong></span> <span class='ocrx_word' id='word_1_343' title='bbox 1177 3122 1432 3162; x_wconf 79' lang='lat' dir='ltr'><strong>auctoritas.</strong></span> <span class='ocrx_word' id='word_1_344' title='bbox 1490 3119 1650 3161; x_wconf 88' lang='lat' dir='ltr'><strong>Verum</strong></span> <span class='ocrx_word' id='word_1_345' title='bbox 1683 3132 1791 3161; x_wconf 85' lang='lat' dir='ltr'><strong>sane</strong></span> <span class='ocrx_word' id='word_1_346' title='bbox 1813 3119 1970 3161; x_wconf 88' lang='lat' dir='ltr'><strong>dolen-</strong></span> 
     </span>
     <span class='ocr_line' id='line_1_40' title="bbox 226 3187 1970 3248; baseline 0.006 -22"><span class='ocrx_word' id='word_1_347' title='bbox 226 3187 322 3227; x_wconf 90' lang='lat' dir='ltr'><strong>dum</strong></span> <span class='ocrx_word' id='word_1_348' title='bbox 356 3190 442 3240; x_wconf 91' lang='lat' dir='ltr'><strong>est,</strong></span> <span class='ocrx_word' id='word_1_349' title='bbox 489 3189 600 3240; x_wconf 83' lang='lat' dir='ltr'><strong>quod</strong></span> <span class='ocrx_word' id='word_1_350' title='bbox 632 3192 863 3232; x_wconf 84' lang='lat' dir='ltr'><strong>verborum</strong></span> <span class='ocrx_word' id='word_1_351' title='bbox 904 3193 1095 3235; x_wconf 85' lang='lat' dir='ltr'><strong>ordinem</strong></span> <span class='ocrx_word' id='word_1_352' title='bbox 1128 3208 1216 3236; x_wconf 91' lang='lat' dir='ltr'><strong>non</strong></span> <span class='ocrx_word' id='word_1_353' title='bbox 1246 3195 1380 3248; x_wconf 78' lang='lat' dir='ltr'><strong>satis,</strong></span> <span class='ocrx_word' id='word_1_354' title='bbox 1425 3195 1487 3235; x_wconf 91' lang='lat' dir='ltr'><strong>uti</strong></span> <span class='ocrx_word' id='word_1_355' title='bbox 1518 3194 1733 3248; x_wconf 86' lang='lat' dir='ltr'><strong>debebat,</strong></span> <span class='ocrx_word' id='word_1_356' title='bbox 1779 3194 1970 3236; x_wconf 84' lang='lat' dir='ltr'><strong>attendit</strong></span> 
     </span>
     <span class='ocr_line' id='line_1_41' title="bbox 226 3262 1966 3324; baseline 0.005 -21"><span class='ocrx_word' id='word_1_357' title='bbox 226 3263 411 3303; x_wconf 84' lang='lat' dir='ltr'><strong>collator</strong></span> <span class='ocrx_word' id='word_1_358' title='bbox 441 3262 728 3319; x_wconf 77' lang='lat' dir='ltr'><strong>Erlangensis</strong></span> <span class='ocrx_word' id='word_1_359' title='bbox 759 3267 884 3308; x_wconf 90' lang='lat' dir='ltr'><strong>nobis</strong></span> <span class='ocrx_word' id='word_1_360' title='bbox 913 3268 1116 3322; x_wconf 78' lang='lat' dir='ltr'><strong>ignotus,</strong></span> <span class='ocrx_word' id='word_1_361' title='bbox 1162 3270 1233 3324; x_wconf 88' lang='lat' dir='ltr'><strong>qui</strong></span> <span class='ocrx_word' id='word_1_362' title='bbox 1275 3270 1372 3310; x_wconf 87' lang='lat' dir='ltr'><strong>olim</strong></span> <span class='ocrx_word' id='word_1_363' title='bbox 1415 3282 1508 3310; x_wconf 88' lang='lat' dir='ltr'><strong>eum</strong></span> <span class='ocrx_word' id='word_1_364' title='bbox 1542 3269 1738 3312; x_wconf 89' lang='lat' dir='ltr'><strong>excussit</strong></span> <span class='ocrx_word' id='word_1_365' title='bbox 1767 3270 1812 3309; x_wconf 88' lang='lat' dir='ltr'><strong>in</strong></span> <span class='ocrx_word' id='word_1_366' title='bbox 1844 3282 1966 3311; x_wconf 90' lang='lat' dir='ltr'><strong>usum</strong></span> 
     </span>
     <span class='ocr_line' id='line_1_42' title="bbox 225 3337 1905 3401; baseline 0.006 -23"><span class='ocrx_word' id='word_1_367' title='bbox 225 3337 477 3379; x_wconf 86' lang='lat' dir='ltr'><strong>amicissimi</strong></span> <span class='ocrx_word' id='word_1_368' title='bbox 506 3339 646 3379; x_wconf 87' lang='lat' dir='ltr'><strong>nostri</strong></span> <span class='ocrx_word' id='word_1_369' title='bbox 677 3339 856 3383; x_wconf 87' lang='lat' dir='ltr'><strong>Henrici</strong></span> <span class='ocrx_word' id='word_1_370' title='bbox 885 3342 1088 3400; x_wconf 86' lang='lat' dir='ltr'><strong>Meyeri,</strong></span> <span class='ocrx_word' id='word_1_371' title='bbox 1121 3346 1192 3401; x_wconf 86' lang='lat' dir='ltr'><strong>qui</strong></span> <span class='ocrx_word' id='word_1_372' title='bbox 1220 3345 1411 3388; x_wconf 86' lang='lat' dir='ltr'><strong>libellum</strong></span> <span class='ocrx_word' id='word_1_373' title='bbox 1442 3345 1570 3389; x_wconf 89' lang='lat' dir='ltr'><strong>nobis</strong></span> <span class='ocrx_word' id='word_1_374' title='bbox 1600 3342 1905 3388; x_wconf 81' lang='lat' dir='ltr'><strong>commodavit.</strong></span> 
     </span>
    </p>
   </div>
  </div>
 </body>
</html>
