2117 3762
805 207 847 250 C.
883 208 948 248 33.
979 208 1044 251 34.
1074 209 1141 249 35.
1175 208 1243 250 36.
1822 207 1902 249 497

154 316 253 356 tatio
275 319 356 362 est,
388 327 468 369 qua
499 313 632 356 solent
660 314 717 354 nti
741 314 791 354 ad
823 312 1086 354 infirmandas
1108 316 1384 368 quaestiones,
1419 317 1460 355 et
1490 311 1687 354 meditata
1711 314 1902 368 puerilis-

154 392 234 432 que
280 378 468 418 (licenda.
545 379 647 418 Tum
694 375 880 417 facienda
926 376 1026 417 fides
1071 375 1288 428 diligenter
1334 390 1423 418 esse
1467 381 1507 417 et
1550 377 1637 417 sine
1683 376 1901 432 cupiditate

153 439 407 495 quaesitum,
456 440 643 494 dictaque
685 439 938 492 quaestionis
979 440 1231 493 argumentis
1271 444 1310 479 et
1350 440 1586 481 coniectura
1616 440 1899 492 ponderanda.

152 505 286 556 Atque
318 504 419 543 haec
451 502 720 542 accusationis
760 501 847 542 sere
884 499 1069 542 membra
1108 506 1217 541 sunt.
1278 503 1449 544 XXXV.
1501 504 1593 544 119.
1641 501 1904 544 Defensionis

153 570 289 606 autem
330 567 507 620 primum
544 562 767 605 infirmatio
808 577 1043 612 causarum;
1094 560 1163 604 aut
1192 576 1274 604 non
1305 563 1430 606 fuisse
1461 571 1530 607 ant
1560 579 1643 607 non
1673 570 1805 607 tantas
1836 571 1934 606 aut⁵

151 639 235 668 non
277 627 355 667 sibi
393 626 470 668 soli
509 631 580 667 aut
619 626 877 668 commodius
916 627 1101 680 potuisse
1141 623 1251 666 idem
1291 629 1512 682 consequi;
1560 633 1631 669 aut
1666 642 1750 669 non
1781 626 1830 669 iis
1862 641 1905 668 sc

154 701 245 730 esse
275 687 483 737 moribus,
514 702 598 729 non
629 702 675 730 ea
706 691 814 739 vita3
861 695 930 731 aut
958 688 1094 730 nullos
1126 688 1252 728 animi
1282 695 1418 730 motus
1448 697 1518 731 aut
1547 704 1630 732 non
1660 695 1742 732 tam
1773 691 1909 743 impo-

152 756 284 792 tentes
314 750 454 792 suisse.
515 751 770 793 Facultatum
812 758 948 793 autem
986 749 1264 792 infirmatione
1305 757 1469 800 utetur,
1517 752 1549 793 si
1591 754 1672 794 aut‘
1700 752 1808 795 vires
1839 756 1909 794 aut

152 812 332 854 animum
373 818 444 853 aut
475 813 616 867 copias
648 820 719 856 aut
749 828 849 868 opes
880 813 1032 855 afuisse
1063 811 1390 862 demonstrabit;
1438 819 1506 855 aut
1536 814 1714 857 alienum
1745 820 1908 869 tempus

152 879 222 916 aut
252 873 388 916 locum
419 873 504 917 non
534 875 732 919 idoneum
763 883 832 918 aut
860 876 1010 918 multos
1040 876 1249 924 arbitros,
1289 888 1467 930 quorum
1501 880 1689 919 crederet
1719 877 1958 928 nemini31o

151 942 221 979 aut
248 951 332 979 non
363 952 406 979 se
438 943 518 979 tam
550 945 765 993 apertum,
807 945 851 981 ut
880 939 922 980 id
953 938 1207 994 susciperet,
1252 939 1367 992 quod
1398 940 1606 981 occultare
1637 954 1719 981 non
1751 947 1905 996 posset,

149 1013 284 1057 neque
314 1006 397 1042 tam
428 1007 656 1050 amentem,
704 1008 749 1044 ut
786 1015 941 1058 poenas
979 1016 1026 1043 ac
1065 1000 1219 1043 iudicia
1259 1005 1558 1043 contemneret.
1623 1005 1716 1044 120.
1754 1005 1909 1046 Conse-

150 1065 318 1119 quentia
349 1070 485 1106 autem
517 1064 647 1106 diluet
677 1066 927 1119 exponendo
970 1077 1055 1106 non
1086 1076 1175 1104 esse
1206 1062 1277 1104 illa
1308 1068 1422 1104 certa
1452 1062 1605 1104 indicia
1638 1064 1754 1115 sacti,
1802 1080 1907 1123 quae

150 1127 273 1168 etiam
305 1127 417 1168 nullo
448 1126 625 1169 admisso
656 1129 854 1183 consequi
884 1132 1080 1183 possent,
1114 1126 1394 1182 consistetque
1424 1127 1466 1168 in
1497 1126 1666 1180 singulis
1698 1133 1740 1169 et
1771 1142 1818 1170 ea
1840 1134 1910 1170 aut

151 1202 319 1237 eorum,
367 1203 472 1245 quae
502 1191 590 1245 ipse
620 1188 725 1231 facta
756 1203 846 1232 esse
878 1191 1001 1238 dicit,
1048 1189 1220 1245 propria
1260 1203 1351 1231 esse
1392 1188 1588 1231 desendet
1616 1190 1752 1245 potius
1784 1205 1909 1245 quam
1923 1203 1958 1230 ιε

151 1252 363 1301 criminis;
411 1257 481 1294 aut
519 1251 554 1293 si
595 1252 673 1293 sibi
714 1266 807 1294 cum
849 1258 1088 1294 accusatore
1128 1252 1363 1294 communia
1399 1256 1566 1301 essent,
1616 1265 1691 1307 pro
1720 1253 1909 1309 periculo

150 1313 289 1369 potius
318 1327 442 1368 quam
473 1320 617 1356 contra
646 1315 819 1357 salutem
850 1315 989 1357 valere
1028 1313 1210 1366 debere;
1258 1315 1506 1369 testiumque
1547 1319 1587 1356 et
1618 1316 1909 1370 quaestionum

151 1390 280 1431 genus
309 1376 548 1419 universum
580 1383 640 1426 et,
686 1377 798 1433 quod
828 1377 1001 1434 poterit,
1048 1377 1091 1419 in
1121 1377 1291 1433 singulis
1322 1392 1375 1420 ex
1406 1376 1743 1434 reprehensionis
1784 1380 1903 1428 locis,

151 1439 202 1482 de
233 1438 386 1494 quibus
416 1445 509 1481 ante
540 1438 696 1482 dictum
727 1447 812 1491 est,
864 1439 1044 1482 refellet.
1115 1442 1210 1482 121.
1251 1443 1409 1483 Harum
1448 1455 1665 1484 causarum
1709 1442 1911 1498 principia

151 1502 382 1558 suspiciosa
411 1501 463 1544 ad
493 1503 760 1544 acerbitatem
791 1505 842 1545 ab
874 1508 1114 1545 accusatore
1143 1509 1378 1559 ponentur,
1425 1504 1819 1560 denuntiabiturque
1848 1505 1910 1547 in·
1924 1517 1962 1544 20

151 1567 348 1608 sidiarum
378 1578 598 1608 commune
629 1566 860 1621 periculum
891 1567 1264 1621 excitabunturque
1296 1568 1450 1617 animi,
1481 1572 1528 1608 ut
1557 1566 1786 1609 attendant.
1848 1570 1908 1610 Ab

151 1642 222 1671 reo
253 1634 389 1671 autem
421 1628 590 1684 querela
621 1627 785 1670 conflati
817 1629 1001 1671 criminis
1031 1627 1382 1686 collectarumque
1409 1631 1691 1686 suspicionum
1723 1636 1763 1673 et
1792 1644 1913 1673 accu-

151 1692 302 1733 satoris
332 1689 506 1733 insidiae
536 1697 577 1732 et
605 1692 706 1733 item
737 1705 958 1734 commune
986 1692 1218 1747 periculum
1246 1691 1486 1748 proferetur
1515 1692 1724 1748 animique
1755 1695 1806 1735 ad
1837 1695 1914 1735 mi-

151 1752 421 1796 sericordiam
452 1753 685 1796 allicientur
715 1760 755 1796 et
783 1755 947 1796 modice
976 1753 1270 1796 benevolentia
1298 1754 1482 1798 iudicum
1514 1757 1748 1810 colligetur.
1810 1758 1913 1798 Nar-

150 1818 258 1859 ratio
305 1822 443 1859 autem
479 1816 732 1859 accusatoris
773 1817 853 1859 erit
889 1816 1007 1873 quasi
1046 1815 1307 1859 membratim
1347 1817 1452 1873 gesti
1487 1818 1648 1873 negotii
1686 1818 1910 1874 suspiciosa
1924 1828 1961 1856 2⁵

152 1879 401 1936 explicatio,
449 1880 600 1935 sparsis
630 1879 824 1922 omnibus
854 1880 1131 1934 argumentis,
1179 1881 1412 1922 obscuratis
1450 1879 1774 1923 defensionibus.
1832 1883 1913 1923 De-

150 1940 330 1993 fensori,
381 1947 452 1984 aut
487 1942 721 1996 praeteritis
762 1947 833 1984 aut
869 1943 1100 1984 obscuratis
1131 1938 1415 1996 suspicionum
1445 1945 1723 1999 argumentis,
1772 1958 1912 1986 rerum

151 2005 337 2061 ipsarum
368 2011 540 2054 eventus
570 2010 692 2047 erunt
723 2018 926 2061 casusque
954 2005 1170 2046 narrandi.
1234 2006 1328 2046 122.
1375 2008 1422 2048 In
1451 2005 1745 2048 confirmandis
1774 2011 1913 2049 autem

151 2067 304 2109 nostris
343 2065 773 2122 argumentationibus
812 2065 1153 2123 infirmandisque
1190 2067 1408 2110 contrariis
1438 2082 1563 2124 saepe
1595 2075 1718 2111 erunt
1748 2083 1913 2111 accusa-

152 2129 236 2172 tori
264 2135 401 2172 motus
431 2129 664 2172 animorum
694 2130 909 2178 incitandi,
940 2144 1015 2172 reo
1046 2130 1279 2184 mitigandi.
1340 2131 1476 2186 Atque
1500 2131 1603 2173 haec
1624 2130 1791 2187 quidem
1811 2132 1911 2174 utri·
1926 2141 1961 2167 ³0

153 2206 234 2249 que
265 2194 443 2235 maxime
472 2192 515 2234 in
544 2195 812 2248 peroratione
833 2192 1045 2244 facienda;
1076 2192 1198 2234 alteri
1217 2191 1552 2249 frequentatione
1572 2199 1911 2249 argumentorum

154 2260 196 2297 et
227 2254 541 2297 coacervatione
570 2254 787 2305 universa;
821 2256 966 2304 alteri,
998 2255 1032 2297 si
1062 2254 1183 2309 plane
1213 2269 1379 2298 causam
1410 2258 1702 2311 redarguendo
1735 2255 1912 2311 explica-

154 2318 232 2367 rit,
265 2317 602 2367 enumeratione,
635 2323 680 2359 ut
709 2319 891 2374 quidque
922 2318 1116 2367 diluerit,
1150 2323 1192 2360 et
1220 2318 1486 2362 miseratione
1517 2321 1570 2361 ad
1600 2324 1846 2361 extremum.

265 2382 458 2424 XXXVI.
490 2382 584 2422 123.
634 2382 678 2423 C.
708 2382 754 2421 F.
789 2382 904 2422 Scire
934 2380 1035 2422 mihi
1066 2382 1148 2422 iam
1177 2381 1350 2432 videor,
1393 2381 1741 2438 quemadmodum
1772 2379 1913 2422 conie-

155 2447 273 2486 ctura
313 2441 524 2486 tractanda
561 2443 627 2485 sit.
689 2444 806 2484 Nunc
848 2441 899 2484 de
939 2441 1179 2485 definitione
1214 2445 1443 2487 audiamus.
1502 2447 1546 2488 C.
1581 2446 1625 2485 P.
1671 2441 1962 2485 Communiass

154 2504 306 2548 dantur
334 2507 376 2548 in
405 2506 484 2547 isto
517 2519 669 2561 genere
699 2504 930 2548 accusatori
961 2504 1254 2562 defensorique
1284 2511 1518 2563 praecepta.
1576 2509 1672 2548 Uter
1701 2506 1808 2547 enim
1842 2503 1915 2546 de-

155 2567 338 2610 finiendo
380 2567 739 2624 describendoque
775 2567 904 2610 verbo
947 2568 1077 2624 magis
1116 2571 1169 2610 ad
1207 2583 1372 2612 sensum
1410 2568 1559 2613 iudicis
1590 2567 1913 2622 opinionemque

155 2632 385 2685 penetrarit
424 2639 465 2674 et
502 2637 598 2674 uter
635 2633 686 2673 ad
727 2645 992 2673 communem
1020 2629 1140 2674 verbi
1170 2631 1255 2674 vim
1285 2637 1326 2673 et
1354 2634 1406 2674 ad
1436 2646 1527 2675 eam
1558 2630 1912 2687 praeceptionem,

156 2707 281 2750 quam
309 2695 543 2737 inchoatam
574 2692 786 2736 habebunt
815 2695 858 2735 in
887 2694 1033 2736 animis
1063 2694 1118 2744 ii,
1165 2695 1237 2750 qui
1267 2694 1461 2745 audient,
1505 2693 1636 2748 magis
1669 2698 1710 2734 et
1741 2693 1914 2747 propius

157 2756 397 2806 accesserit,
427 2758 463 2799 is
492 2756 632 2799 vincat
660 2769 830 2798 necesse
860 2761 936 2798 est.
1000 2759 1094 2798 124.
1127 2758 1220 2798 Non
1240 2758 1351 2799 enim
1371 2754 1695 2812 argumentando
1717 2760 1914 2797 tractatur
1926 2765 1963 2793 4ο

156 2820 237 2861 hoc
267 2832 398 2874 genus
427 2821 501 2862 sed
530 2825 741 2875 tamquam
771 2819 1016 2874 explicando
1048 2817 1378 2875 excutiendoque
1409 2821 1560 2868 verbo,
1605 2823 1668 2865 ut,
1701 2817 1736 2858 si
1764 2816 1807 2859 in
1837 2829 1912 2858 reo

157 2881 333 2937 pecunia
376 2880 567 2924 absoluto
608 2895 838 2938 rursusque
883 2886 1077 2925 revocato
1124 2881 1523 2938 praevaricationem
1567 2884 1782 2921 accusator
1822 2892 1914 2922 esse

252 3027 286 3060 1.
312 3028 380 3060 niti
404 3026 468 3060 Ed.
495 3026 581 3062 Ven.
604 3042 645 3052 -—·
670 3025 857 3069 meditata]
882 3028 1020 3061 minuta
1045 3027 1196 3061 malebat
1220 3028 1304 3060 Ern.
1326 3043 1363 3050 -—
1391 3026 1425 3058 [ι.
1453 3024 1701 3065 Defensiomom
1726 3032 1779 3065 pr.
1805 3024 1849 3056 R.
1867 3040 1915 3050 —

159 3073 217 3107 11.
255 3079 415 3115 apertum
441 3073 508 3107 Gu.
536 3074 612 3107 RV.
641 3075 706 3106 Ed.
735 3072 848 3107 Ven.:
889 3076 1045 3116 ineptum
1071 3073 1113 3107 E.
1153 3074 1223 3107 etr.
1251 3073 1288 3114 ἕ.
1317 3074 1397 3105 115.
1426 3089 1463 3096 -
1507 3073 1563 3103 12.
1591 3080 1743 3112 poenam
1767 3071 1840 3104 RV.
1869 3088 1910 3095 —

160 3125 262 3163 atque
287 3119 330 3152 R.
369 3138 407 3144 —
451 3121 508 3154 15.
535 3131 602 3154 esse
630 3121 719 3154 dicet
744 3122 797 3160 R,
837 3126 874 3154 ut
907 3122 1059 3155 edebant
1083 3122 1126 3154 ab
1151 3121 1239 3153 Aldo
1273 3128 1384 3160 usque
1419 3118 1461 3151 ad
1489 3118 1588 3151 Grut.
1615 3118 1785 3151 Praesens
1813 3127 1912 3158 prae-

160 3169 240 3201 tulit
265 3168 349 3200 Ern.
378 3176 418 3200 ex
443 3168 471 3199 B
498 3172 532 3200 et
554 3168 619 3200 Ed.
647 3168 736 3201 Ven.
763 3170 918 3209 itemque
944 3168 998 3201 V:
1024 3170 1107 3201 dicit
1131 3176 1212 3199 esse.
1240 3184 1280 3190 —
1307 3166 1363 3198 18.
1391 3163 1500 3207 quod]
1527 3165 1580 3197 An
1606 3165 1751 3206 quoad?
1781 3166 1848 3198 On.
1869 3181 1907 3188 --

158 3215 217 3247 20.
238 3222 415 3247 commune
432 3215 647 3246 insidiarum.
665 3215 707 3249 V.
730 3232 766 3239 —
789 3215 846 3247 21.
863 3216 1109 3247 excitabuntur
1127 3214 1167 3246 V.
1193 3230 1227 3235 —
1249 3212 1307 3245 22.
1328 3213 1565 3244 accusationis
1582 3211 1624 3243 V.
1645 3228 1687 3236 -
1714 3211 1769 3243 30.
1790 3213 1850 3243 hoc
1866 3228 1879 3234 -
1897 3227 1912 3233 -

159 3258 354 3300 faciendum
380 3261 434 3299 Y,
462 3266 499 3294 ut
526 3270 564 3294 ex
590 3261 680 3294 Edd.
707 3265 791 3296 vett.
821 3261 1019 3294 Schutzius.
1047 3261 1104 3301 (Ut
1130 3269 1214 3298 nos,
1242 3257 1332 3299 RV.)
1359 3259 1542 3292 Praeterea
1569 3259 1659 3291 idem
1687 3267 1747 3298 pro
1774 3258 1911 3298 quidem

160 3309 199 3341 Y.
227 3325 271 3330 —
297 3308 357 3340 34.
382 3309 500 3341 videor
524 3310 596 3341 iam
623 3309 663 3343 R.
693 3327 731 3333 -
759 3309 817 3342 [ιθ.
847 3313 1024 3341 tractatur
1048 3309 1111 3340 hoc
1135 3315 1244 3347 glenus
1270 3306 1353 3340 RV:
1382 3306 1444 3338 Ιιοο
1467 3314 1573 3348 yenus
1598 3309 1775 3337 tractatur
1801 3305 1840 3336 E.

233 3379 326 3406 Cicero
346 3379 374 3406 '1⁸.
397 3380 417 3408 Ι.
1413 3377 1466 3417 32
