2117 3762
716 289 813 330 LIB.
844 287 917 328 111.
978 288 1022 330 C.
1054 288 1122 330 38.
1155 287 1224 329 39.
1256 287 1326 329 40.
1803 288 1882 331 323

134 398 290 450 potest,
323 395 364 435 id
395 393 589 436 translato
619 406 712 435 cum
742 398 803 434 est
832 395 1007 442 dictum,
1042 394 1216 436 illustrat
1246 395 1311 441 id,
1338 393 1449 448 quod
1479 390 1650 446 intelligi
1679 393 1881 444 volumus,

134 457 223 497 eius
266 456 350 504 rei,
400 471 522 511 quam
567 455 702 497 alieno
748 457 879 498 verbo
921 459 1158 510 posuimus,
1207 455 1449 498 similitudo.
1515 457 1608 497 156.
1655 457 1765 509 Ergo
1807 455 1882 498 hae

133 518 420 560 translationes
450 517 566 574 quasi
596 517 869 559 mutuationes
899 525 1012 568 sunt,
1064 532 1179 568 cum,
1226 521 1334 575 quod
1375 532 1459 561 non
1489 516 1666 566 habeas,
1718 516 1882 560 aliunde

134 590 285 622 sumas.
347 581 444 622 lllae
475 580 612 634 paullo
643 581 902 628 audaciores,
934 595 1037 635 quae
1068 595 1149 623 non
1171 581 1352 637 inopiam
1374 580 1576 629 indicant,
1610 581 1682 622 sed
1703 581 1882 621 orationi

132 643 362 698 splendoris
409 642 562 697 aliquid
603 649 840 692 arcessunt;
891 658 1066 698 quarum
1113 657 1192 697 ego
1236 643 1332 699 quid
1372 643 1490 685 vobis
1529 647 1600 686 aut
1643 642 1912 684 inveniendis

134 705 333 747 rationem
364 711 435 746 aut
463 718 614 758 genera
644 718 794 760 ponam
807 709 825 746 *2
873 708 1068 748 XXXIX.
1105 708 1197 747 157.
1230 706 1522 748 Similitudinis
1547 710 1609 747 est
1627 707 1678 746 ad
1708 707 1884 747 verbum

134 781 260 809 unum
291 774 497 810 contracta
527 767 726 814 brevitas,
774 770 884 823 quod
926 767 1097 810 verbum
1137 769 1179 808 in
1209 767 1344 808 alieno
1377 767 1469 809 loco
1500 773 1706 823 tamquam
1735 767 1778 809 in
1807 781 1882 809 suo

131 833 332 886 positum,
364 830 398 872 si
417 831 679 884 agnoscitur,
712 830 909 878 delectat:
942 831 976 872 si
1007 829 1141 872 simile
1172 829 1274 871 nihil
1305 831 1451 879 habet,
1483 830 1740 884 repudiatur.
1802 828 1885 872 Sed

131 906 182 934 ea
213 891 427 935 transferri
459 898 640 948 oportet,
672 907 777 949 quae
809 898 878 935 aut
909 892 1126 934 clariorem
1158 891 1315 934 faciunt
1344 906 1455 941 rem,
1486 900 1531 936 ut
1559 892 1627 935 illa
1658 891 1855 949 [omnia]:

796 988 1037 1028 Inhorrescit
1064 1000 1198 1036 mare,
1896 1009 1933 1036 ,ο

241 1049 431 1091 Tenebrae
460 1051 803 1103 conduplicantur‚
834 1052 1033 1104 noctisque
1063 1056 1097 1091 et
1125 1050 1299 1092 nimbum
1329 1057 1506 1092 occaecat
1533 1051 1695 1105 πέφνον,

238 1112 418 1152 Flamma
446 1114 550 1154 inter
578 1114 694 1154 nubes
724 1119 927 1161 coruscat,
958 1113 1107 1153 caelum
1137 1115 1289 1154 tonitru
1318 1115 1542 1163 contremit,

242 1174 403 1215 Grando
432 1176 563 1215 mixta
592 1176 710 1215 imbri
740 1176 917 1228 larqifico
947 1176 1075 1216 subita
1097 1177 1370 1229 praecipitans
1399 1177 1524 1226 cadit;

242 1238 414 1291 Undique
444 1252 574 1278 omnes
603 1239 706 1278 venti
735 1244 961 1291 erumpunt,
993 1239 1100 1279 saevi
1129 1240 1327 1280 eaesistunt
1357 1240 1549 1288 turbines3

237 1301 369 1341 Fervic
398 1308 508 1342 aestu
528 1302 715 1355 pelaqus:
1894 1327 1931 1355 15

126 1392 267 1436 omnia
295 1394 410 1443 fere,
443 1408 525 1450 quo
558 1399 695 1436 essent
723 1393 922 1443 clariora,
956 1393 1161 1437 translatis
1178 1408 1253 1452 per
1273 1395 1585 1438 similitudinem
1616 1398 1756 1439 verbis
1777 1397 1883 1441 dicta

125 1462 242 1507 sunt;
277 1459 369 1498 158.
404 1462 474 1498 aut
494 1471 576 1511 quo
602 1457 855 1511 significetur
874 1458 1002 1510 magis
1032 1471 1096 1500 res
1127 1462 1212 1501 tota
1242 1458 1328 1502 sive
1358 1459 1455 1501 facti
1485 1458 1656 1502 alicuius
1677 1460 1764 1503 sive
1785 1474 1883 1504 con-

125 1519 233 1568 silii,
266 1525 311 1560 ut
339 1518 433 1568 ille,
466 1521 535 1576 qui
566 1520 839 1560 occultantem
871 1521 1080 1568 consulto,
1112 1534 1165 1562 ne
1195 1521 1263 1570 id,
1297 1521 1409 1576 quod
1439 1527 1661 1577 ageretur,
1707 1522 1883 1580 intelligi

124 1588 288 1638 posset,
321 1583 484 1623 duobus
515 1583 720 1624 translatis
750 1581 889 1624 verbis
920 1582 1188 1625 similitudine
1219 1583 1308 1639 ipsa
1337 1585 1516 1636 indicat,

240 1677 560 1730 Quandoquidem
588 1677 624 1717 is
652 1690 691 1717 se
719 1677 983 1718 circumvestit
1011 1678 1147 1726 dictis,
1177 1679 1302 1731 saepit
1329 1679 1478 1721 sedulo.
1894 1697 1931 1725 20

235 1772 537 1826 Nonnunquam
579 1771 703 1811 etiam
742 1772 924 1812 brevitas
964 1770 1230 1813 translatione
1276 1770 1516 1822 conficitur,
1567 1777 1614 1814 ut
1654 1772 1777 1823 illud,
1829 1776 1881 1817 Si

124 1832 282 1875 telum
314 1847 463 1873 manu
508 1832 663 1886 fugit.
724 1834 1005 1888 Imprudentia
1044 1834 1113 1875 teli
1163 1834 1302 1876 emissi
1334 1836 1505 1877 brevius
1533 1837 1714 1892 propriis
1745 1838 1882 1880 verbis

123 1895 276 1951 exponi
317 1908 400 1936 non
441 1896 598 1950 potuit,
651 1908 775 1950 quam
820 1901 882 1937 est
918 1910 1000 1937 uno
1037 1896 1263 1952 significata
1303 1898 1514 1940 translato.
1579 1901 1669 1940 159.
1717 1901 1807 1942 Hoc
1837 1900 1881 1942 in

121 1970 275 2012 genere
304 1971 508 2011 persaepe
538 1958 638 1998 mihi
669 1957 953 1999 admirandum
986 1958 1175 2009 videtur,
1210 1960 1309 2016 quid
1330 1962 1407 2010 sit,
1441 1963 1554 2016 quod
1584 1975 1729 2004 omnes
1750 1969 1881 2004 trans-

121 2021 215 2062 latis
245 2025 286 2062 et
315 2019 458 2062 alienis
489 2022 618 2075 magis
649 2022 909 2062 delectentur
929 2021 1068 2063 verbis
1091 2036 1212 2076 quam
1231 2024 1412 2079 propriis
1435 2029 1477 2064 et
1495 2023 1594 2065 suis.
1655 2026 1743 2066 XL.
1777 2027 1880 2066 Nam
1894 2037 1929 2064 2⁵

122 2082 157 2124 si
186 2098 253 2125 res
283 2097 402 2125 suum
433 2097 586 2126 nomen
617 2089 658 2125 et
686 2083 934 2126 vocabulum
965 2084 1182 2140 proprium
1212 2100 1294 2127 non
1325 2087 1473 2135 habet,
1506 2092 1551 2128 ut
1580 2100 1672 2140 pes
1702 2087 1745 2129 in
1771 2089 1878 2137 navi,

120 2151 167 2188 ut
196 2160 406 2196 nexum,
442 2149 555 2202 quod
584 2159 662 2200 per
690 2145 838 2187 libram
870 2147 1026 2200 agitur,
1066 2152 1111 2188 ut
1140 2148 1183 2188 in
1212 2161 1345 2189 uxore
1377 2149 1694 2198 divortium,
1740 2163 1882 2192 neces-

121 2211 218 2251 sitas
248 2210 381 2263 cogit,
415 2210 528 2263 quod
558 2222 642 2250 non
671 2207 848 2258 habeas,
880 2208 1046 2250 aliunde
1077 2223 1266 2260 sumere;
1300 2210 1437 2252 sedin
1457 2224 1628 2253 suorum
1650 2214 1878 2255 verborum

121 2273 300 2314 maxima
331 2272 452 2325 copia
481 2276 619 2312 tamen
649 2272 840 2313 homines
867 2271 1000 2312 aliena
1030 2273 1160 2313 multo
1192 2274 1343 2328 magis,
1377 2273 1412 2315 si
1446 2279 1540 2316 sunt
1569 2275 1727 2317 ratione
1750 2281 1879 2317 trans-

120 2333 222 2392 lata,
252 2333 468 2376 delectant.
533 2335 622 2376 160.
668 2335 714 2375 Id
744 2333 932 2376 accidere
963 2336 1110 2382 credo,
1153 2335 1221 2377 vel
1250 2335 1363 2392 quod
1391 2337 1545 2392 ingenii
1575 2338 1784 2393 specimen
1815 2343 1877 2381 est
1890 2350 1925 2376 ³0

121 2395 328 2452 quoddam
357 2395 562 2437 transilire
592 2401 685 2437 ante
714 2395 841 2452 pedes
872 2397 1007 2450 posita
1037 2402 1078 2439 et
1107 2396 1185 2439 alia
1214 2399 1338 2453 longe
1368 2401 1545 2456 repetita
1575 2415 1766 2452 sumere;
1809 2402 1875 2443 vel

120 2460 233 2515 quod
262 2460 320 2509 is,
353 2458 423 2514 qui
453 2460 588 2508 audit,
628 2458 710 2501 alio
740 2458 904 2501 ducitur
933 2458 1182 2514 cogitatione
1212 2474 1349 2517 neque
1380 2468 1518 2505 tamen
1548 2461 1737 2513 aberrat,
1770 2477 1874 2519 quae

213 2625 247 2657 1.
273 2624 484 2657 translatum
501 2624 544 2656 R.
565 2639 605 2647 —
630 2623 785 2657 illustrat
808 2622 859 2665 id]
884 2623 1076 2656 illustratio
1094 2622 1136 2657 Α.
1161 2639 1196 2646 -
1223 2625 1258 2657 2.
1278 2627 1500 2666 exposuimus
1524 2627 1551 2658 B
1577 2632 1611 2660 et
1634 2627 1711 2660 Vet.
1732 2627 1868 2667 Steph.‚

120 2675 159 2704 ut
184 2673 336 2705 coniecit
361 2671 557 2704 Schutzius.
588 2687 626 2694 -
669 2670 777 2713 Eryo]
803 2673 912 2714 ἐρίων
938 2680 956 2703 e
983 2670 1094 2702 Codd.
1123 2671 1204 2713 aliq.
1234 2672 1275 2704 Τ.
1303 2673 1363 2710 (Ut
1388 2683 1449 2706 nos
1466 2697 1475 2712 ‚
1513 2674 1585 2711 AB,
1606 2674 1662 2714 R.)
1690 2690 1726 2697 -
1771 2674 1871 2705 huius

122 2718 369 2752 translationis
388 2719 425 2751 B.
448 2735 489 2743 -
513 2717 548 2750 3.
567 2719 779 2750 mutationes
797 2719 839 2751 R.
867 2735 907 2741 —
935 2717 1036 2750 habes
1062 2718 1104 2750 R.
1135 2735 1173 2742 —
1200 2718 1235 2750 4.
1263 2719 1445 2752 vindicant
1471 2721 1510 2752 Β.
1536 2736 1574 2744 -
1600 2721 1633 2753 5.
1650 2725 1871 2753 arcesserunt

120 2765 174 2804 A,
201 2770 379 2798 accersunt
405 2765 476 2798 ΒΤ.
505 2781 546 2788 -
573 2773 725 2806 quarum
750 2765 887 2805 quidem
910 2774 972 2806 eqo
996 2775 1014 2797 e
1042 2764 1124 2806 Lag.
1152 2765 1234 2806 aliq.
1262 2765 1304 2807 T.
1343 2784 1378 2790 —
1408 2765 1504 2808 quid]
1531 2767 1668 2809 quidem
1693 2767 1732 2798 Β.
1777 2767 1868 2807 (Quo

121 2820 161 2845 ex
188 2820 303 2845 errore
333 2813 477 2852 patefit,
514 2812 608 2844 unde
634 2811 727 2851 apud
755 2812 783 2843 T
810 2814 980 2844 intrusum
1005 2815 1049 2843 stt
1074 2812 1197 2844 salsum
1224 2813 1306 2844 illud
1333 2814 1499 2854 quidem.)
1530 2830 1565 2836 -
1610 2814 1643 2845 6.
1671 2814 1870 2846 orationem

121 2859 161 2891 B.
191 2873 230 2881 —
258 2862 306 2890 est
331 2868 400 2891 om.
427 2859 470 2890 Α.
499 2875 538 2882 -
562 2858 596 2890 8.
621 2860 773 2900 positum
797 2861 867 2891 sit:
893 2860 923 2890 si
949 2859 989 2890 P..
1019 2875 1057 2881 -
1085 2860 1116 2889 si
1140 2868 1208 2891 om.
1236 2860 1278 2892 Α.
1309 2875 1348 2883 -
1383 2864 1591 2900 agnoscetur
1617 2860 1660 2891 R.
1690 2876 1725 2882 —
1767 2861 1800 2892 9.
1828 2869 1869 2893 ea

120 2903 319 2946 transferri]
347 2909 449 2937 extra
473 2904 557 2945 ferri
581 2906 623 2937 A.
652 2922 693 2928 —
721 2907 837 2938 omnia
863 2905 991 2938 delevit
1016 2904 1211 2938 Schutzius.
1239 2906 1309 2939 Nos
1337 2909 1552 2938 seclusimus.
1581 2924 1622 2929 —
1663 2906 1718 2937 10.
1748 2907 1870 2938 Inhor-

119 2949 235 2992 rescit]
264 2951 332 2984 Cir·
361 2951 512 2993 Stteglitz
539 2952 582 2984 de
607 2952 749 2985 Pacuvii
779 2953 959 2985 Duloreste
985 2958 1018 2989 p.
1046 2951 1103 2982 88.
1131 2969 1173 2974 -
1200 2953 1256 2985 11.
1283 2955 1387 2996 niqra
1413 2954 1451 2984 B.
1478 2969 1521 2974 —
1547 2951 1603 2983 13.
1629 2953 1735 2985 mista
1762 2954 1800 2986 E.
1823 2970 1868 2975 —

119 2998 279 3040 largifico
305 2997 363 3030 AB
389 2999 537 3039 aliique,
563 2999 617 3031 R:
646 2999 809 3042 larqisluo
838 3000 876 3030 E.
904 3016 942 3023 -
969 2997 1025 3029 17.
1051 2999 1081 3028 si
1105 2997 1192 3037 facti
1217 3000 1259 3030 Α.
1288 3016 1328 3022 -
1362 3000 1512 3030 alicuius
1538 3007 1605 3030 om.
1635 2999 1674 3030 B.
1703 3016 1743 3022 —
1787 3008 1867 3032 con-

117 3046 211 3078 sitii.-
240 3048 302 3077 aut'
324 3046 436 3076 minus
458 3049 497 3076 ut
522 3046 564 3077 R.
595 3063 632 3070 —
672 3047 729 3079 18.
758 3046 926 3078 occultum
952 3042 1014 3086 (sic
1042 3044 1122 3075 mihi
1150 3049 1326 3077 enotatum
1353 3043 1431 3085 est.)
1456 3053 1530 3076 rem
1555 3045 1709 3078 consulto
1735 3046 1785 3081 Β,
1812 3056 1867 3079 oc-

118 3093 261 3125 cultaret
286 3099 358 3123 rem
383 3092 535 3124 consulto
561 3093 601 3124 R.
629 3109 670 3116 -
698 3093 756 3125 19.
779 3095 886 3132 possit
913 3093 952 3130 B,
974 3091 1017 3122 R.
1044 3107 1087 3112 —
1113 3091 1170 3124 20.
1196 3093 1226 3123 is
1251 3101 1284 3124 se
1309 3092 1375 3124 Gu.
1402 3092 1436 3123 2.
1463 3091 1497 3122 3.
1526 3090 1606 3132 Lag.
1633 3092 1667 3123 2.
1695 3092 1751 3124 13.
1779 3092 1835 3124 32.
1853 3117 1863 3130 ,

120 3137 175 3180 (ut
201 3141 395 3172 coniecerat
418 3137 639 3178 Pearcius.):
668 3141 731 3171 iste
755 3140 867 3180 (AB‘?)
894 3139 940 3177 E,
966 3140 1034 3170 ista
1060 3137 1105 3169 R.
1134 3155 1172 3161 —
1199 3136 1323 3178 saepit]
1349 3146 1452 3177 saepe
1475 3137 1548 3168 ΑΒ.
1575 3154 1616 3160 -
1658 3139 1715 3170 21.
1743 3138 1862 3181 etiam]

119 3190 151 3218 et
176 3187 219 3218 R.
248 3202 285 3209 —
313 3185 371 3216 22.
397 3185 496 3216 missi
520 3185 547 3216 B
573 3185 722 3225 aliique,
750 3186 792 3218 R.
821 3187 884 3226 (Α,
911 3190 948 3218 ut
972 3185 1132 3222 videtur.
1159 3184 1303 3224 emissi.)
1327 3201 1369 3206 —
1395 3184 1453 3215 23.
1482 3183 1625 3226 exponi]
1652 3187 1803 3225 exprimi
1819 3187 1861 3218 R.

123 3249 159 3256 —
188 3233 261 3266 Hoc
278 3232 336 3264 AB
356 3231 496 3271 aliique,
526 3232 578 3263 R:
607 3231 716 3272 Atque
741 3232 801 3264 hoc
821 3233 861 3264 E.
884 3249 920 3256 —-—
948 3231 1005 3262 21.
1031 3231 1230 3262 mirandum
1248 3231 1287 3262 B.
1308 3247 1352 3252 -—
1378 3231 1435 3262 25.
1459 3230 1672 3264 delectantur
1689 3232 1730 3271 B,
1750 3233 1793 3264 R.
1822 3248 1862 3255 —

118 3279 176 3312 26.
213 3278 418 3312 vocabulum
441 3278 624 3318 proprium
648 3278 678 3309 Α
703 3278 856 3320 aliique:
893 3278 1075 3319 proprium
1108 3277 1308 3309 vocabulum
1333 3277 1374 3314 (B
1386 3276 1416 3318 2)
1442 3276 1515 3309 RE.
1545 3294 1584 3301 —
1627 3287 1702 3320 spes
1737 3279 1780 3311 A.
1821 3296 1858 3302 —

118 3326 176 3359 27.
203 3325 296 3368 quod
320 3325 411 3358 libra
434 3323 482 3364 B,
508 3332 578 3366 quo
603 3324 694 3357 libra
718 3326 761 3358 R.
790 3341 830 3350 —
855 3325 913 3358 28.
939 3324 1039 3356 habes
1056 3323 1098 3356 R.
1121 3339 1159 3347 —
1187 3322 1244 3355 29.
1272 3328 1387 3357 tamen
1410 3323 1533 3365 inopia
1548 3323 1593 3358 Α.
1611 3341 1656 3351 —-
1680 3322 1737 3359 31.
1765 3325 1862 3367 quid-

119 3374 202 3406 dam
227 3373 268 3405 B.
