2117 3762
256 264 336 306 204
964 256 1034 298 DE
1067 257 1314 302 ORATORE

255 370 482 425 particulae
515 367 616 411 caeli
648 364 904 409 officeretur‚
937 364 1124 417 quamvis
1156 371 1263 407 esset
1284 365 1450 420 procul,
1485 363 1633 407 mutari
1655 366 1810 407 lumina
1832 372 2012 422 putabat.

258 435 352 475 180.
402 431 511 482 Quid
553 432 681 473 vero?
732 424 956 467 clarissima
996 427 1062 466 Μ’.
1123 427 1234 468 Curii
1275 443 1396 470 causa
1435 429 1644 482 Marcique
1677 430 1850 482 Coponii
1883 445 2015 487 nuper

255 498 364 551 apud
396 493 696 537 centumviros,
746 502 828 543 quo
875 501 1081 529 concursu
1111 489 1348 540 hominum,
1391 505 1471 546 qua
1503 490 1813 545 exspectatione
1846 491 2013 535 defensa

255 562 343 600 est‘?
396 571 488 599 cum
534 557 583 605 Q.
615 550 835 599 Scaevola,
887 550 1070 605 aequalis
1111 557 1152 592 et
1191 551 1348 606 collega
1389 567 1527 600 meus,
1578 554 1704 593 homo
1751 553 1934 595 omnium
1973 562 2014 598 et

224 619 471 673 sdiseiplina
500 616 600 658 iuris
631 613 761 654 civilis
794 612 1096 655 eruditissimus
1128 618 1168 654 et
1196 613 1363 667 ingenio
1402 615 1701 670 prudentiaque
1752 617 2011 659 acutissimus

253 688 294 724 et
323 681 511 723 oratione
541 675 722 719 maxime
753 676 919 716 limatus
967 681 1090 732 atque
1135 674 1294 717 subtilis
1339 683 1482 735 atque,
1522 684 1567 719 ut
1598 691 1673 731 ego
1706 677 1819 719 soleo
1851 679 2012 727 dicere,

253 744 353 787 iuris
384 743 612 796 peritorum
645 738 1028 792 eloquentissimus,
1061 737 1342 794 eloquentium
1374 739 1475 781 iuris
1505 740 1799 795 peritissimus,
1832 756 1883 782 ex
1914 743 2016 783 scri-

252 812 322 862 pto
354 806 692 845 testamentorum
724 801 816 841 iura
846 799 1090 842 defenderet
1128 808 1407 858 negaretque,
1460 803 1539 844 nisi
1578 809 1794 858 postumus
1825 810 1866 846 et
1895 811 2014 847 natus

254 874 314 914 et,
365 871 585 920 antequam
614 865 657 904 in
688 876 804 904 suam
850 865 1019 905 tutelam
1059 865 1243 915 veniret,
1291 870 1480 906 mortuus
1517 872 1643 913 esset,
1690 866 1886 908 heredem
1918 882 2014 909 eum

203 942 341 971 messe
370 940 516 983 posse,
565 927 636 982 qui
667 930 775 966 esset
804 927 1032 967 seeundum
1066 933 1305 981 postumum
1338 932 1377 968 et
1407 932 1547 968 natum
1580 934 1619 969 et
1649 934 1858 971 mortuum
1890 931 2014 973 heres

250 992 481 1041 institutus;
531 1002 608 1043 ego
650 986 816 1043 [autem]
861 987 1131 1030 defenderem
1175 992 1251 1030 hac
1292 1003 1385 1030 eum
1429 988 1546 1044 [tum]
1580 998 1714 1034 mente
1745 991 1892 1041 fuisse,
1943 996 2014 1048 qui

250 1058 539 1094 testamentum
569 1051 757 1098 fecisset,
790 1055 857 1099 ut,
892 1050 926 1091 si
956 1049 1064 1092 filius
1096 1065 1180 1092 non
1214 1057 1344 1098 esset,
1378 1053 1448 1106 qui
1480 1053 1521 1092 in
1551 1066 1665 1094 suam
1694 1057 1863 1096 tutelam
1900 1057 2015 1096 veni-

250 1121 337 1164 ret,
370 1118 435 1157 M'.
467 1115 613 1156 Curius
644 1118 754 1154 esset
784 1115 918 1154 heres.
977 1116 1082 1154 Num
1115 1114 1269 1156 destitit
1298 1120 1474 1169 uterque
1504 1118 1691 1156 nostrum
1722 1118 1763 1157 in
1794 1130 1841 1158 ea
1873 1131 2010 1167 causa,

249 1180 292 1219 in
323 1176 657 1225 auctoritatibus,
690 1176 733 1215 in
765 1175 990 1231 exemplis,
1035 1178 1077 1216 in
1108 1182 1449 1218 testamentorum
1482 1176 1692 1226 formulis,
1735 1178 1813 1220 hoc
1845 1186 1925 1228 est,
1972 1181 2013 1222 in

201 1253 235 1279 15
250 1240 387 1282 medio
418 1239 509 1281 iure
541 1239 652 1281 civili
682 1239 868 1280 versari?
902 1240 988 1279 XL.
1018 1241 1110 1281 181.
1145 1240 1300 1281 Omitto
1331 1241 1410 1280 iam
1441 1239 1559 1295 plura
1590 1241 1775 1296 exempla
1797 1256 2014 1285 causarum

249 1303 616 1357 amplissimarum,
669 1316 772 1358 quae
819 1307 914 1342 sunt
957 1302 1300 1343 innumerabilia:
1354 1302 1497 1357 capitis
1543 1304 1671 1343 nostri
1714 1318 1837 1360 saepe
1875 1312 2010 1361 potest

249 1367 437 1408 accidere
465 1371 511 1407 ut
540 1379 686 1407 causae
715 1370 935 1406 versentur
963 1365 1004 1404 in
1026 1364 1130 1406 iure.
1192 1366 1354 1406 Etenim
1386 1367 1419 1405 si
1446 1365 1488 1405 C.
1511 1365 1769 1415 Mancinum,
1805 1367 2013 1410 nobilissi-

249 1444 363 1471 mum
392 1435 514 1485 atque
545 1428 746 1484 optimum
776 1428 911 1468 virum
933 1432 1054 1481 atque
1076 1428 1358 1475 consularem,
1392 1442 1484 1469 cum
1508 1441 1601 1468 eum
1624 1434 1796 1483 propter
1814 1429 2012 1472 invidiam

248 1492 485 1534 Numantini
514 1491 695 1533 foederis
725 1495 843 1546 pater
871 1495 1054 1544 patratus
1082 1503 1134 1530 ex
1165 1492 1206 1531 S.
1235 1491 1279 1531 C.
1303 1489 1565 1531 Numantinis
1586 1490 1813 1533 dedidisset
1834 1506 2013 1548 eumque

199 1554 306 1596 20illi
352 1569 436 1597 non
480 1554 737 1608 recepissent
781 1558 1009 1608 posteaque
1054 1552 1266 1594 Mancinus
1314 1555 1483 1594 domum
1525 1553 1757 1595 revenisset
1795 1568 1932 1610 neque
1971 1557 2014 1596 in

249 1623 436 1659 senatum
467 1618 641 1659 introire
668 1618 919 1665 dubitasset,
952 1617 997 1656 P.
1025 1616 1224 1666 Rutilius,
1258 1619 1310 1658 M.
1332 1615 1464 1665 filius,
1499 1615 1690 1657 tribunus
1712 1616 1863 1672 plebis,
1895 1617 2014 1658 iussit

250 1682 392 1729 educi,
425 1682 536 1735 quod
567 1694 661 1721 eum
692 1679 825 1720 civem
856 1684 1028 1732 negaret
1059 1693 1168 1728 esse;
1202 1681 1297 1735 quia
1328 1680 1529 1721 memoria
1562 1679 1619 1720 sic
1651 1684 1760 1720 esset
1788 1679 2011 1735 proditum,

248 1757 371 1798 quem
412 1749 530 1798 pater
571 1757 668 1784 suus
708 1747 777 1783 aut
806 1744 985 1797 populus
1017 1742 1273 1784 vendidisset
1302 1748 1372 1783 aut
1401 1748 1520 1798 pater
1549 1748 1734 1798 patratus
1766 1742 2011 1792 dedidisset,

248 1807 286 1847 ei
317 1808 475 1848 nullum
509 1821 597 1848 esse
628 1806 952 1860 postliminium:
1006 1808 1099 1847 182.
1133 1820 1256 1861 quam
1288 1820 1507 1862 possumus
1540 1806 1726 1861 reperire
1749 1820 1800 1847 ex
1822 1806 2012 1848 omnibus

197 1880 233 1906 25
248 1866 372 1910 rebus
404 1868 592 1911 civilibus
623 1883 788 1910 causam
820 1872 1214 1924 contentionemque
1246 1871 1443 1910 maiorem
1486 1882 1609 1924 quam
1650 1867 1700 1909 de
1741 1868 1909 1918 ordine,
1961 1868 2012 1910 de

247 1930 430 1980 civitate,
462 1931 512 1974 de
534 1931 746 1981 libertate,
779 1934 829 1973 de
850 1931 984 1985 capite
1016 1931 1194 1973 hominis
1227 1931 1477 1980 consularis,
1510 1932 1759 1983 praesertim
1792 1945 1885 1972 cum
1909 1933 2013 1973 haec

247 2007 330 2034 non
359 1995 402 2034 in
432 1995 606 2037 crimine
637 1995 798 2049 aliquo,
840 1997 951 2050 quod
982 1994 1050 2036 ille
1082 1999 1221 2049 posset
1250 1992 1440 2041 infitiari,
1475 1994 1547 2033 sed
1578 1992 1621 2033 in
1652 1992 1760 2034 civili
1791 1992 1882 2034 iure
1914 2007 2013 2034 con-

248 2055 437 2098 sisteret?
488 2057 704 2114 Similique
734 2057 774 2099 in
812 2070 985 2111 genere,
1035 2056 1234 2098 inferiore
1274 2055 1446 2103 ordine,
1493 2058 1526 2096 si
1558 2056 1650 2109 quis
1680 2057 1789 2109 apud
1820 2069 1895 2097 nos
1926 2070 2012 2097 ser-

247 2118 375 2160 visset
404 2134 457 2160 ex
487 2122 641 2175 populo
672 2119 889 2161 foederato
920 2133 1092 2173 seseque
1129 2121 1348 2160 liberasset
1379 2125 1420 2160 et
1449 2124 1592 2173 postea
1625 2120 1794 2159 domum
1825 2120 2012 2160 revenis-

197 2195 234 2221 30
248 2185 330 2228 set,
382 2184 615 2236 quaesitum
654 2187 715 2224 est
754 2184 863 2238 apud
903 2182 1082 2223 maiores
1113 2188 1301 2229 nostros,
1348 2196 1447 2223 num
1480 2182 1513 2221 is
1544 2182 1594 2221 ad
1626 2194 1722 2222 suos
1752 2180 2008 2234 postliminio

246 2245 425 2285 redisset
470 2250 510 2286 et
553 2246 758 2286 amisisset
802 2248 907 2286 lianc
953 2246 1175 2286 civitatem.
1240 2247 1332 2286 183.
1380 2243 1512 2293 Quid,
1564 2245 1615 2284 de
1655 2242 1873 2293 libertate,
1926 2257 2010 2299 quo

247 2305 445 2348 iudicium
485 2308 649 2362 gravius
694 2321 785 2348 esse
823 2309 983 2348 nullum
1024 2313 1181 2363 potest,
1231 2321 1370 2348 nonne
1409 2322 1460 2347 ex
1490 2307 1580 2347 iure
1612 2306 1722 2348 civili
1752 2312 1889 2363 potest
1919 2321 2009 2348 esse

247 2370 481 2418 contentio,
523 2384 617 2411 cum
649 2370 887 2426 quaeritur,
930 2372 988 2419 is,
1032 2372 1102 2426 qui
1134 2370 1290 2412 domini
1323 2370 1536 2412 voluntate
1567 2383 1714 2412 census
1753 2371 1826 2419 sit,
1879 2371 2011 2411 conti-

339 2478 372 2508 1.
400 2479 458 2509 via
483 2480 640 2518 quamvis
676 2479 718 2510 R.
753 2495 786 2500 —
831 2479 864 2510 2.
892 2480 940 2512 Μ.
967 2480 1008 2510 R.
1040 2497 1077 2502 —
1121 2484 1152 2511 et
1177 2479 1294 2511 Marci
1319 2480 1360 2511 R.
1391 2494 1430 2502 --
1477 2479 1511 2510 lt.
1539 2487 1681 2519 cumque
1705 2478 1872 2510 Scaevola
1896 2479 1937 2511 B.
1964 2495 2009 2500 —-

247 2525 399 2555 omnium
416 2525 605 2556 ditissimus
623 2528 651 2556 et
671 2526 856 2565 disciplina
875 2526 913 2557 R.
937 2544 973 2549 —
1005 2526 1038 2558 9.
1059 2526 1201 2558 tutelam
1219 2536 1317 2558 suam
1335 2527 1379 2558 R.
1402 2544 1440 2548 —
1468 2527 1598 2557 veniret
1617 2525 1726 2557 Codd.
1748 2525 1920 2565 plerique,
1950 2526 1979 2557 R
1996 2535 2005 2558 :

245 2573 392 2602 venisset
413 2571 451 2602 E.
495 2570 588 2603 DeB
607 2581 676 2603 non
696 2573 815 2613 liquet.
854 2573 980 2604 Verum
1007 2573 1197 2614 legitimum
1225 2583 1324 2605 usum
1353 2577 1521 2604 monstrat
1549 2572 1654 2603 Gaius
1680 2572 1714 2609 2,
1742 2571 1832 2603 179:
1861 2573 2008 2614 Sifilius

245 2627 341 2649 meus
357 2618 442 2649 mihi
465 2618 559 2649 heres
588 2620 654 2650 erit
674 2623 704 2649 et
719 2621 820 2660 prius
837 2621 1029 2657 moriatur,
1060 2630 1163 2661 quam
1181 2621 1218 2650 in
1235 2629 1337 2651 suam
1356 2620 1502 2651 tutelam
1526 2619 1703 2650 venerit
1718 2641 1726 2655 ‚
1755 2628 1823 2650 non
1841 2628 1849 2650 :
1876 2622 2005 2652 veniat.

246 2664 376 2696 Eadem
403 2665 589 2697 difficultas
617 2670 670 2698 est
697 2667 738 2697 de
764 2667 838 2699 lnv.
867 2667 900 2703 2,
928 2665 965 2705 §.
987 2667 1061 2706 62„
1091 2672 1208 2699 contra
1234 2669 1268 2698 in
1290 2668 1386 2698 Bruti
1413 2665 1450 2706 ἕ.
1471 2666 1551 2697 195.
1582 2668 1616 2696 in
1644 2665 1764 2698 eadem
1792 2666 1937 2699 formula
1957 2670 2009 2698 est

245 2713 404 2743 venisset.
468 2712 626 2745 Fortasse
662 2713 805 2751 Cicero,
850 2720 888 2743 ut
925 2722 1030 2752 supra
1070 2715 1257 2754 aliquoties
1296 2716 1405 2753 ipsam
1433 2715 1515 2744 iuris
1542 2711 1723 2743 formulam
1751 2716 1920 2751 retinuit,
1960 2716 2006 2746 ita

247 2761 386 2798 scripsit
425 2766 473 2789 ΕΤ
502 2767 595 2791 ANTE
636 2769 734 2798 QVAM
771 2769 807 2792 n*
840 2768 934 2791 svam
970 2770 1135 2792 TVTELAM
1162 2770 1344 2797 i’ExEfflT,
1384 2761 1476 2792 unde
1512 2760 1648 2798 prodit,
1690 2760 1864 2798 quomodo
1892 2764 2006 2792 ortum

246 2807 288 2836 sit
312 2807 455 2837 veniret.
483 2805 548 2838 On.
579 2822 614 2828 —
660 2809 715 2838 10.
745 2815 810 2838 esse
834 2817 905 2838 non
929 2816 1026 2847 posse
1051 2809 1120 2840 BR.
1147 2826 1188 2831 —
1214 2809 1270 2839 11.
1300 2810 1415 2839 autem
1441 2808 1466 2837 B
1495 2806 1643 2846 aliique:
1670 2806 1827 2838 videlicet
1851 2807 1899 2842 R,
1928 2808 2007 2840 licet

246 2852 343 2883 multi
371 2852 480 2884 Codd.
500 2876 509 2891 ,
536 2853 753 2885 voluntatem
773 2854 970 2886 Camerario
1001 2861 1142 2887 auctore
1158 2855 1198 2886 E.
1249 2854 1318 2886 Nos
1336 2854 1552 2886 seclusimus.
1576 2868 1614 2874 —
1637 2852 1699 2884 hac
1724 2861 1800 2884 eum
1830 2851 1913 2894 tum]
1941 2854 2006 2886 hac

247 2906 322 2928 eum
340 2899 386 2935 Β,
414 2909 489 2931 eum
507 2900 570 2932 hac
589 2900 619 2931 R
635 2924 643 2937 ‚
671 2909 746 2931 eum
763 2901 827 2932 hac
846 2905 919 2931 tum
937 2901 1046 2933 Codd.
1068 2902 1150 2941 aliq.
1187 2901 1257 2933 Nos
1277 2908 1348 2933 tum
1367 2909 1384 2932 a
1407 2900 1472 2932 Gu.
1497 2902 1529 2931 1.
1551 2899 1584 2929 2.
1613 2898 1723 2930 Havn.
1752 2900 1785 2931 2-
1807 2899 1892 2932 Cocl.
1913 2901 2003 2933 Vict-

248 2949 281 2976 et
298 2945 385 2976 Aldo
413 2951 576 2977 omissum
602 2948 821 2980 seclusimus.
845 2964 881 2970 -
911 2948 966 2978 12.
995 2949 1024 2978 si
1050 2950 1079 2979 ei
1104 2949 1197 2990 filius
1215 2949 1245 2980 R
1271 2954 1304 2980 et
1322 2947 1442 2979 Lamb.
1463 2964 1504 2969 —
1530 2948 1566 2977 in
1583 2955 1682 2977 suam
1700 2947 1844 2977 tutelam
1859 2947 2002 2978 Lamb.:

242 2992 281 3021 in
301 2993 440 3023 tutelam
460 2993 570 3025 Codd.
592 2997 686 3033 noti,
713 2995 787 3026 RE.
816 3011 858 3018 —
883 2995 1015 3026 veniret
1050 2995 1075 3025 B
1108 2996 1262 3034 aliique:
1290 2996 1354 3026 iret
1383 2995 1436 3032 R,
1462 2994 1610 3025 venisset
1640 3001 1717 3024 cum
1742 2993 1863 3026 Lamb.
1893 2994 1929 3025 E.
1959 3009 2004 3016 --

248 3037 305 3068 17.
334 3039 363 3068 si
389 3038 498 3071 Codd.
528 3040 596 3079 al.,
623 3042 675 3072 R:
711 3043 760 3072 sic
786 3042 842 3072 BE
870 3044 1013 3079 (puncto
1040 3048 1117 3073 ante
1144 3051 1196 3073 vv.
1224 3050 1329 3081 quam
1351 3049 1530 3080 possumus
1558 3038 1697 3080 posito).
1729 3057 1766 3063 —-
1809 3041 1864 3072 18.
1899 3043 2004 3080 atque

246 3092 342 3114 cons.
363 3084 472 3117 Codd.
500 3087 567 3118 aL:
597 3097 638 3120 ac
664 3096 758 3119 cons.
787 3088 889 3119 BRE.
918 3087 1003 3119 Cum
1032 3089 1141 3120 Codd.
1170 3088 1213 3119 al·
1238 3088 1364 3120 delevit
1389 3087 1582 3118 Schmzius.
1610 3105 1645 3110 —
1677 3096 1753 3118 eum
1772 3096 1838 3120 om.
1866 3087 1938 3118 BR.
1965 3102 2003 3110 -

246 3129 303 3161 19·
331 3131 476 3162 dedisset
502 3133 539 3162 B·
571 3150 606 3156 —
647 3136 702 3167 20.
730 3136 876 3166 venisset
903 3134 945 3164 R.
985 3134 1063 3173 (Vv.
1088 3138 1276 3175 posteaque
1298 3149 1312 3155 -
1337 3151 1350 3156 -
1375 3135 1559 3165 revenisset
1584 3134 1786 3166 exciderunt.
1812 3142 1851 3165 ex
1879 3131 1934 3170 B.)
1959 3149 2001 3155 —-

246 3176 304 3208 21.
332 3177 432 3207 iussit
452 3179 476 3207 B
496 3179 648 3220 aliique:
676 3183 716 3213 de
741 3186 864 3212 senatu
888 3182 990 3212 iussit
1015 3183 1086 3215 RE.
1107 3198 1147 3204 -
1174 3180 1230 3212 23.
1259 3180 1407 3212 dedisset
1433 3181 1472 3212 B.
1493 3197 1536 3201 —
1560 3180 1618 3211 24.
1645 3181 1777 3212 nullum
1803 3189 1870 3210 om.
1890 3180 1930 3210 B.
1959 3196 2001 3202 -

245 3223 303 3254 27.
332 3223 368 3254 in
394 3232 461 3255 om.
490 3224 531 3255 R.
561 3243 600 3248 -—
639 3229 749 3267 possit
780 3228 851 3259 BR.
883 3245 919 3250 —
963 3231 1184 3261 consisterent
1210 3228 1279 3258 BR.
1300 3244 1339 3249 —
1367 3228 1425 3258 28.
1451 3228 1680 3268 inferioreque
1700 3227 1748 3263 B,
1775 3225 2002 3266 inferiorique

246 3270 289 3301 R.
312 3286 350 3292 —
378 3270 434 3300 29.
456 3273 487 3301 et
506 3271 614 3303 Codd.
643 3276 826 3307 meliores:
855 3284 894 3305 ac
912 3275 1014 3306 BRE.
1033 3292 1066 3297 -—
1096 3275 1152 3308 33.
1181 3275 1238 3314 qui
1263 3274 1401 3304 domum
1425 3275 1556 3305 domini
1581 3272 1658 3314 (sic)
1685 3272 1867 3304 voluntate
1884 3281 2002 3304 census

245 3318 314 3347 sit:
352 3317 383 3347 si
406 3326 476 3348 non
500 3320 676 3351 conditum
701 3323 847 3353 lustrum
865 3330 876 3350 .·
913 3322 1003 3353 sitne
1029 3323 1113 3355 liber
1138 3322 1300 3354 continuo
1324 3330 1366 3353 ne
1391 3322 1465 3362 (sic)
1491 3330 1514 3353 a
1546 3321 1657 3353 tribus
1691 3319 1810 3352 lustris
1841 3320 1999 3352 conditis.

246 3364 327 3407 quid
351 3364 440 3406 quod
465 3363 510 3397 R.
537 3363 597 3407 (Ex
623 3367 649 3398 B
675 3369 760 3400 nihil
783 3371 957 3409 notatur.)
