2117 3762
251 258 332 299 290
957 252 1027 293 DE
1059 252 1307 293 ORATORE

250 364 333 406 iam
371 362 570 405 artificem
606 355 916 414 aliquandoque
955 357 1166 398 evolutum
1210 357 1290 398 illis
1327 352 1618 408 integumentis
1663 352 2002 397 dissimulationis

250 433 345 469 tuae
374 424 654 477 nudatumque
683 418 921 475 perspici03
975 423 1016 459 et
1050 420 1162 472 quod
1201 420 1300 460 mihi
1338 418 1442 459 nihil
1472 422 1543 457 aut
1574 418 1685 470 quod
1715 430 1800 457 non
1829 417 2003 459 multum

249 487 470 543 relinquiS,
501 480 795 541 percommode
825 480 928 522 facis
958 485 1101 535 estque
1132 480 1233 521 mihi
1255 486 1432 534 gratum.
1494 481 1589 523 351.
1621 480 1707 519 Iam
1740 478 1846 521 istuc
1876 493 2005 535 quan-

249 558 337 593 tum
380 549 456 592 tibi
496 561 574 602 ego
611 543 880 601 reliquerim,
927 542 1060 598 inquit
1099 542 1324 591 Antonius,
1374 544 1452 584 erit
1488 541 1530 583 in
1570 547 1640 582 tua
1681 546 1899 594 potestate.
1961 543 2004 584 Si

220 614 360 656 senim
403 624 500 655 vere
547 621 672 663 agere
709 607 923 655 volueris,
975 606 1114 646 omnia
1149 605 1226 645 tibi
1262 604 1481 660 relinqu03
1533 605 1596 645 sin
1627 603 1912 652 dissimulare,
1960 610 2005 645 tu

250 671 597 733 quemadmodum
627 671 690 713 his
721 669 969 718 satisfacias,
1015 667 1185 710 videris.
1248 667 1348 713 Sed,
1396 673 1442 708 ut
1480 666 1529 708 ad
1566 681 1654 709 rem
1683 669 1875 715 redeam,
1920 680 2006 708 non

249 753 339 781 sum
371 741 482 778 tanto
515 747 618 789 ego,
650 732 807 787 inquit,
840 729 1031 787 ingenio,
1065 734 1218 784 quanto
1250 729 1546 771 Themistocles
1576 730 1677 779 fuit,
1709 735 1755 770 ut
1784 728 2007 771 oblivionis

249 806 379 843 artem
424 811 546 853 quam
587 796 815 838 memoriae
856 793 1020 843 malim3
1070 791 1328 847 gratiamque
1373 791 1507 834 habeo
1555 793 1758 834 Simonidi
1798 792 1860 833 illi
1905 794 2004 840 Ceo,

250 877 373 918 quem
401 860 583 916 primum
614 859 752 901 ferunt
781 863 913 899 artem
951 854 1182 898 memoriae
1221 853 1458 909 protulisse.
1537 858 1633 897 352.
1685 856 1834 896 Dicunt
1880 853 2005 903 enim,

199 939 235 964 10
250 940 342 968 cum
372 929 569 966 coenaret
600 924 790 964 Cranone
820 921 864 963 in
894 917 1102 962 Thessalia
1135 914 1365 957 Simonides
1387 915 1497 969 apud
1520 918 1719 971 Scopam,
1752 916 2008 959 fortunatum

247 988 460 1031 hominem
492 992 533 1028 et
560 985 766 1033 nobilem,
798 982 1098 1036 cecinissetque
1128 981 1170 1020 id
1203 992 1391 1026 carmen,
1424 980 1536 1033 quod
1566 979 1609 1020 in
1640 995 1734 1022 eum
1757 979 2006 1036 scripsisset,

246 1054 288 1093 in
320 1066 401 1107 quo
434 1050 564 1092 multa
595 1047 770 1092 ornandi
801 1060 924 1088 causa
952 1049 1173 1099 poetarum
1204 1055 1320 1083 more
1350 1040 1393 1082 in
1425 1042 1637 1083 Castorem
1668 1045 1818 1098 scripta
1849 1048 1888 1084 et
1917 1041 2012 1083 Pol-

245 1115 380 1157 lucem
409 1114 608 1161 fuissent,
656 1111 779 1152 nimis
816 1109 934 1151 illum
972 1107 1140 1149 sordide
1172 1102 1373 1146 Simonidi
1405 1103 1560 1145 dixisse
1591 1118 1636 1146 se
1666 1105 1880 1147 dimidium
1915 1104 2006 1146 eius

248 1181 305 1226 ei,
337 1180 449 1232 quod
478 1180 622 1232 pactus
653 1179 784 1221 esset,
814 1185 891 1228 pro
923 1170 993 1212 illo
1026 1168 1208 1210 carmine
1242 1170 1459 1217 daturum3
1492 1167 1700 1222 reliquum
1732 1183 1754 1209 a
1784 1169 1869 1210 suis
1902 1170 2011 1224 Tyn-

197 1251 233 1278 15
249 1240 422 1289 daridis,
454 1252 558 1294 quos
589 1251 721 1292 aeque
741 1236 972 1281 laudasset,
1005 1236 1190 1288 peteret,
1224 1231 1258 1272 si
1279 1231 1315 1272 ei
1337 1229 1563 1272 videretur.
1626 1233 1722 1272 353.
1755 1230 1898 1272 Paullo
1917 1234 2013 1284 post

247 1318 336 1346 esse
366 1302 504 1345 ferunt
532 1300 766 1343 nuntiatum
798 1295 1026 1344 Simonidi,
1073 1300 1118 1336 ut
1147 1295 1360 1349 prodiret:
1414 1294 1587 1335 iuvenes
1627 1298 1737 1334 stare
1767 1295 1818 1334 ad
1847 1293 2011 1334 ianuam

248 1366 332 1409 duo
362 1363 590 1422 quosdam,
623 1361 694 1418 qui
725 1375 820 1403 eum
850 1371 1002 1413 magno
1033 1371 1159 1412 opere
1191 1361 1433 1406 evocarent;
1482 1357 1713 1398 surrexisse
1746 1356 1883 1403 illum,
1914 1368 2014 1411 pro-

249 1430 379 1478 disse,
418 1428 571 1470 vidisse
602 1424 826 1467 neminem.
888 1423 978 1462 Hoc
1007 1420 1175 1461 interim
1207 1420 1341 1473 spatio
1372 1419 1567 1461 conclave
1598 1418 1723 1467 illud,
1767 1418 1840 1460 ubi
1871 1418 2014 1472 epula-

247 1498 366 1534 retur
397 1493 576 1544 Scopas,
609 1488 861 1535 concidisse;
909 1497 957 1525 ea
977 1482 1100 1524 ruina
1129 1483 1265 1536 ipsum
1297 1496 1541 1538 oppressum
1573 1496 1664 1523 cum
1697 1481 1780 1523 suis
1809 1480 2012 1523 interisse.

199 1569 235 1595 20
251 1557 366 1605 Quos
406 1568 500 1596 cum
539 1551 714 1593 humare
754 1549 913 1591 vellent
943 1546 1007 1587 sui
1037 1559 1175 1600 neque
1205 1551 1376 1598 possent
1406 1544 1582 1586 obtritos
1612 1544 1897 1586 internoscere
1927 1542 2014 1584 ullo

249 1619 401 1665 modo,
451 1613 687 1657 Simonides
730 1611 880 1654 dicitur
919 1623 973 1651 ex
1013 1621 1087 1657 eo,
1137 1610 1250 1664 quod
1296 1606 1572 1655 meminisset,
1624 1621 1708 1661 quo
1748 1620 1892 1648 eorum
1922 1606 2014 1647 loco

250 1681 424 1736 quisque
454 1676 690 1725 cubuisset,
737 1676 1047 1716 demonstrator
1076 1673 1199 1713 unius
1231 1670 1434 1725 cuiusque
1465 1669 1695 1725 sepeliendi
1724 1669 1868 1711 fuisse.
1929 1670 2017 1710 Hac

250 1749 338 1785 tum
367 1755 414 1783 re
445 1739 679 1782 admonitus
709 1736 917 1780 invenisse
947 1733 1080 1776 fertur
1111 1733 1300 1775 ordinem
1331 1747 1421 1774 esse
1453 1732 1657 1782 maxime,
1691 1735 1762 1789 qui
1789 1731 2017 1775 memoriae

249 1807 392 1847 lumen
422 1802 606 1845 afferret.
668 1803 765 1843 354.
813 1801 956 1854 Itaque
985 1797 1062 1845 iis,
1111 1799 1181 1852 qui
1219 1799 1326 1838 hanc
1361 1801 1524 1850 partem
1552 1795 1711 1850 ingenii
1743 1800 2015 1844 exercerent,

201 1882 236 1909 25
251 1869 366 1911 locos
411 1880 501 1910 esse
541 1863 766 1921 capiendos
797 1867 837 1904 et
867 1875 936 1909 ea,
985 1873 1090 1915 quae
1130 1859 1334 1900 memoria
1373 1865 1514 1901 tenere
1558 1858 1733 1908 vellent,
1785 1858 2019 1913 effingenda

251 1932 388 1974 animo
422 1936 544 1986 atque
574 1931 616 1970 in
645 1929 711 1968 his
741 1925 844 1968 locis
877 1923 1140 1973 collocanda3
1189 1924 1246 1964 sic
1275 1920 1390 1970 fore,
1436 1926 1483 1962 ut
1513 1920 1702 1962 ordinem
1733 1934 1874 1963 rerum
1904 1920 2019 1962 loco-

251 2010 344 2038 rum
374 1993 478 2037 ordo
511 1994 797 2037 conservaret,
846 2000 915 2029 res
954 1991 1093 2027 autem
1130 1985 1240 2040 ipsas
1270 1998 1408 2025 rerum
1439 1982 1596 2038 effigies
1626 1989 1791 2025 notaret
1820 1990 1944 2038 atque
1973 1987 2018 2023 ut

250 2058 354 2101 locis
384 2071 460 2113 pro
492 2068 614 2102 cera,
663 2048 896 2093 simulacris
935 2062 1013 2103 pro
1045 2047 1194 2089 litteris
1225 2051 1453 2088 uteremur.
1514 2047 1760 2089 LXXXVII.
1793 2048 1889 2090 355.
1936 2045 2019 2095 Qui

253 2121 306 2163 sit
334 2126 470 2162 autem
501 2115 658 2160 oratori
686 2112 914 2156 memoriae
944 2110 1120 2157 fructus,
1153 2114 1305 2164 quanta
1333 2108 1507 2157 utilitas,
1539 2115 1692 2163 quanta
1713 2108 1796 2158 vis,
1829 2108 1928 2164 quid
1951 2115 2018 2149 me

205 2182 400 2230 aoattinet
440 2182 607 2222 dicere?
655 2183 820 2224 tenere,
866 2188 973 2229 quae
1014 2172 1208 2214 didiceris
1239 2173 1281 2212 in
1312 2170 1551 2226 accipienda
1591 2185 1736 2221 causa,
1786 2185 1892 2227 quae
1929 2172 2021 2225 ipse

255 2245 474 2300 cogitaris?
506 2254 650 2284 omnes
679 2239 783 2280 fixas
815 2251 905 2279 esse
935 2238 978 2277 in
1008 2236 1145 2276 animo
1176 2235 1429 2276 sententias?
1461 2248 1628 2276 omnem
1650 2233 1906 2288 descriptum
1927 2248 2021 2277 ver-

254 2308 406 2350 borum
425 2306 695 2362 apparatum?
726 2303 782 2343 ita
803 2299 948 2342 audire
969 2299 1035 2340 vel
1056 2311 1173 2346 eum,
1205 2296 1315 2339 unde
1337 2297 1492 2346 discas,
1526 2297 1595 2339 vel
1615 2311 1711 2340 eum
1726 2329 1737 2349 ,
1760 2297 1829 2339 031
1846 2311 2019 2353 respon-

256 2370 437 2413 dendum
469 2367 541 2415 sit,
574 2372 618 2406 ut
647 2365 707 2406 illi
736 2377 819 2405 non
848 2360 1065 2403 infundere
1095 2360 1138 2401 13
1168 2374 1292 2402 aures
1321 2366 1411 2402 tuas
1442 2361 1672 2402 orationem
1704 2359 1777 2403 sed
1806 2360 1848 2403 in
1874 2362 2012 2402 animo

255 2432 473 2475 videantur
502 2426 760 2470 inscribere?
809 2429 951 2480 Itaque
983 2423 1080 2472 soli,
1121 2424 1192 2478 qui
1224 2424 1426 2464 memoria
1454 2425 1618 2478 vigent,
1660 2423 1815 2473 sciunt,
1850 2422 1950 2478 quid
1981 2427 2022 2464 et

209 2517 243 2543 ³5
259 2502 458 2552 quatenus
488 2497 528 2534 et
549 2491 759 2546 quomodo
782 2486 932 2530 dicturi
953 2488 1054 2535 sint,
1088 2486 1154 2527 cui
1174 2485 1486 2542 responderint,
1518 2485 1617 2541 quid
1638 2485 1842 2541 supersit3
1875 2484 2023 2527 iidem-

260 2572 340 2614 que
385 2557 514 2598 multa
553 2569 604 2595 ex
643 2552 731 2593 aliis
770 2550 900 2592 causis
940 2548 1161 2603 aliquando
1192 2564 1216 2590 a
1245 2563 1290 2591 se
1329 2555 1440 2599 acta,
1490 2549 1618 2591 multa
1656 2548 1707 2590 ab
1746 2548 1837 2590 aliis
1880 2547 2020 2590 audita

260 2618 550 2662 meminerunt.
609 2618 704 2657 356.
754 2616 891 2664 Quare
932 2611 1135 2653 confiteor
1174 2611 1367 2667 equidem
1403 2611 1525 2654 huius
1565 2611 1667 2654 boni
1705 2617 1899 2654 naturam
1929 2624 2022 2653 esse

259 2682 488 2739 principem
511 2700 562 2706 -—
584 2680 689 2719 sicut
710 2691 852 2718 earum
881 2689 1046 2724 rerum,
1080 2677 1131 2716 de
1163 2677 1314 2729 quibus
1344 2682 1437 2718 ante
1468 2675 1627 2717 locutus
1658 2688 1773 2724 sum,
1808 2673 2019 2725 omnium3

263 2744 337 2786 sed
367 2747 468 2786 haec
498 2757 563 2783 ars
594 2746 680 2782 tota
711 2738 892 2785 dicendi,
940 2738 1027 2779 sive
1068 2737 1166 2779 artis
1205 2737 1343 2793 imago
1378 2737 1580 2793 quaedam
1611 2743 1672 2779 est
1702 2742 1742 2779 et
1772 2736 2020 2785 similitudo,

215 2807 388 2856 40habet
426 2807 529 2849 hanc
568 2807 670 2853 vim,
720 2816 804 2844 non
843 2808 889 2844 ut
924 2807 1056 2843 totum
1095 2800 1271 2856 aliquid,
1320 2800 1434 2843 cuius
1463 2800 1506 2842 in
1535 2799 1711 2854 ingeniis
1742 2800 1896 2841 nostris
1926 2811 2021 2855 pars

358 2937 390 2968 1.
420 2934 611 2976 aliquando
636 2933 676 2964 R.
707 2948 744 2955 -
774 2931 947 2963 evolatum
972 2930 1014 2961 A.
1046 2947 1083 2953 —
1110 2930 1144 2961 2.
1171 2930 1344 2961 nudatum
1370 2930 1410 2961 B.
1441 2946 1478 2952 —
1507 2929 1599 2970 quod
1625 2933 1704 2962 ante
1729 2938 1800 2961 non
1826 2937 1894 2961 om.
1921 2927 1961 2960 B.
1979 2943 2019 2950 —-

267 2983 300 3014 3.
328 2983 404 3014 lam
429 2984 517 3013 istuc
544 2990 611 3012 om.
639 2980 679 3011 B.
706 2995 750 3000 —
774 2979 809 3009 7.
839 2987 900 3018 090
927 2987 994 3009 om.
1023 2978 1066 3008 R.
1093 2993 1137 2998 -
1162 2981 1201 3008 ut
1226 2986 1294 3008 om.
1314 2977 1353 3008 B.
1382 2993 1422 2999 —
1449 2976 1483 3008 8.
1509 2978 1695 3008 memoriae
1721 2980 1799 3015 post
1821 2984 1926 3017 quam
1951 2983 2021 3006 om.

267 3030 309 3059 A.
337 3046 379 3051 —
406 3030 487 3061 Chio
513 3028 620 3060 ABR.
649 3043 686 3049 -
729 3026 785 3056 10.
814 3025 972 3056 Cranone
996 3025 1200 3056 Manutius:
1246 3023 1435 3055 Grannone
1459 3022 1542 3061 AB,
1571 3023 1732 3056 Granone
1756 3024 1811 3061 R,
1839 3021 2024 3053 Crannone

269 3075 309 3106 E.
337 3093 381 3096 —
407 3076 463 3106 17.
491 3075 558 3106 duo
584 3074 668 3105 AB:
697 3073 782 3104 duos
808 3072 880 3104 RE.
911 3088 949 3094 —-
976 3074 1143 3102 vocarent
1165 3070 1272 3102 ABR.
1299 3087 1340 3092 —
1369 3070 1425 3102 19.
1453 3080 1493 3102 ea
1518 3070 1636 3110 ruina]
1666 3078 1786 3101 earum
1809 3069 1853 3100 A.
1881 3083 1920 3091 —
1948 3076 2024 3098 cum

271 3123 427 3160 cognatis
454 3129 655 3162 oppressum
683 3120 758 3150 suis
783 3119 881 3151 Voss.
908 3118 966 3149 AB
995 3122 1028 3150 et
1054 3126 1105 3157 pr.
1133 3117 1233 3149 Leid.
1256 3133 1295 3139 —
1322 3117 1379 3149 21.
1405 3118 1549 3158 quisque
1574 3117 1647 3149 loco
1666 3117 1707 3148 B.
1735 3132 1776 3139 —·
1802 3116 1859 3147 22.
1886 3115 2024 3146 demon-

270 3172 457 3199 stratorem
475 3170 514 3200 R.
549 3184 582 3189 —
612 3167 670 3198 24.
698 3170 853 3198 eaeercent
870 3166 912 3196 R.
936 3182 974 3187 —-
1003 3166 1060 3196 25.
1082 3172 1169 3204 quae
1185 3165 1334 3195 maxime
1350 3166 1519 3195 memoria
1544 3164 1586 3195 R.
1609 3181 1646 3187 —
1674 3163 1731 3195 26.
1757 3164 1802 3195 iis
1826 3163 1867 3194 B.
1893 3177 1937 3183 —
1963 3161 2021 3194 27.

271 3218 421 3246 servaret
448 3214 487 3244 R.
517 3231 553 3237 -
594 3215 649 3246 31.
677 3214 845 3253 scriptum
868 3213 920 3250 A,
948 3213 1133 3250 escriptum
1157 3211 1197 3241 B.
1228 3226 1267 3233 —
1302 3211 1358 3242 32.
1387 3212 1511 3242 audire
1533 3212 1618 3242 velle
1641 3219 1716 3243 eum
1738 3209 1811 3241 AB.
1848 3224 1885 3231 —-
1926 3208 2024 3240 dicas

271 3261 314 3291 R.
342 3276 386 3283 —
411 3259 467 3291 33.
495 3258 547 3299 ut]
573 3262 627 3291 vel
652 3260 723 3291 AB.
754 3276 791 3283 —-
819 3258 876 3291 34.
904 3258 1078 3289 scribere:
1103 3265 1175 3288 non
1198 3257 1382 3289 mediocris
1407 3259 1465 3289 sed
1489 3258 1569 3290 boni
1595 3258 1670 3289 laus
1695 3257 1846 3288 oratoris
1869 3255 2020 3288 videtur.

271 3308 394 3347 Itaque
419 3307 460 3336 R.
491 3323 527 3328 —
556 3308 620 3338 solt
644 3308 671 3337 it
696 3307 738 3338 R.
769 3324 806 3330 —
835 3305 892 3337 35.
921 3310 1000 3336 sunt
1025 3306 1066 3336 R.
1086 3320 1130 3326 --
1157 3306 1212 3335 cui
1230 3305 1340 3336 Codd.
1367 3304 1411 3336 al.
1428 3328 1436 3343 ‚
1463 3305 1515 3336 R:
1541 3305 1623 3347 quid
1647 3303 1751 3336 ABE.
1775 3320 1809 3326 —
1837 3299 2021 3343 iidemque]

272 3355 379 3387 eidem
404 3360 490 3395 quae
515 3352 555 3383 B.
586 3370 621 3376 —
651 3352 708 3384 39.
737 3357 768 3385 et
793 3353 982 3385 similitudo
1007 3355 1055 3384 est
1079 3352 1121 3383 R.
1151 3367 1191 3375 -
1217 3351 1276 3384 40.
1304 3353 1341 3384 in
1365 3360 1433 3384 om.
1460 3352 1533 3384 AB.
