2117 3762
239 256 319 296 28'4
925 254 992 293 DE
1026 253 1271 295 ORATORE

238 359 442 414 principio
473 358 523 400 sit
551 359 762 400 utendum.
826 358 922 396 319.
959 358 1025 397 Sic
1056 363 1096 398 ct
1125 357 1245 400 facile
1278 358 1528 413 reperietur3
1579 364 1765 399 sumetur
1795 360 1902 400 enim
1936 375 1983 400 ex

237 421 287 462 iis
318 423 465 469 rebus,
514 434 618 475 quae
656 424 775 459 erunt
811 416 1045 458 uberrimae
1076 419 1141 459 vel
1173 421 1213 460 in
1244 420 1496 474 argumentis
1528 421 1593 460 vel
1623 419 1665 460 in
1697 419 1747 460 iis
1778 422 1985 473 partibus,

237 483 289 524 ad
330 497 432 537 quas
475 483 559 523 dixi
601 479 761 532 digredi
801 493 923 534 saepe
954 486 1169 534 oportere;
1216 483 1271 523 ita
1302 488 1342 523 et
1373 483 1568 523 momenti
1601 481 1757 536 aliquid
1787 481 1983 530 afferent,

236 558 329 586 cum
360 551 480 585 erunt
508 556 639 596 paene
669 555 721 582 cx
749 541 891 583 intima
922 541 1164 583 defensione
1186 542 1479 599 depromptae,
1513 549 1553 584 et
1573 542 1788 598 apparebit
1809 558 1878 584 eas
1902 558 1984 585 non

206 606 358 648 smodo
390 620 472 646 non
502 618 591 644 esse
622 617 861 644 communes
892 619 968 645 nec
998 606 1040 645 in
1070 605 1168 646 alias
1199 618 1341 645 causas
1370 620 1492 658 posse
1521 606 1737 646 transferri
1769 605 1839 646 sed
1872 606 1986 660 peni-

235 674 299 710 tus
332 683 384 708 ex
416 681 463 707 ea
495 679 641 713 causa,
693 679 800 720 quae
839 670 925 706 tum
965 672 1135 720 agatur,
1186 664 1422 708 defluxisse.
1483 670 1672 708 LXXIX.
1707 670 1802 708 320.
1856 671 1986 708 Omne

235 735 370 771 autem
410 727 661 782 principium
703 733 773 768 aut
812 728 871 769 rei
913 729 1060 776 totius,
1107 742 1212 783 quae
1242 733 1413 781 agetur,
1461 730 1800 784 significationem
1832 729 1987 770 habere

234 790 402 833 debebit
430 796 499 830 aut
529 789 686 831 aditum
707 789 758 831 ad
781 803 945 831 causam
968 796 1008 831 et
1028 791 1394 831 communitionem
1426 797 1495 832 aut
1525 792 1733 846 quoddam
1765 804 1988 833 ornamen-

235 859 320 894 tum
351 856 391 892 et
412 851 663 905 dignitatem.
724 854 805 894 Sed
836 858 1024 908 oportet,
1057 858 1102 893 ut
1133 853 1306 893 aedibus
1337 865 1383 892 ac
1413 854 1574 908 templis
1605 853 1808 895 vestibula
1840 859 1880 894 et
1901 853 1987 895 adi-

184 920 318 962 10tus,
363 916 420 954 sic
460 915 593 955 causis
636 914 839 969 principia
884 928 959 969 pro
1000 914 1193 968 portione
1238 929 1379 955 rerum
1425 929 1700 970 praeponere.
1763 918 1906 970 Itaque
1943 915 1986 955 in

233 977 370 1031 parvis
400 981 523 1030 atque
552 975 884 1032 infrequentibus
916 976 1048 1017 causis
1079 978 1130 1017 ab
1161 976 1250 1029 ipsa
1281 990 1327 1017 re
1357 982 1418 1017 est
1449 978 1634 1019 exordiri
1660 992 1782 1033 saepe
1804 991 1988 1019 commo-

233 1038 339 1079 dius.
400 1040 496 1079 321.
532 1038 613 1080 Sed
642 1053 734 1079 cum
766 1039 846 1079 erit
875 1041 1074 1080 utendum
1105 1038 1336 1093 principio,
1371 1038 1481 1091 quod
1513 1040 1757 1094 plerumque
1788 1039 1887 1086 erit,
1919 1045 1988 1080 aut

233 1113 285 1140 ex
326 1113 402 1141 reo
441 1106 511 1141 aut
555 1116 607 1141 ex
651 1100 891 1143 adversario
930 1107 1000 1142 aut
1040 1114 1091 1141 ex
1130 1114 1173 1140 re
1213 1106 1282 1141 aut
1324 1114 1375 1141 ex
1416 1102 1497 1149 eis,
1550 1104 1659 1154 apud
1691 1116 1793 1156 quos
1815 1108 1984 1157 agetur,

231 1161 455 1203 sententias
486 1162 578 1204 duci
608 1162 762 1203 licebit.
819 1166 883 1204 Ex
914 1176 1010 1210 reo,
1058 1166 1171 1213 (reos
1201 1162 1390 1217 appello,
1433 1177 1609 1218 quorum
1640 1178 1705 1204 res
1735 1168 1835 1215 est‚)
1881 1177 1986 1218 quae

183 1237 217 1261 15
231 1223 463 1277 significent
490 1226 645 1265 honum
667 1224 825 1273 virum,
861 1238 966 1278 quae
987 1223 1226 1272 liberalem,
1261 1238 1366 1278 quae
1389 1225 1697 1274 calamitosum,
1731 1240 1837 1280 quae
1866 1227 1989 1267 mise-

228 1286 409 1327 ricordia
440 1285 630 1340 dignum,
676 1301 781 1340 quae
813 1286 975 1328 valeant
1004 1292 1147 1327 contra
1177 1285 1322 1327 salsam
1354 1287 1704 1329 criminationem:
1756 1301 1807 1328 ex
1837 1290 1984 1328 adver-

230 1348 340 1390 sario
369 1348 518 1389 iisdem
548 1362 601 1389 ex
630 1349 731 1390 locis
752 1350 839 1390 fere
860 1350 1078 1390 contraria.
1137 1351 1233 1389 322.
1266 1352 1330 1390 Ex
1349 1363 1414 1397 re,
1447 1351 1480 1391 si
1502 1349 1703 1396 crudelis,
1735 1351 1769 1391 si
1790 1349 1983 1395 nefanda,

231 1410 264 1451 si
295 1417 460 1464 praeter
490 1410 753 1464 opinionem,
786 1411 820 1452 si
850 1411 1076 1459 immerito,
1109 1412 1142 1453 si
1172 1412 1347 1460 misera,
1389 1411 1422 1452 si
1453 1412 1635 1465 ingrata,
1667 1413 1701 1452 si
1731 1411 1917 1465 indigna,
1955 1413 1987 1452 si

230 1485 355 1520 nova,
403 1472 438 1513 si
468 1486 573 1528 quae
603 1473 765 1514 restitui
796 1475 1012 1529 sanarique
1045 1489 1127 1515 non
1156 1474 1307 1529 possit:
1357 1487 1409 1514 ex
1445 1474 1495 1515 iis
1534 1480 1695 1522 autem,
1742 1477 1850 1529 apud
1881 1487 1985 1529 quos

182 1547 218 1571 20
231 1540 393 1589 agetur,
424 1540 470 1575 ut
500 1536 726 1576 benevolos
756 1537 947 1590 beneque
979 1535 1260 1577 existimantes
1290 1535 1538 1586 efficiamus3
1572 1539 1685 1591 quod
1716 1539 1876 1590 agendo
1899 1535 1986 1577 effi-

231 1596 337 1638 citur
366 1596 513 1638 melius
544 1611 668 1652 quam
698 1600 900 1651 rogando.
961 1600 1034 1638 Est
1063 1597 1105 1639 id
1137 1598 1304 1654 quidem
1335 1601 1375 1639 in
1406 1603 1533 1639 totam
1564 1601 1795 1640 orationem
1818 1597 1990 1640 confun-

231 1661 411 1700 dendum
451 1673 530 1700 nec
569 1659 736 1700 minime
774 1660 815 1700 in
852 1666 1107 1710 extremam3
1160 1663 1232 1701 sed
1275 1667 1411 1702 tamen
1454 1661 1582 1702 multa
1622 1661 1824 1717 principia
1854 1676 1906 1702 ex
1937 1675 1987 1702 eo

229 1734 381 1774 genere
421 1720 658 1775 gignuntur.
720 1724 816 1763 323.
864 1725 966 1763 Nam
997 1727 1038 1763 et
1068 1728 1266 1764 attentum
1305 1730 1475 1764 monent
1514 1723 1659 1765 Graeci
1699 1729 1744 1765 ut
1781 1723 1988 1779 principio

230 1782 428 1824 faciamus
458 1783 635 1824 iudicem
665 1790 705 1824 et
734 1784 934 1834 docilem3
976 1799 1081 1840 quae
1113 1790 1206 1825 sunt
1235 1785 1375 1833 utilia,
1410 1787 1481 1826 sed
1512 1800 1596 1826 non
1626 1786 1820 1841 principii
1853 1786 1984 1839 magis

181 1863 215 1886 25
230 1844 400 1899 propria
429 1858 548 1900 quam
578 1844 833 1899 reliquarum
864 1848 1065 1899 partium;
1097 1846 1284 1888 faciliora
1315 1847 1437 1888 etiam
1469 1847 1509 1888 in
1540 1848 1778 1903 prlncipiis,
1811 1849 1924 1902 quod
1947 1852 1988 1888 et

229 1907 372 1948 attenti
402 1914 487 1949 tum
518 1907 699 1948 maxime
730 1914 845 1955 sunt,
878 1921 970 1949 cum
1002 1908 1141 1949 omnia
1163 1915 1418 1963 exspectant,
1452 1917 1493 1950 et
1517 1911 1672 1951 dociles
1703 1911 1832 1964 magis
1862 1909 1988 1950 initiis

229 1982 319 2010 esse
349 1975 536 2024 possunt.
598 1969 828 2011 Illustriora
870 1971 979 2011 enim
1021 1976 1134 2017 sunt,
1184 1985 1288 2026 quae
1329 1973 1370 2011 in
1408 1971 1623 2026 principiis
1654 1985 1778 2026 quam
1809 1972 1987 2025 quaein

229 2030 375 2072 mediis
406 2031 538 2072 causis
569 2031 761 2074 dicuntur
789 2038 859 2073 aut
887 2032 1100 2086 arguendo
1121 2038 1190 2073 aut
1210 2032 1453 2074 refellendo.
1513 2034 1608 2073 324.
1643 2033 1826 2075 Maxima
1846 2038 1983 2074 autem

229 2093 347 2148 copia
376 2093 677 2146 principiorum
708 2093 760 2135 ad
790 2094 970 2136 iudicem
999 2100 1070 2136 aut
1090 2095 1349 2136 alliciendum
1373 2101 1442 2135 aut
1462 2096 1718 2136 incitandum
1740 2109 1793 2136 ex
1814 2095 1863 2136 iis
1884 2095 1987 2136 locis

182 2154 434 2204 sotrahetur‚
479 2156 550 2210 qui
588 2157 639 2196 ad
676 2161 812 2197 motus
843 2158 1075 2198 animorum
1107 2156 1385 2198 conficiendos
1415 2157 1581 2198 inerunt
1610 2157 1653 2198 in
1684 2170 1826 2206 causa3
1876 2170 1982 2212 quos

230 2222 366 2258 tamen
396 2222 504 2259 totos
544 2218 740 2273 explicari
782 2218 824 2258 in
866 2218 1068 2272 principio
1106 2233 1189 2261 non
1232 2218 1465 2274 oportebit,
1518 2221 1591 2260 sed
1632 2224 1788 2260 tantum
1828 2218 1985 2273 impelli

229 2280 366 2334 primo
396 2279 574 2320 iudicem
605 2280 776 2329 leviter,
811 2285 853 2321 ut
872 2282 953 2321 iam
976 2282 1171 2323 inclinato
1192 2281 1352 2337 reliqua
1372 2283 1583 2323 incumbat
1604 2281 1754 2322 oratio.
1816 2283 1985 2322 LXXX.

230 2343 326 2382 325.
372 2342 614 2383 Connexum
653 2348 791 2384 autem
830 2342 886 2383 ita
923 2343 975 2384 sit
1004 2344 1254 2399 principium
1285 2344 1555 2400 consequenti
1587 2343 1783 2391 orationi,
1828 2349 1986 2384 utnon

230 2409 437 2458 tamquam
469 2403 697 2445 citharoedi
727 2406 989 2459 prooemium
1020 2405 1200 2447 affictum
1221 2406 1388 2461 aliquod
1412 2408 1484 2447 sed
1506 2408 1733 2447 cohaerens
1754 2419 1848 2447 cum
1872 2405 1986 2446 omni

322 2500 355 2530 1.
382 2501 602 2538 reperientur
627 2499 819 2531 Scbutzius.
856 2517 900 2522 —-
939 2507 1093 2532 sumetur
1117 2502 1176 2532 AB
1202 2502 1354 2541 aliique,
1382 2501 1434 2532 R:
1473 2506 1650 2532 sumentur
1675 2501 1714 2532 E.
1754 2517 1790 2523 —
1836 2501 1869 2530 2.
1898 2510 1986 2541 quae

229 2549 309 2577 sunt
324 2546 368 2578 R.
398 2563 435 2569 —
462 2546 515 2578 vel
538 2547 575 2577 in
599 2545 827 2587 arqumentis]
855 2547 907 2578 vel
931 2551 970 2579 ut
993 2549 1030 2578 in
1056 2557 1132 2589 ary.
1162 2547 1215 2584 Α,
1242 2548 1335 2580 velut
1361 2556 1438 2589 argy-
1461 2547 1499 2578 Β.
1527 2563 1567 2569 -
1596 2547 1629 2578 3.
1656 2555 1757 2586 saepe
1782 2547 1916 2588 digredi
1940 2547 1983 2578 R.

229 2609 274 2613 —
297 2592 450 2623 monenti
475 2592 518 2623 Α.
556 2609 594 2615 -
630 2592 664 2623 lt.
694 2591 749 2632 em]
777 2594 814 2624 in
840 2594 879 2624 B.
906 2611 950 2615 —
991 2595 1212 2634 depromptae
1237 2611 1250 2616 -
1275 2610 1287 2616 -
1311 2603 1369 2625 eas
1395 2610 1408 2615 —
1434 2610 1446 2615 -
1471 2601 1666 2625 communes
1690 2593 1799 2625 ABR:
1828 2594 1986 2633 deprom-

227 2643 295 2678 pta
318 2655 332 2660 -
355 2655 368 2660 -
395 2646 436 2669 ea
460 2655 473 2660 -
497 2655 511 2661 -
535 2640 732 2670 communia
757 2647 833 2670 cum
859 2640 1019 2672 Manutio
1047 2641 1086 2672 E.
1117 2657 1152 2663 —
1191 2641 1225 2672 5.
1251 2649 1324 2671 non
1349 2645 1430 2672 ante
1456 2649 1487 2671 v.
1516 2649 1584 2671 esse
1609 2648 1678 2670 om.
1705 2641 1748 2671 R.
1777 2656 1817 2661 —
1856 2641 1985 2679 petitus

229 2685 271 2716 B.
299 2702 336 2708 -
365 2684 400 2716 6.
427 2684 614 2727 deflua-isse
631 2686 659 2717 R
687 2690 721 2717 et
746 2686 827 2726 Lag.
854 2685 911 2718 35.
940 2686 998 2719 65.
1026 2687 1112 2718 93.:
1142 2691 1173 2718 et
1198 2686 1331 2729 flevisse
1357 2685 1434 2727 (sic)
1458 2687 1511 2724 B,
1538 2685 1726 2728 effloruisse
1744 2683 1785 2726 (Α
1799 2683 1828 2727 ⁶2)
1849 2686 1919 2718 ET.
1943 2704 1982 2710 —

230 2732 264 2763 8.
291 2735 323 2763 et
347 2732 645 2763 communitionem
671 2731 782 2764 Codd.
817 2732 888 2763 aL:
927 2737 959 2764 et
990 2735 1036 2765 ad
1072 2735 1377 2765 commutationem
1401 2732 1459 2764 ΑΒ
1476 2755 1485 2770 ,
1529 2736 1561 2763 et
1591 2734 1816 2764 munitionem
1841 2733 1913 2764 RE.
1945 2751 1982 2756 —

230 2779 287 2809 10.
311 2786 378 2817 pro
399 2779 563 2818 portione
587 2778 722 2810 Aldus:
761 2780 990 2818 proportione
1016 2780 1151 2812 ABRE.
1191 2779 1277 2814 (Csr.
1318 2778 1567 2812 Drakenborch
1604 2780 1646 2810 ad
1684 2780 1759 2812 Liv.
1787 2779 1830 2817 7,
1858 2778 1906 2818 1.)
1948 2797 1980 2802 -

229 2832 423 2864 proponere
446 2825 488 2857 R.
519 2842 557 2847 —
585 2825 642 2855 11.
670 2824 904 2866 frequentibus
929 2826 999 2857 BR.
1028 2843 1067 2848 —
1096 2826 1152 2858 13.
1180 2831 1302 2868 agetur
1328 2826 1438 2858 Codd.
1466 2825 1537 2857 aL:
1564 2827 1685 2865 ayitur
1704 2825 1817 2867 (AB‘J)
1847 2826 1922 2857 RE.
1944 2844 1984 2849 -

232 2871 288 2901 14.
315 2871 384 2902 dici
410 2871 448 2903 Β.
479 2887 518 2894 -
544 2879 621 2902 reos
647 2875 762 2902 autem
787 2873 829 2903 R.
858 2872 935 2907 (Vv.
961 2881 1039 2904 reos
1063 2890 1075 2894 -
1099 2889 1113 2894 -
1138 2881 1190 2904 res
1216 2878 1265 2904 est
1292 2875 1452 2912 suspecta
1479 2877 1562 2904 sunt
1586 2873 1718 2910 Bakto,
1745 2876 1866 2911 utpote
1893 2881 1984 2913 quae

231 2919 380 2954 repetita
406 2919 475 2949 sint
500 2925 540 2949 ex
565 2915 603 2956 §-
631 2917 728 2955 183.)
755 2935 795 2940 -
824 2919 879 2949 15.
908 2918 1033 2950 bonum
1056 2920 1173 2950 virum
1197 2919 1225 2949 A
1253 2920 1408 2959 aliique:
1433 2918 1547 2949 virum
1577 2918 1701 2950 bonum
1728 2917 1810 2958 (B‘z)
1837 2919 1914 2950 RE.
1943 2936 1980 2942 -

232 2962 289 2994 16.
318 2972 359 2994 em
383 2965 668 2995 adversariorum
691 2965 764 2997 AB.
794 2982 834 2987 —
862 2965 917 2996 17.
946 2965 1074 2997 hisdem
1100 2974 1141 2997 em
1165 2966 1216 2996 his
1242 2966 1327 2997 locis
1352 2965 1396 2996 R.
1423 2980 1467 2985 —-
1491 2965 1548 2996 Ea>
1571 2966 1621 2996 rei
1647 2966 1720 2996 ΑΒ.
1749 2983 1790 2988 -
1829 2964 1984 3004 nefanda

233 3009 290 3039 AB
309 3009 459 3049 aliique:
486 3009 636 3050 infanda
652 3012 722 3042 RE.
745 3029 781 3034 —
810 3011 866 3042 20.
894 3012 974 3043 bene
992 3013 1032 3043 R.
1056 3027 1090 3033 -
1118 3011 1175 3042 23.
1203 3013 1397 3053 gignantur
1413 3010 1485 3041 AB.
1516 3027 1551 3032 —
1580 3017 1611 3043 et
1628 3018 1707 3044 ante
1727 3015 1897 3043 attentum
1913 3020 1981 3043 om.

234 3055 306 3085 AB.
327 3071 367 3077 —
392 3056 447 3088 25.
463 3055 627 3097 propria]
646 3062 812 3098 prompta
829 3058 872 3089 Α.
891 3074 935 3078 -
960 3063 992 3089 et
1008 3064 1088 3090 ante
1106 3059 1232 3090 attenti
1249 3067 1318 3089 om.
1337 3058 1378 3088 B.
1399 3073 1439 3078 —
1460 3057 1516 3088 26.
1540 3058 1579 3089 V.
1598 3059 1709 3089 initiis
1726 3059 1867 3090 seclusit
1884 3058 1924 3088 T.
1944 3074 1980 3079 —

233 3100 290 3131 28.
317 3101 472 3133 Mau-ime
488 3103 527 3135 B.
554 3119 588 3124 -—
620 3104 677 3136 29.
705 3109 767 3135 aut
791 3104 1008 3135 incitandum
1033 3113 1100 3136 om.
1121 3104 1193 3135 ΑΒ.
1216 3120 1255 3125 -
1283 3104 1339 3135 30.
1369 3104 1530 3135 trahetur
1548 3104 1708 3136 Ellendt:
1736 3105 1888 3136 trahitur
1909 3104 1981 3142 RE,

235 3146 407 3178 trahemus
432 3149 504 3179 AB.
547 3148 757 3189 (Maoeimam
781 3168 794 3173 -
819 3153 935 3181 autem
960 3152 1098 3191 copiam
1122 3167 1134 3172 -
1159 3167 1172 3172 —
1200 3151 1375 3181 trahemus
1410 3158 1488 3181 cum
1527 3150 1594 3182 Gu.
1631 3150 1665 3181 3.
1701 3151 1913 3187 Schutzius.)
1941 3168 1982 3173 —

234 3192 291 3223 31.
319 3193 486 3231 empticari
510 3196 546 3225 in
568 3198 743 3237 principio
769 3197 880 3228 Codd.
908 3197 976 3228 aL:
1020 3197 1194 3236 explicare
1225 3197 1262 3227 in
1284 3197 1458 3236 principio
1485 3196 1546 3229 AR
1562 3221 1570 3235 ,
1608 3197 1645 3228 in
1673 3197 1845 3236 principio
1869 3197 1983 3236 empli-

234 3247 335 3275 care,
366 3243 403 3269 ut
428 3241 589 3278 videtur,
619 3243 643 3273 B
661 3267 669 3279 ,
707 3246 744 3275 in
768 3245 942 3283 principio
970 3244 1138 3283 explicari
1165 3243 1202 3273 Ε.
1232 3258 1270 3264 --
1313 3246 1428 3275 tamen
1454 3243 1495 3273 R.
1538 3261 1573 3267 -
1615 3242 1672 3274 32.
1698 3243 1845 3275 iudicem
1865 3244 1981 3282 primo

236 3284 347 3317 Codd-
376 3285 445 3321 ab,
476 3287 516 3316 R·
546 3288 601 3324 (Ut
629 3300 688 3322 nos
707 3315 715 3329 ‚
743 3291 823 3329 ΑΒ,
853 3291 1147 3330 quemadmodum
1178 3287 1342 3330 videtur.)
1369 3306 1410 3312 —-
1447 3289 1569 3321 leniter
1595 3289 1635 3321 R.
1669 3306 1702 3312 —
1740 3289 1797 3321 34.
1825 3290 1981 3331 affectum

235 3332 307 3363 AB.
338 3347 376 3354 —
405 3332 539 3373 aliquid
564 3334 605 3364 R.
