2117 3762
590 218 687 258 LIB.
724 218 754 258 1.
816 216 861 257 C.
899 218 962 258 17.
1024 219 1124 259 LIB.
1159 219 1210 259 11.
1274 219 1318 259 C.
1356 221 1391 259 1.
1426 220 1464 260 2.
1850 231 1898 270 13

780 611 1280 656 RHETORICORUM

995 705 1061 740 Al)

609 788 679 847 C.
735 790 1449 851 HERENNIUM

739 908 940 948 Lim-:R
978 908 1320 948 SECUNDUS.

149 1155 182 1195 I.
219 1155 254 1195 1.
303 1141 359 1196 ln
388 1152 522 1209 primo
553 1153 681 1201 libro,
723 1153 926 1201 Herenni,
970 1153 1150 1197 breviter
1180 1156 1469 1212 exposuimus,
1502 1173 1601 1214 quas
1633 1175 1774 1203 causas
1806 1166 1908 1206 reci-

150 1229 249 1269 pere
279 1222 487 1258 oratorem
519 1222 730 1271 oporteret
760 1222 800 1257 et
831 1216 872 1257 in
903 1216 1053 1272 quilius
1084 1218 1232 1260 officiis
1267 1218 1391 1274 [artis]
1427 1221 1638 1264 elaborare
1669 1226 1908 1267 conveniret

152 1284 193 1320 et
214 1292 262 1320 ea
285 1277 418 1319 officia
441 1292 520 1333 qua
543 1281 700 1319 ratione
722 1277 915 1320 facillime
937 1281 1134 1336 consequi
1158 1289 1310 1336 posset.
1375 1286 1551 1332 Verum,
1587 1285 1682 1340 quia
1703 1300 1836 1342 neque
1858 1287 1908 1328 de

151 1341 343 1383 omnibus
367 1340 519 1395 [rebus]
545 1341 667 1382 simul
704 1341 784 1383 dici
818 1348 980 1396 poterat
1011 1351 1050 1385 et
1080 1343 1130 1385 de
1161 1345 1351 1386 maximis
1383 1348 1508 1387 rebus
1530 1347 1705 1402 primum
1728 1349 1911 1390 scriben-

151 1402 248 1445 dum
279 1402 372 1450 suit,
406 1417 488 1460 quo
519 1409 656 1445 cetera
687 1403 759 1445 tibi
792 1403 976 1446 faciliora
1008 1406 1176 1460 cognitu
1207 1407 1464 1456 viderentur,
1497 1409 1550 1450 ita
1579 1409 1698 1451 nobis
1718 1410 1941 1466 placituins

151 1472 230 1514 est,
261 1473 306 1508 ut
337 1481 405 1515 ea,
437 1480 543 1523 quae
574 1466 812 1508 difficillima
843 1474 996 1514 essent,
1029 1468 1289 1523 potissimum
1321 1470 1688 1514 conscriberemus.

265 1530 488 1571 Causarum
526 1529 602 1570 tria
643 1536 736 1570 sunt
772 1543 943 1583 genera:
992 1530 1378 1579 demonstrativum,
1425 1533 1762 1583 deliberativum,
1807 1535 1913 1577 iudi-

152 1591 267 1634 ciale.
325 1591 452 1634 Multo
494 1590 782 1633 difficillimum
828 1591 1017 1634 iudiciale
1063 1601 1144 1645 est;
1192 1609 1293 1648 ergo
1332 1595 1372 1637 id
1411 1595 1591 1650 primum
1633 1595 1909 1639 absolvemus.

151 1657 239 1696 Hoc
271 1661 312 1696 et
342 1655 480 1710 priore
510 1653 615 1695 libro
650 1654 829 1708 egimus,
883 1669 975 1696 cum
1015 1655 1065 1697 de
1106 1657 1290 1713 quinque
1334 1659 1511 1700 oratoris
1542 1658 1689 1701 officiis
1720 1666 1914 1701 tractare-

151 1732 267 1766 mus,
299 1731 477 1773 quorum
508 1717 692 1758 inventio
725 1723 765 1758 et
794 1716 924 1772 prima
956 1724 996 1760 et
1026 1718 1264 1761 difficillima
1296 1726 1380 1770 est;
1415 1735 1545 1776 eaque
1575 1720 1694 1764 nobis
1725 1722 1803 1764 erit
1832 1726 1961 1764 hOC10

150 1780 256 1822 libro
299 1782 603 1835 propemodum
645 1778 852 1829 absoluta;
905 1793 1070 1834 parvam
1110 1788 1269 1836 partem
1311 1783 1398 1824 eius
1438 1783 1480 1824 in
1522 1785 1686 1826 tertium
1718 1786 1912 1828 volumen

150 1842 458 1884 transferemus.
522 1845 561 1883 2.
601 1845 660 1883 De
692 1855 764 1882 sex
795 1841 979 1896 partibus
1010 1843 1209 1885 orationis
1238 1844 1416 1899 primum
1447 1846 1629 1889 scribere
1660 1848 1909 1903 incepimus:

150 1904 193 1946 in
223 1905 356 1960 primo
389 1904 494 1946 libro
526 1904 655 1946 locuti
685 1918 827 1945 sumus
859 1904 908 1945 de
939 1906 1137 1954 exordio,
1170 1906 1423 1954 narratione,
1463 1907 1688 1956 divisione,
1720 1924 1794 1951 nec
1823 1910 1914 1965 plu-

151 1965 267 2008 ribus
308 1966 468 2015 verbis,
517 1980 640 2022 quam
682 1979 850 2007 necesse
889 1965 985 2014 fuit,
1032 1982 1107 2009 nec
1151 1969 1285 2010 minus
1326 1968 1526 2018 dilucide,
1574 1985 1695 2026 quam
1736 1978 1775 2013 te
1806 1972 1914 2013 velle

152 2029 506 2072 existimabamus.
566 2027 723 2070 Deinde
755 2029 1006 2070 coniunctim
1038 2030 1089 2072 de
1121 2030 1433 2074 confirmatione
1475 2039 1515 2074 et
1545 2034 1823 2076 confutatione
1854 2035 1962 2076 ‹ii-1⁵

153 2091 330 2134 cendum
361 2091 450 2134 fuit.
510 2093 649 2142 Quare
680 2105 831 2146 genera
863 2093 1204 2135 constitutionum
1235 2099 1275 2135 et
1305 2109 1444 2136 carum
1486 2103 1622 2151 partes
1652 2097 1911 2151 aperuimus;

153 2168 206 2196 ex
236 2168 318 2210 quo
350 2154 473 2197 simul
504 2153 818 2202 ostendebatur,
866 2155 1076 2210 quomodo
1110 2156 1446 2198 constitutionem
1478 2165 1517 2199 et
1546 2164 1684 2214 partes
1716 2151 1912 2201 constitu-

152 2216 275 2259 tionis
316 2231 438 2259 causa
479 2217 612 2272 posita
652 2217 829 2272 reperiri
865 2224 1090 2273 oporteret.
1152 2219 1311 2261 Deinde
1338 2219 1578 2269 docuimus,
1621 2220 1914 2264 iudicationem

153 2279 501 2335 quemadmodum
545 2280 686 2336 quaeri
733 2280 995 2331 conveniret3
1047 2295 1127 2337 qua
1176 2281 1342 2323 inventa
1393 2282 1642 2332 curandum,
1697 2290 1742 2326 ut
1782 2283 1914 2325 omnis

152 2341 258 2383 ratio
289 2342 414 2384 totius
446 2343 643 2384 orationis
674 2345 723 2384 ad
755 2357 844 2384 eam
872 2343 1121 2386 conferatur.
1181 2347 1328 2387 Postea
1348 2348 1641 2389 admonuimus
1662 2361 1752 2390 esse
1773 2361 1913 2389 causas
1928 2368 1964 2393 20

154 2404 409 2460 complures,
441 2404 591 2462 quibus
615 2405 755 2461 plures
777 2407 1089 2449 constitutiones
1119 2412 1188 2449 aut
1216 2414 1353 2464 partes
1384 2409 1723 2452 constitutionum
1753 2424 1915 2452 accom-

153 2470 436 2509 modarentur.
498 2470 549 2508 II.
581 2467 802 2524 Reliquum
833 2468 1051 2512 videbatur
1080 2484 1194 2520 esse,
1233 2476 1280 2513 ut
1309 2475 1642 2523 ostenderemus,
1675 2487 1779 2530 quae
1809 2472 1912 2514 ratio

245 2615 280 2647 1.
309 2620 485 2648 oratorem
510 2615 663 2656 ‘recipere
688 2615 809 2648 AFRT
827 2641 835 2656 ,
861 2617 1011 2657 recipere
1038 2619 1196 2649 oratores
1216 2617 1255 2648 B.
1279 2634 1315 2641 -—
1344 2618 1378 2652 2.
1407 2618 1448 2650 V.
1470 2620 1558 2651 artis
1583 2619 1735 2652 deletum
1754 2628 1770 2651 a
1790 2618 1913 2651 Lamb-

156 2666 190 2696 et
213 2661 292 2695 Sch.
321 2671 383 2695 nos
419 2663 654 2695 seclusimus:
698 2664 818 2704 quibus
850 2664 1014 2704 partibus
1053 2663 1173 2707 officiis
1210 2662 1333 2706 (officii
1358 2665 1382 2696 F
1409 2670 1444 2698 et
1469 2675 1519 2705 pr.
1546 2665 1588 2707 A)
1626 2668 1715 2698 artis
1751 2666 1913 2698 PAFRT.

155 2710 199 2740 Ut
218 2710 398 2742 Ernestius
415 2732 423 2747 ‚
451 2710 478 2740 B
505 2715 613 2751 atquc
639 2712 674 2742 in
693 2710 751 2742 PR
777 2711 930 2743 secunda
956 2720 1077 2743 manus
1103 2712 1274 2751 vulgatam
1303 2713 1486 2745 lectionem
1515 2713 1665 2745 exhibet.
1688 2730 1727 2735 —
1754 2712 1788 2744 3.
1817 2710 1914 2754 quia]

155 2756 249 2795 quod
274 2756 410 2795 PBFT,
437 2758 497 2798 qui
521 2758 564 2789 Α.
605 2774 648 2779 -
688 2757 723 2788 [ι.
764 2759 865 2790 rebus
895 2762 973 2797 post
997 2767 1028 2789 v.
1058 2759 1216 2790 omnibus
1243 2767 1321 2790 cum
1348 2759 1458 2792 Codd.
1487 2760 1620 2800 aliquot
1644 2760 1807 2799 expunxit
1833 2760 1913 2792 Sch.

156 2801 227 2834 Nos
252 2803 469 2836 seclusimus.
497 2820 542 2826 -—
583 2805 750 2836 maximis
784 2806 883 2837 rebus
908 2804 1091 2836 PABFRT
1118 2813 1195 2836 cum
1235 2806 1434 2846 plerisque:
1473 2807 1638 2837 maximis
1664 2807 1704 2838 E.
1748 2806 1827 2847 (Hic
1855 2816 1917 2846 pro

159 2854 252 2881 certo
279 2859 309 2881 v.
336 2851 437 2882 rebus
463 2859 525 2883 suo
553 2851 627 2884 loco
656 2854 805 2890 positum
833 2857 884 2884 est
911 2861 1024 2891 neque
1052 2852 1150 2885 facite
1178 2861 1218 2884 eo
1246 2860 1362 2885 carere
1393 2852 1605 2892 possumus.)
1644 2870 1685 2876 —-
1725 2854 1760 2885 5.
1799 2855 1920 2895 itaque

158 2896 187 2927 R
214 2900 247 2929 et
273 2904 361 2928 corr.
388 2897 430 2928 Τ.
452 2915 493 2920 -
521 2897 556 2929 6.
577 2899 798 2930 scriberemus
823 2898 986 2930 PAFRT.
1015 2898 1139 2931 Graev.
1170 2915 1201 2921 -
1235 2899 1268 2931 8.
1296 2901 1459 2932 iudiciale
1484 2904 1531 2931 est
1559 2899 1728 2931 PAFRT:
1758 2904 1806 2932 esc
1830 2901 1919 2932 iudi-

158 2943 243 2974 ciale
269 2943 341 2974 BE.
379 2958 421 2966 —
459 2944 493 2976 9.
522 2945 622 2976 libro.
651 2945 691 2977 de
717 2947 869 2977 oratoris
896 2946 1019 2988 officiis
1045 2947 1196 2987 quinquo
1226 2948 1379 2977 inventio
1405 2947 1455 2984 P,
1498 2946 1586 2978 libro
1620 2948 1750 2986 eyvimus
1775 2956 1851 2978 cum
1876 2948 1919 2978 de

159 2990 313 3021 oratoris
339 2988 460 3032 officiis
485 2994 717 3023 tractaremus
754 2994 925 3033 quinque,
970 3001 1117 3033 quorum
1150 2994 1299 3025 inventio
1332 2993 1410 3027 ΑΒ,
1450 2993 1537 3024 libro
1571 2994 1724 3033 aqimus,
1769 3003 1843 3026 cum
1878 2995 1920 3025 de

160 3037 329 3068 oratoriis
355 3035 430 3075 (sic)
456 3041 690 3070 tractaremus
716 3038 839 3080 officiis
864 3041 1012 3080 quinque
1028 3062 1035 3075 ,
1063 3049 1207 3081 quorum
1230 3040 1386 3071 inventio
1412 3039 1456 3076 F,
1483 3039 1571 3071 libro
1598 3041 1726 3081 eqimus
1743 3064 1752 3079 ‚
1779 3050 1854 3072 curn
1879 3041 1920 3072 de

160 3083 315 3115 oratoris
342 3082 461 3125 officiis
487 3087 716 3117 tractavimus
748 3086 782 3116 V.
809 3095 958 3127 qaorum
990 3087 1025 3118 V.
1052 3087 1204 3118 inventio
1230 3086 1271 3117 T.
1301 3103 1342 3109 —
1369 3087 1424 3117 10.
1452 3094 1556 3126 eaque
1580 3086 1693 3119 PAB:
1721 3096 1760 3118 ea
1785 3095 1920 3128 quoque

160 3130 295 3162 FRTE.
325 3147 364 3152 —
407 3131 468 3161 hoc
492 3131 580 3164 libro
605 3132 811 3163 PABFRT:
856 3133 918 3164 hoc
945 3134 982 3164 in
1007 3133 1093 3164 libro
1122 3133 1161 3164 E.
1190 3149 1231 3154 —
1277 3133 1333 3164 11.
1357 3141 1508 3172 parvam
1535 3133 1611 3164 PF:
1646 3138 1677 3165 et
1698 3142 1849 3173 parvam
1876 3134 1917 3170 E.

160 3178 218 3209 sed
240 3185 393 3217 parvam
417 3176 552 3209 ABRT.
573 3195 616 3200 —
643 3179 698 3209 12.
727 3178 974 3218 transferemus
999 3180 1057 3211 ubi
1082 3180 1120 3211 cle
1147 3179 1189 3211 T.
1211 3196 1248 3202 —
1279 3178 1333 3210 13.
1361 3180 1399 3210 in
1423 3180 1509 3211 libro
1532 3181 1648 3221 primo
1667 3180 1707 3211 B.
1736 3180 1919 3220 (Suspecta

161 3225 245 3256 mihi
274 3224 360 3256 haec
387 3225 450 3254 tria
478 3225 596 3257 verba.
625 3223 708 3264 On.)
736 3242 776 3248 —-
804 3227 859 3257 15.
889 3228 1070 3258 coniuncta
1095 3226 1153 3257 BT
1172 3249 1180 3264 ‚
1208 3227 1410 3258 coniunctae
1435 3226 1475 3257 P.
1503 3244 1543 3250 —
1582 3227 1636 3258 16.
1664 3227 1789 3259 harum
1815 3227 1916 3258 AFT.

161 3287 201 3294 --
233 3272 290 3304 17.
316 3276 453 3311 partem
478 3271 578 3303 ABF.
601 3289 636 3296 -·
666 3272 722 3304 19.
752 3274 962 3304 convenisset
988 3273 1090 3304 AER.
1119 3290 1159 3296 —
1188 3272 1244 3304 21.
1280 3273 1318 3305 in
1343 3273 1466 3314 quibus
1491 3273 1657 3306 PAFRT.
1675 3289 1717 3296 —
1744 3273 1823 3315 (Vv.
1856 3274 1920 3306 Po-

163 3322 237 3352 stea
261 3335 276 3343 -
299 3334 312 3342 ·
337 3318 685 3352 accommodarentur
708 3322 872 3360 expunxit
897 3318 993 3362 Sch.)
