2117 3762
770 259 867 298 LlB.
905 258 953 296 ll.
1018 258 1061 296 C.
1097 259 1163 297 71.
1198 259 1264 297 72.
1813 264 1890 300 279

148 366 198 404 ad
231 363 461 404 iocandum.
527 365 612 403 Non
645 363 752 401 enim
799 375 967 408 vereor,
1015 377 1063 402 nt·
1105 362 1196 415 quis
1237 374 1302 402 me
1333 361 1373 401 in
1405 362 1481 402 isto
1513 374 1664 413 genere
1696 362 1891 405 leviorem

149 428 228 466 iam
261 433 402 480 putet,
451 426 645 479 quoniam
687 423 854 475 quidem
895 431 937 464 tu
970 423 1177 464 Fabricios
1217 423 1314 463 milii
1356 429 1544 463 auctores
1584 429 1623 463 et
1662 424 1889 470 Africanos,

147 487 348 528 Maximos
363 519 373 533 ‚
399 489 594 531 Catones,
618 484 796 538 Lepidos
818 485 1036 539 protulisti.
1097 488 1192 525 291.
1219 487 1297 525 Sed
1319 486 1478 525 habetis
1499 498 1560 531 ea,
1582 499 1687 539 quae
1709 486 1893 527 voluistis

148 565 199 590 ex
239 565 302 589 me
344 550 512 595 audire,
556 546 607 588 de
648 545 798 599 quibus
836 547 1001 601 quidem
1042 546 1271 588 accuratius
1311 546 1529 587 dicendum
1561 554 1601 588 et
1631 547 1891 597 cogitandum

147 612 238 652 fuit.
302 614 400 651 Nam
439 617 574 650 cetera
614 607 797 648 faciliora
838 616 930 648 sunt
971 615 1094 662 atque
1134 623 1185 649 ex
1226 608 1297 654 iis,
1348 621 1453 663 quae
1498 607 1606 663 [iam]
1647 611 1754 651 dicta
1783 617 1922 657 sunt,5

147 674 308 729 reliqna
339 677 559 714 nascuntur
588 671 740 711 omnia.
801 673 965 712 Lxxu.
1008 674 1097 723 Ego
1137 670 1243 717 euim
1282 684 1373 711 cum
1413 673 1464 711 ad
1502 685 1665 712 causam
1704 686 1795 712 sum
1826 687 1894 726 ab·

147 750 312 789 gressus
342 741 462 789 atque
492 733 630 774 omnia
660 733 900 784 cogitando,
932 732 1069 788 quoad
1101 731 1236 773 facere
1267 732 1403 786 potui,
1434 739 1698 786 persecutus,
1731 747 1824 775 cum
1856 740 1895 774 et

148 804 389 850 argumenta
419 808 563 835 causae
596 800 636 834 et
667 809 739 835 cos
770 795 883 836 locos
903 827 912 841 ‚
957 794 1105 850 quibus
1142 793 1266 834 animi
1305 792 1486 834 iudicum
1518 795 1809 842 conciliantur,
1855 801 1896 836 et

148 860 262 905 illos,
312 857 460 913 quibus
491 864 814 911 permoventur,
866 857 947 898 vidi
978 863 1100 911 atque
1140 857 1341 910 cognovi;
1394 862 1476 896 tum
1515 859 1744 905 constituo,
1796 859 1894 912 quid

147 923 295 962 habeat
338 932 460 959 causa
502 932 689 973 quaeque
734 918 856 967 boni,
904 918 1002 972 quid
1045 918 1156 959 mali.
1219 917 1335 958 Nulla
1376 920 1485 959 enim
1526 919 1612 960 sere
1653 934 1720 961 res
1760 925 1943 974 potestno

147 983 187 1024 in
217 980 380 1023 dicendi
418 980 756 1035 disceptationem
795 987 863 1022 aut
901 979 1225 1021 controversiam
1266 980 1432 1027 vocari,
1484 995 1588 1035 quae
1626 996 1708 1023 non
1748 981 1896 1022 habeat

146 1049 391 1098 utrumque;
424 1042 521 1090 sed,
555 1049 751 1096 quantum
782 1044 954 1090 habeat,
985 1041 1027 1083 id
1056 1040 1198 1083 refert.
1257 1043 1351 1082 292.
1381 1044 1470 1083 Mea
1502 1049 1637 1084 autem
1667 1043 1772 1085 ratio
1795 1046 1895 1085 haec

146 1118 235 1147 esse
265 1105 306 1146 in
336 1104 511 1146 dicendo
542 1105 668 1153 solet,
717 1110 781 1153 ut,
812 1103 913 1146 boni
943 1105 1055 1158 quod
1084 1103 1283 1151 habeam,
1324 1105 1365 1143 id
1396 1104 1642 1157 amplectar,
1678 1118 1890 1152 exornem,

144 1180 418 1220 exaggerem;
463 1166 520 1207 ibi
551 1180 812 1214 commorer,
857 1166 914 1207 ihi
944 1167 1149 1213 habitem,
1191 1164 1249 1206 ibi
1280 1165 1497 1206 haeream:
1549 1180 1572 1207 a
1609 1167 1718 1208 malo
1757 1174 1892 1208 autem

144 1229 329 1284 vitioque
360 1243 510 1270 causae
541 1229 595 1269 ita
626 1231 844 1276 recedam,
887 1242 971 1269 non
1012 1234 1056 1269 ut
1085 1227 1127 1268 id
1159 1242 1224 1268 me
1255 1228 1452 1280 defugere
1482 1234 1701 1283 appareat,
1745 1231 1816 1270 sed
1850 1235 1941 1270 utus

145 1297 275 1332 totum
318 1289 429 1331 bono
471 1290 543 1331 illo
585 1289 771 1331 ornando
812 1295 853 1331 et
881 1289 1070 1344 augendo
1111 1289 1409 1331 dissimulatum
1449 1289 1664 1332 obruatur.
1741 1293 1812 1338 Et,
1860 1290 1893 1331 si

144 1366 266 1393 causa
297 1358 359 1392 est
386 1351 429 1392 in
468 1351 746 1405 argumentis,
787 1350 1019 1392 firmissima
1056 1365 1242 1407 quaeque
1274 1353 1450 1393 maxime
1480 1358 1623 1400 tueor,
1662 1352 1749 1393 sive
1776 1353 1894 1405 plura

143 1419 238 1455 sunt
275 1413 361 1454 sive
399 1415 569 1467 aliquod
609 1427 758 1462 unum;
803 1412 867 1453 sin
904 1419 1042 1454 autem
1074 1414 1116 1454 in
1146 1413 1435 1455 conciliatione
1465 1420 1533 1456 aut
1562 1414 1605 1455 in
1635 1413 1894 1469 permotione

143 1489 266 1517 causa
308 1481 389 1522 est,
434 1478 485 1516 ad
525 1488 615 1516 eam
655 1488 721 1516 me
759 1474 1018 1528 potissimum
1056 1481 1238 1530 partem,
1285 1489 1390 1530 quae
1420 1475 1599 1517 maxime
1630 1489 1893 1517 commovere

142 1538 302 1579 animos
331 1539 546 1579 hominum
576 1542 732 1590 potest,
767 1536 953 1578 confero.
1015 1539 1110 1578 293.
1158 1539 1324 1578 Summa
1354 1539 1532 1592 (lenique
1569 1538 1692 1578 huius
1728 1537 1892 1591 generis
1907 1556 1942 1579 20

142 1602 245 1640 haec
274 1606 358 1647 est,
405 1606 474 1648 ut,
522 1599 557 1640 si
596 1601 638 1640 in
678 1598 906 1640 refellendo
948 1599 1188 1640 adversario
1227 1598 1389 1640 firmior
1419 1612 1509 1640 esse
1538 1599 1670 1640 oratio
1702 1613 1821 1654 quam
1851 1600 1893 1641 in

143 1660 434 1703 confirmandis
465 1661 616 1702 nostris
645 1659 772 1702 rebus
801 1665 962 1716 potest,
1012 1661 1152 1702 omnia
1192 1660 1235 1702 in
1274 1661 1391 1702 illum
1431 1660 1512 1702 tela
1549 1662 1785 1711 conferam3
1833 1661 1893 1702 sin

143 1730 282 1764 nostra
321 1723 491 1778 probari
529 1723 690 1765 facilius
729 1737 853 1778 quam
891 1723 959 1764 illa
991 1721 1182 1776 redargui
1213 1729 1403 1776 possunt,
1450 1722 1655 1764 deducere
1684 1723 1841 1764 animos
1871 1737 1893 1764 3

143 1787 350 1826 contraria
381 1784 620 1827 defensione
651 1791 692 1826 et
720 1785 772 1826 ad
803 1790 985 1827 nostram
1017 1798 1148 1826 conor
1178 1784 1406 1826 traducere.
1465 1785 1560 1825 294.
1593 1788 1683 1826 Duo
1715 1785 1892 1839 denique

143 1846 238 1895 illa,
285 1861 391 1901 quae
422 1847 615 1888 facillima
645 1847 861 1896 videntur,
912 1847 1107 1901 quoniam
1137 1860 1243 1901 quae
1273 1846 1507 1887 difficiliora
1537 1852 1653 1895 sunt,
1687 1860 1769 1888 non
1800 1860 1939 1901 pos-25

141 1922 251 1956 sum,
282 1908 382 1949 mihi
412 1922 490 1963 pro
520 1923 614 1951 meo
644 1909 734 1950 iure
764 1923 907 1960 sumo;
939 1924 1090 1956 unum,
1122 1914 1168 1950 ut
1187 1909 1360 1950 molesto
1383 1914 1453 1949 aut
1473 1907 1628 1949 difficili
1649 1914 1892 1962 argumento

141 1975 213 2011 aut
241 1971 334 2011 loco
364 1984 661 2024 nonnunquam
690 1973 860 2012 omnino
891 1970 994 2012 nihil
1033 1973 1322 2025 respondeam.
1384 1971 1506 2019 Quod
1543 1970 1717 2012 forsitan
1746 1969 1893 2023 aliquis

141 2032 230 2074 iure
259 2032 436 2073 irriserit
447 2047 458 2083 3
498 2032 589 2088 quis
623 2032 735 2074 enim
765 2038 847 2079 est,
879 2034 950 2087 qui
980 2032 1021 2073 id
1051 2032 1187 2073 facere
1218 2046 1301 2074 non
1332 2032 1489 2087 possit?
1540 2031 1621 2073 Sed
1650 2039 1785 2073 tamen
1815 2044 1893 2085 ego

142 2096 195 2136 de
225 2107 317 2135 mea
346 2107 480 2143 nunc,
512 2108 597 2136 non
627 2096 679 2135 de
708 2093 886 2136 aliorum
915 2094 1107 2136 facultate
1137 2096 1300 2150 disputo
1332 2093 1613 2149 confiteorque
1635 2107 1726 2142 me,
1758 2095 1894 2147 siqua

141 2162 302 2212 premat
329 2169 396 2198 res
422 2157 733 2209 vehementius,
781 2156 837 2198 ita
868 2156 1018 2198 cedere
1048 2156 1205 2206 solere,
1254 2162 1297 2197 ut
1333 2170 1417 2198 non
1454 2158 1579 2197 modo
1608 2169 1693 2197 non
1731 2155 1937 2198 abiectos«)

142 2219 215 2259 sed
245 2231 296 2259 ne
325 2217 480 2259 reiecto
512 2218 681 2273 quidem
712 2224 829 2260 scuto
859 2217 1006 2272 fugere
1044 2218 1212 2269 videar,
1258 2218 1332 2260 sed
1369 2217 1566 2260 adhibere
1604 2216 1811 2273 quandam
1852 2216 1893 2258 in

143 2279 319 2322 dicendo
353 2279 536 2335 speciem
571 2285 697 2335 atque
735 2293 930 2336 pompam
971 2286 1012 2323 et
1046 2295 1210 2337 pugnae
1249 2280 1426 2323 similem
1463 2280 1626 2334 fugam3
1667 2280 1891 2321 consistere

142 2355 245 2384 vero
285 2343 328 2385 in
366 2356 459 2384 meo
499 2344 708 2397 praesidio
748 2342 832 2392 sic,
883 2348 928 2384 ut
965 2358 1051 2384 non
1086 2343 1273 2398 fugiendi
1310 2344 1439 2384 hostis
1479 2343 1552 2384 sed
1592 2340 1779 2397 capiendi
1813 2341 1892 2382 loci

143 2417 266 2446 causa
295 2403 467 2446 cessisse
496 2404 652 2445 videar.
711 2406 807 2445 295.
840 2404 1025 2446 Alterum
1056 2411 1118 2446 est
1147 2405 1272 2454 illud,
1307 2407 1419 2460 quod
1439 2419 1517 2459 ego
1538 2404 1717 2445 maxime
1738 2403 1892 2444 oratori

142 2465 371 2508 cavendum
415 2471 456 2508 et
498 2465 803 2520 providendum
845 2472 948 2522 puto
988 2467 1182 2523 quodque
1222 2481 1287 2508 me
1318 2467 1540 2509 sollicitare
1570 2480 1727 2507 summe
1757 2464 1938 2512 solot33s

143 2541 226 2570 non
256 2534 366 2577 tam,
398 2534 445 2569 ut
473 2528 631 2581 prosim
661 2527 819 2575 causis,
860 2528 1077 2570 elaborare
1107 2529 1248 2577 soleo,
1298 2542 1420 2585 quam
1449 2534 1496 2569 ut
1524 2542 1576 2569 ne
1605 2527 1704 2582 quid
1733 2526 1887 2568 obsim:

143 2605 226 2632 non
255 2590 356 2647 quin
385 2589 624 2632 enitendum
654 2590 708 2632 sit
734 2589 779 2631 in
806 2596 1007 2645 utroque;
1039 2590 1114 2632 sed
1142 2596 1281 2632 tamen
1310 2591 1440 2633 multo
1473 2598 1535 2633 est
1554 2590 1714 2645 turpius
1734 2588 1890 2630 oratori

233 2757 269 2788 2.
296 2758 493 2791 adventores
516 2759 559 2794 R.
590 2776 632 2781 —
670 2757 705 2789 3.
731 2758 835 2790 voltis
859 2757 932 2791 ΑΒ.
973 2774 1013 2781 -
1053 2758 1089 2791 4.
1117 2759 1239 2791 audire
1263 2767 1306 2791 ea:
1328 2767 1380 2790 me
1403 2759 1447 2790 R.
1483 2775 1526 2779 —
1564 2758 1598 2790 5.
1624 2758 1694 2788 iam
1719 2764 1789 2787 om.
1817 2754 1887 2785 AB.

143 2804 213 2836 Nos
237 2804 457 2837 seclusimus.
487 2822 527 2828 —
569 2804 603 2837 6.
630 2802 720 2844 cum]
747 2814 853 2845 quam
875 2806 931 2843 Α,
957 2814 1059 2845 quom
1084 2806 1125 2837 T.
1162 2823 1203 2828 —
1240 2804 1316 2836 sum
1341 2814 1409 2837 om.
1438 2805 1478 2836 B.
1517 2820 1551 2826 —
1596 2802 1630 2834 8.
1669 2802 1890 2833 concitantur

143 2850 216 2882 AB.
243 2865 286 2872 —
311 2849 345 2882 9.
373 2853 556 2884 constituto
575 2851 618 2883 R.
648 2869 687 2875 —
714 2851 771 2882 10.
798 2860 906 2883 causa
930 2859 1084 2892 quaeque
1108 2852 1137 2883 A
1163 2852 1318 2892 aliique:
1345 2859 1495 2891 quaeque
1518 2858 1625 2881 causa
1650 2847 1689 2888 (B
1700 2847 1730 2887 Ἱ)
1757 2848 1830 2878 RE.
1849 2861 1888 2870 —

142 2899 257 2937 potest
281 2904 335 2928 res
358 2895 431 2929 AR.
467 2913 507 2920 —
549 2898 605 2930 12.
632 2903 815 2938 utrumque
838 2914 852 2920 -
877 2914 891 2920 -
913 2897 1039 2929 habeat
1062 2907 1131 2930 om.
1158 2898 1232 2929 ΑΒ.
1267 2914 1307 2920 -
1350 2899 1431 2929 haec
1458 2905 1525 2926 esse
1548 2897 1584 2926 in
1609 2895 1750 2926 dicendo
1775 2894 1889 2926 Codd.

144 2943 217 2976 ah:
244 2943 282 2973 in
306 2942 450 2975 dicendo
474 2943 555 2976 haec
581 2952 650 2976 esse
675 2942 789 2984 (Ani)
815 2943 889 2976 RE.
919 2960 956 2966 —
986 2943 1042 2975 13.
1069 2944 1216 2976 habeam
1234 2943 1345 2976 Codd.
1365 2944 1436 2975 aL:
1462 2942 1584 2973 habeat
1609 2939 1726 2980 (ΛΒἹ)
1751 2940 1826 2972 RE.
1850 2957 1885 2963 —

143 2990 201 3022 15.
226 2989 265 3020 id
290 2997 358 3020 om.
376 2989 450 3021 AB.
469 3004 513 3013 —
536 2990 700 3032 diffuqere
716 2991 760 3022 R.
788 3007 826 3013 —
854 2993 893 3021 ut
918 2998 987 3021 om.
1013 2989 1056 3021 R.
1085 3007 1123 3013 —
1152 2990 1207 3022 16.
1236 2993 1316 3021 ante
1341 2990 1509 3021 obruatur
1534 2986 1644 3019 Codd.
1672 2987 1716 3018 al.
1732 3009 1741 3023 ,
1767 2986 1889 3019 Lamb.

144 3051 186 3059 —
212 3036 257 3066 Et
281 3035 329 3066 sic
354 3035 394 3067 B.
424 3051 464 3058 —
491 3035 548 3068 18.
576 3038 694 3077 aliquo
719 3039 766 3074 B,
792 3036 985 3076 aliquando
1010 3036 1054 3067 R.
1083 3052 1123 3059 -
1150 3036 1207 3068 19.
1232 3044 1366 3068 movere
1382 3035 1452 3066 ΑΒ.
1475 3050 1514 3055 -
1541 3033 1598 3064 22.
1626 3033 1694 3064 tela
1718 3034 1893 3074 conferam

142 3082 173 3114 Α
197 3082 351 3121 aliique:
383 3080 559 3121 conferam
582 3083 650 3115 tela
675 3083 732 3118 (B)
757 3083 831 3114 RE.
859 3099 901 3106 —-
925 3082 982 3113 23.
1007 3081 1153 3122 probari
1176 3082 1317 3122 facilius
1342 3082 1368 3112 B
1393 3081 1541 3119 aliique.
1570 3079 1622 3110 R:
1649 3078 1790 3118 facilius
1809 3088 1893 3120 pro-

144 3128 221 3160 bari
246 3128 304 3165 (Α)
333 3128 373 3159 Ε.
401 3144 441 3151 -
484 3128 650 3160 deducere
672 3128 731 3160 AB
757 3129 911 3170 alitque:
938 3128 1104 3160 abducere
1122 3129 1195 3160 RE.
1216 3145 1255 3151 —
1279 3128 1336 3159 24.
1355 3127 1500 3167 denique
1518 3133 1586 3157 om.
1607 3125 1647 3156 R.
1668 3140 1711 3147 —
1735 3125 1791 3157 28.
1811 3127 1893 3156 irri-

143 3172 244 3214 serit]
263 3174 407 3206 senserit
423 3173 497 3204 ΑΒ.
521 3191 558 3197 -
590 3175 628 3206 id
653 3183 722 3208 om.
748 3175 807 3206 AB
834 3180 965 3207 etcum
990 3175 1064 3206 aliis
1090 3174 1132 3205 T.
1160 3192 1202 3197 —
1229 3175 1287 3205 29.
1314 3183 1385 3215 qua
1410 3172 1436 3202 B
1463 3173 1591 3213 alitque
1607 3194 1616 3209 ,
1643 3172 1696 3203 R:
1723 3180 1814 3213 quae
1836 3172 1898 3208 (A)

145 3221 186 3252 Ε.
209 3237 251 3244 -
276 3219 334 3253 30.
361 3221 539 3252 concedere
562 3220 605 3252 R.
633 3238 677 3242 —
709 3221 766 3253 33.
792 3223 830 3253 in
852 3222 939 3262 meo]
965 3222 1003 3252 in
1028 3228 1065 3251 eo
1090 3220 1142 3258 A,
1172 3230 1246 3252 meo
1272 3220 1310 3250 B.
1341 3235 1379 3241 —
1404 3221 1443 3249 ut
1467 3227 1536 3250 om.
1564 3219 1604 3249 B.
1633 3234 1673 3240 —
1699 3217 1756 3250 34.
1784 3227 1891 3250 acces-

144 3268 227 3299 sisse
251 3266 293 3298 Α.
323 3283 363 3289 -
405 3267 556 3297 maxime
581 3268 718 3298 oratori
743 3267 768 3298 Β
793 3268 922 3307 aliique
943 3277 950 3298 :
979 3266 1116 3298 oratori
1138 3267 1288 3298 maxime
1313 3263 1400 3304 (Aa)
1424 3265 1495 3297 RE.
1527 3281 1562 3287 —
1599 3263 1654 3296 36.
1683 3264 1803 3306 obsim]
1830 3265 1891 3294 sim

146 3313 184 3344 Β.
213 3329 255 3335 -
282 3313 337 3344 37.
366 3311 462 3354 quin]
488 3312 572 3353 quid
590 3313 628 3345 B.
656 3329 693 3334 —
725 3316 838 3345 tamen
863 3322 930 3345 om.
961 3313 1002 3344 R.
