2117 3762
241 296 320 343 140,
879 292 948 334 DE
979 291 1304 337 INVENTIONE

239 415 475 451 causarum,
520 400 579 443 sic
616 403 828 441 oratorum
859 410 1025 452 quoque
1055 397 1281 440 multorum
1320 411 1558 440 communes
1598 396 1681 440 loci
1724 402 1833 441 sunt.
1894 403 1998 443 Nam

237 465 318 507 nisi
346 463 398 506 ab
428 466 500 513 iis,
534 462 605 518 qui
634 460 763 502 multa
790 458 832 499 in
863 458 1159 501 exercitatione
1188 474 1377 515 magnam
1409 460 1487 502 sibi
1507 459 1733 502 verborum
1765 467 1806 501 et
1832 468 1998 505 senten-

236 527 389 569 tiarum
425 525 584 581 copiam
615 522 964 577 comparaverint,
1009 523 1174 563 tractari
1202 536 1287 565 non
1315 528 1511 577 poterunt
1541 531 1686 566 ornate
1718 526 1758 567 et
1794 524 1998 578 graviter,

239 588 588 646 quemadmodum
607 590 754 627 natura
783 583 969 639 ipsorum
991 582 1211 628 desiderat.
1250 587 1382 641 Atque
1404 585 1482 627 boc
1502 587 1553 628 sit
1572 585 1692 628 nobis
1713 586 1868 629 dictum
1888 599 2001 628 com-

210 664 225 690 5
239 651 420 694 muniter
440 649 490 692 de
512 649 623 690 omni
644 660 797 701 genere
817 645 1005 689 locorum
1027 647 1324 689 communium.
1384 650 1494 691 XVI.
1519 651 1635 690 Nunc
1657 662 1935 705 exponemus,
1956 649 2000 689 in

239 712 558 757 coniecturalem
578 709 913 752 constitutionem
938 710 1009 764 qui
1030 708 1110 750 loci
1131 721 1369 751 communes
1389 710 1572 752 incidere
1594 711 1775 754 soleant:
1801 711 2003 767 suspicio-

239 775 361 818 nibus
391 777 504 816 credi
534 779 732 829 oportere
763 778 803 814 et
832 786 917 814 non
947 776 1168 826 oportere;
1208 771 1448 814 rumoribus
1477 776 1588 815 credi
1619 780 1815 830 oportere
1846 779 1888 815 et
1917 786 2002 816 non

241 844 459 894 oportere;
506 835 680 878 testibus
720 834 836 877 credi
874 840 1069 891 oportere
1100 839 1140 875 et
1168 846 1252 875 non
1282 839 1498 889 oportere;
1544 835 1857 891 quaestionibus
1888 834 2004 877 credi

241 906 442 956 oportere
480 904 521 941 et
555 912 640 940 non
679 903 877 954 oportere
888 912 899 949 ;
947 897 1071 939 vitam
1111 901 1206 938 ante
1242 901 1375 937 actam
1412 898 1589 952 spectari
1621 904 1816 955 oportere
1848 903 1889 940 et
1918 911 2004 943 non

193 978 227 1002 10
241 968 465 1019 oportere;
509 960 693 1003 eiusdem
725 973 837 1006 esse,
869 960 940 1015 qui
968 960 1011 1001 in
1040 959 1111 1000 illa
1140 973 1188 1000 re
1218 959 1418 1012 peccarit,
1468 958 1536 1014 [et]
1571 960 1650 1002 hoc
1678 975 1844 1017 quoque
1873 959 2004 1002 admi-

240 1026 342 1068 sisse
385 1032 425 1067 et
459 1038 545 1066 uon
582 1036 672 1065 esse
712 1021 923 1073 eiusdem3
972 1021 1152 1063 maxime
1188 1020 1367 1077 spectari
1405 1034 1568 1063 causam
1609 1030 1804 1078 oportere
1842 1029 1883 1065 et
1919 1036 2005 1064 non

241 1092 450 1142 oportere.
507 1088 643 1142 Atque
686 1087 728 1127 hi
768 1085 938 1141 quidem
978 1092 1018 1127 et
1056 1084 1090 1126 si
1131 1084 1202 1140 qui
1238 1081 1443 1124 eiusmodi
1474 1097 1525 1124 ex
1553 1087 1728 1139 proprio
1759 1090 2004 1141 argumento

241 1163 483 1192 communes
512 1148 593 1191 loci
621 1153 869 1196 nascentur,
900 1149 944 1189 in
972 1146 1200 1189 contrarias
1230 1152 1365 1201 partes
1396 1144 1664 1189 deducentur.
1744 1151 1811 1190 51.
1861 1150 2006 1191 Certus

241 1217 381 1254 autem
410 1211 525 1253 locus
556 1215 619 1253 est
647 1210 919 1258 accusatoris,
950 1223 1027 1265 per
1057 1223 1180 1266 quem
1210 1213 1333 1263 auget
1362 1208 1459 1249 facti
1489 1208 1770 1262 atrocitatem3
1812 1216 1854 1252 et
1883 1210 2003 1259 alter,

191 1288 227 1314 1⁵
241 1289 318 1330 per
347 1289 472 1331 quem
501 1279 624 1329 negat
653 1272 858 1315 malorum
887 1271 1075 1313 misereri
1105 1276 1335 1326 oportere:
1385 1268 1637 1320 defensoris,
1679 1286 1756 1325 per
1786 1287 1909 1329 quem
1940 1286 2007 1314 ca-

240 1338 397 1380 lumnia
427 1342 715 1380 accusatorum
746 1349 840 1377 cum
870 1334 1154 1389 indignatione
1185 1333 1419 1375 ostenditur
1449 1337 1489 1374 et
1517 1346 1593 1388 per
1623 1347 1748 1389 quem
1779 1348 1872 1375 cum
1909 1348 2008 1377 con-

242 1401 460 1457 questione
491 1396 778 1441 misericordia
807 1402 1008 1453 captatur.
1077 1398 1132 1437 Hi
1165 1402 1204 1438 et
1235 1395 1362 1437 ceteri
1391 1395 1473 1436 loci
1506 1408 1649 1437 omnes
1682 1410 1921 1438 communes
1952 1395 2008 1438 ex'

241 1463 389 1506 iisdem
419 1461 652 1519 praeceptis
683 1465 920 1507 sumuntur,
968 1457 1118 1515 quibus
1157 1464 1320 1500 ceterae
1357 1458 1766 1513 argumentationes;
1813 1461 1885 1501 sed
1915 1458 2008 1500 illae

243 1526 410 1568 tenuius
441 1531 482 1567 et
511 1524 701 1566 subtilius
733 1528 773 1563 et
801 1522 960 1563 acutius
994 1526 1245 1572 tractantur3
1297 1521 1339 1562 hi
1375 1527 1512 1562 autem
1552 1521 1715 1575 gravius
1755 1527 1796 1564 et
1825 1523 2008 1564 ornatius

194 1595 284 1632 2⁰et
322 1604 417 1631 cum
453 1586 623 1636 verbis,
674 1591 761 1627 tum
801 1584 925 1626 etiam
963 1583 1175 1626 sententiis
1216 1582 1526 1625 excellentibus.
1583 1587 1630 1625 In
1667 1584 1748 1626 illis
1779 1584 1888 1625 enim
1917 1583 2011 1625 finis

244 1657 327 1701 est,
362 1656 408 1693 ut
436 1650 497 1698 id,
530 1651 643 1706 quod
675 1650 847 1696 dicitur,
881 1661 1029 1690 verum
1059 1659 1150 1688 esse
1179 1647 1391 1696 videatur;
1420 1646 1464 1687 in
1492 1645 1575 1695 his,
1608 1647 1773 1689 tametsi
1802 1646 1882 1689 hoc
1908 1659 2012 1702 quo-

244 1728 325 1770 que
353 1712 488 1755 videri
526 1717 714 1768 oportet,
762 1717 899 1753 tamen
934 1709 1026 1751 finis
1068 1716 1128 1752 est
1167 1709 1412 1765 amplitudo.
1475 1711 1594 1751 Nunc
1626 1709 1678 1752 ad
1707 1709 1830 1752 aliam
1861 1708 2013 1751 consti-

244 1777 447 1820 tutionem
478 1782 751 1817 transeamus.

355 1840 487 1883 XVII.
522 1841 587 1880 52.
621 1839 722 1879 Cum
754 1841 816 1878 est
844 1833 1024 1877 nominis
1055 1834 1361 1881 controversia,
1395 1836 1491 1889 quia
1520 1835 1581 1876 vis
1601 1834 1795 1877 vocabuli
1816 1833 2013 1876 definien-

197 1913 231 1940 25
247 1904 298 1944 da
326 1902 468 1943 verbis
499 1906 578 1948 est,
610 1898 850 1941 constitutio
881 1896 1091 1940 definitiva
1121 1896 1286 1938 dicitur.
1345 1899 1444 1939 Eius
1475 1899 1637 1951 generis
1669 1897 1859 1953 exemplo
1889 1899 2012 1939 nohis

245 1965 380 2021 posita
409 1963 461 2005 sit
488 1963 590 2005 haec
620 1975 770 2004 causa:
824 1963 866 2003 C.
897 1959 1124 2001 Flaminius
1155 1962 1212 2008 is,
1255 1959 1326 2014 qui
1365 1960 1509 2002 consul
1544 1973 1634 2001 rem
1665 1959 1874 2014 publicam
1904 1959 2013 2001 male

246 2027 373 2084 gessit
401 2026 512 2069 bello
542 2027 698 2067 Punico
730 2022 939 2071 secundo,
984 2036 1078 2063 cum
1118 2022 1311 2064 tribunus
1350 2021 1483 2077 plebis
1522 2027 1656 2071 esset,
1706 2022 1836 2064 invito
1867 2027 2014 2064 senatu

248 2096 288 2132 et
318 2091 486 2131 omnino
518 2093 662 2130 contra
691 2087 947 2129 voluntatem
978 2086 1163 2127 omnium
1193 2084 1436 2140 optimatum
1476 2099 1552 2140 per
1582 2084 1827 2126 seditionem
1858 2083 1909 2126 ad
1939 2098 2015 2140 po-

247 2153 391 2210 pulum
420 2152 556 2206 legem
586 2150 789 2205 agrariam
819 2147 992 2190 serebat.
1051 2149 1172 2189 Hunc
1201 2152 1319 2203 pater
1341 2162 1437 2189 suus
1459 2147 1681 2189 concilium
1701 2148 1837 2202 plebis
1857 2147 2014 2188 haben-

200 2236 235 2262 30
250 2222 334 2258 tem
364 2215 415 2257 de
444 2216 600 2270 templo
632 2212 822 2262 deduxit;
864 2210 1087 2252 arcessitur
1116 2210 1354 2252 maiestatis.
1411 2209 1588 2251 Intentio
1620 2215 1709 2251 est:
1760 2208 2015 2251 Maiestatem

250 2277 465 2326 minuisti,
517 2278 629 2333 quod
674 2274 887 2317 tribunum
931 2273 1061 2329 plebis
1108 2275 1159 2314 de
1197 2273 1354 2326 templo
1394 2271 1617 2313 deduxisti.
1678 2271 1878 2328 Depulsio
1920 2276 2012 2314 est:

250 2344 343 2383 Non
372 2342 504 2382 minui
534 2339 801 2381 maiestatem.
862 2336 1060 2387 Quaestio
1102 2341 1190 2377 est:
1240 2337 1548 2377 Maiestatemne
1586 2334 1817 2377 minuerit?
1861 2335 2012 2376 Ratio:

250 2406 298 2446 In
328 2402 459 2445 filium
489 2402 599 2444 enim
629 2415 752 2457 quam
781 2399 983 2442 habebam
1014 2403 1259 2453 potestatem
1278 2429 1290 2447 ,
1342 2411 1390 2439 ea
1420 2411 1511 2439 sum
1550 2411 1662 2439 usus.
1734 2395 1922 2438 Rationis
1952 2397 2016 2437 in-

251 2466 458 2508 firmatio:
507 2469 558 2507 At
589 2465 724 2513 enim,
766 2463 835 2519 qui
866 2462 998 2518 patria
1028 2466 1252 2515 potestate,
1289 2462 1370 2501 hoc
1401 2466 1487 2509 est,
1519 2459 1680 2515 privata
1709 2458 1911 2515 quadam,
1942 2460 2017 2499 tri-

203 2529 464 2575 ³5buniciam
504 2534 775 2585 potestatem,
824 2527 905 2567 hoc
951 2530 1034 2573 est,
1086 2525 1231 2579 populi
1270 2528 1517 2579 potestatem
1556 2521 1755 2570 infirmat,
1805 2520 1954 2562 minuit
1981 2522 2016 2562 is

253 2592 524 2637 maiestatem.
583 2590 783 2631 Iudicatio
815 2593 903 2630 est:
950 2586 1162 2627 Minuatne
1192 2585 1227 2627 is
1258 2586 1534 2633 maiestatem,
1581 2586 1652 2639 qui
1680 2583 1724 2625 in
1752 2582 2016 2625 tribuniciam

252 2659 497 2710 potestatem
527 2653 659 2710 patria
688 2657 891 2709 potestate
920 2652 1094 2691 utatur?
1144 2650 1208 2690 Ad
1238 2650 1344 2691 hanc
1372 2649 1667 2691 iudicationem
1696 2645 2018 2701 argumentatio-

254 2731 327 2760 nes
357 2730 500 2759 omnes
530 2715 673 2758 afferri
703 2713 927 2769 oportebit.

369 2782 438 2822 53.
489 2781 549 2820 Ac
587 2792 639 2820 ne
677 2778 749 2834 qui
778 2776 885 2818 forte
915 2774 1140 2817 arbitretur
1187 2787 1264 2816 nos
1310 2787 1395 2816 non
1440 2772 1668 2828 intelligere
1700 2771 1820 2815 aliam
1850 2786 2016 2829 quoque

208 2862 243 2887 40
258 2843 443 2885 incidere
473 2841 811 2884 constitutionem
841 2842 883 2880 in
912 2841 1016 2880 hanc
1046 2851 1210 2879 causam
1229 2868 1240 2886 ,
1289 2850 1381 2878 eam
1419 2851 1494 2878 nos
1531 2841 1692 2891 partem
1730 2834 1860 2876 solam
1891 2834 2018 2876 sumi-

260 2920 377 2953 mus,
425 2905 470 2947 in
509 2918 634 2961 quam
673 2907 893 2958 praecepta
937 2899 1058 2942 nobis
1090 2899 1224 2941 danda
1253 2904 1358 2940 sunt.
1433 2897 1635 2940 Omnibus
1665 2902 1801 2939 autem
1832 2895 2018 2952 partibus

259 2970 338 3009 hoc
377 2967 420 3008 in
459 2966 569 3009 libro
608 2966 841 3022 explicatis,
887 2963 1021 3020 quivis
1059 2962 1173 3004 omni
1212 2965 1253 3003 in
1294 2975 1438 3010 causa,
1490 2960 1525 3001 si
1565 2960 1788 3014 diligenter
1818 2961 2016 3008 attendet,

262 3043 405 3072 omnes
435 3029 594 3072 videbit
622 3027 936 3071 constitutiones
976 3031 1016 3067 et
1056 3038 1201 3067 earum
1230 3030 1368 3079 partes
1399 3028 1439 3065 et
1469 3022 1793 3072 controversias,
1846 3022 1881 3063 si
1911 3035 2018 3077 quae

353 3155 387 3187 2.
413 3156 525 3187 multa
549 3157 586 3187 in
609 3155 857 3189 exercitatione
880 3152 1000 3185 PART
1027 3161 1105 3184 cum
1132 3152 1255 3184 ceteris
1289 3151 1399 3181 notis:
1440 3150 1551 3182 multa
1583 3150 1832 3182 eaeercitattone
1855 3146 1942 3188 (om.
1968 3145 2021 3187 in)

263 3202 304 3235 E.
334 3218 374 3225 -
401 3203 456 3234 10.
483 3206 513 3234 et
539 3203 702 3243 expunxit
719 3201 841 3233 Lamb.
868 3200 938 3232 Nos
964 3201 1182 3232 seclusimus.
1205 3214 1244 3220 —
1273 3197 1329 3229 13.
1357 3197 1576 3229 deducuntur
1593 3197 1685 3229 ART
1712 3201 1746 3229 et
1771 3205 1822 3236 pr.
1841 3195 1889 3233 P,
1915 3194 2021 3226 dedu-

265 3253 391 3282 cantur
416 3257 504 3281 corr.
530 3248 571 3280 P.
601 3267 638 3273 -
678 3250 734 3280 17.
764 3248 830 3280 loci
856 3255 970 3279 omnes
994 3246 1136 3279 PART:
1167 3253 1282 3276 omncs
1308 3244 1374 3275 loci
1399 3244 1439 3276 E.
1481 3261 1521 3266 —
1559 3244 1617 3276 19.
1645 3248 1676 3276 ec
1699 3243 1858 3275 subtilius
1882 3245 1914 3273 et
1937 3250 2022 3272 acu-

266 3297 336 3328 tius
360 3296 505 3327 PART:
532 3298 563 3326 et
588 3297 724 3327 acutius
748 3300 780 3327 et
805 3294 964 3326 subtilius
990 3294 1029 3326 E.
1060 3309 1100 3316 —
1139 3292 1195 3324 26.
1220 3291 1396 3332 publicam
1422 3299 1491 3322 om.
1519 3290 1621 3323 PAT.
1659 3307 1703 3313 -
1741 3290 1797 3322 33.
1836 3297 1912 3320 sum
1937 3295 2022 3319 usus

264 3342 407 3375 PART:
434 3350 518 3374 usus
540 3351 615 3373 sum
641 3343 679 3374 E.
707 3359 747 3365 —-
789 3340 848 3373 314.
875 3342 939 3374 Vv.
966 3340 1118 3383 quadam
1144 3344 1177 3372 et
1199 3342 1407 3380 potestatem
1431 3337 1523 3371 Oud.
1553 3342 1587 3370 et
1611 3338 1692 3370 Ern.
1719 3335 1922 3370 auctoribus
1948 3333 2018 3366 del.

281 3389 479 3425 Schutzius.
529 3388 676 3424 Servant
699 3390 868 3423 nostri.—
898 3388 956 3423 39.
980 3379 1158 3421 At'ART.
