2117 3762
236 278 318 321 262
931 273 1002 316 DE
1033 273 1280 319 ORATORE

237 398 385 430 eorum
417 384 565 428 ceteris
596 379 885 424 commodandi
922 377 1103 422 favetur.
1163 384 1258 425 208.
1302 383 1623 440 Videndumque
1664 385 1744 426 hoc
1784 383 1876 428 loco
1909 390 1988 436 est,

236 463 311 499 ne,
357 462 462 506 quos
493 450 545 489 ob
576 443 795 487 benefacta
825 442 939 498 diligi
975 443 1195 494 volemus,
1244 459 1391 488 eorum
1428 445 1595 488 laudem
1631 451 1758 502 atque
1797 449 1987 502 gloriam,

238 514 305 555 cui
334 512 515 554 maxime
543 506 718 550 invideri
747 506 875 553 solet,
924 507 1046 547 nimis
1087 505 1236 548 efferre
1277 508 1509 551 videamur.
1570 510 1706 564 Atque
1738 509 1895 552 eisdem
1925 512 1990 552 his

238 588 291 617 ex
318 574 420 617 locis
451 577 491 615 et
521 572 663 612 odium
693 570 737 610 in
765 569 869 610 alios
899 573 1064 610 struere
1095 567 1300 612 discemus
1329 577 1372 613 et
1401 586 1426 613 a
1456 572 1576 613 nohis
1606 584 1654 613 ac
1673 573 1828 613 nostris
1850 571 1992 614 demo-

208 645 358 689 svere;
403 638 630 688 eademque
659 633 762 673 haec
800 644 955 686 genera
985 630 1203 673 tractanda
1233 637 1330 673 sunt
1357 634 1402 674 in
1430 632 1646 676 iracundia
1674 634 1741 676 vel
1772 633 1993 677 excitanda

235 701 304 742 vel
324 697 518 741 sedanda.
578 697 685 736 Nam
714 695 767 744 si,
800 696 913 751 quod
942 695 1067 749 ipsis,
1098 694 1170 749 qui
1200 695 1401 745 audiunt,
1433 698 1717 750 perniciosum
1745 702 1818 739 aut
1845 698 1992 740 inutile

235 762 317 812 sit,
360 759 404 802 id
431 757 587 800 factum
618 771 794 812 augeas,
843 759 986 799 odium
1024 762 1212 808 creatur3
1259 758 1343 805 sin,
1389 761 1501 814 quod
1540 762 1685 802 autin
1714 762 1849 802 bonos
1879 761 1992 803 viros

235 829 308 866 aut
344 824 387 863 in
430 834 529 870 eos,
574 821 618 862 in
656 834 762 877 quos
800 822 970 862 minime
1001 821 1179 876 quisque
1209 820 1423 869 debuerit,
1468 828 1540 864 aut
1570 825 1613 865 in
1641 836 1731 865 rem
1762 821 1990 879 publicam,

234 891 324 928 tum
345 884 571 933 excitatur,
603 885 637 925 si
667 897 752 926 non
781 888 866 925 tam
896 884 1096 925 acerbum
1126 884 1287 930 odium,
1319 888 1458 925 tamen
1487 889 1559 927 aut
1587 885 1767 928 invidiae
1799 891 1873 928 aut
1904 887 1990 928 odii

183 956 219 983 1⁰
233 962 319 990 non
339 945 547 988 dissimilis
577 945 770 988 offensio.
831 948 926 988 209.
958 948 1064 987 Item
1096 946 1222 987 timor
1251 946 1454 987 incutitur
1483 952 1557 988 aut
1586 961 1637 989 ex
1666 950 1854 1004 ipsorum
1884 950 1996 1004 peri-

233 1010 335 1053 culis
364 1014 438 1051 aut
469 1021 521 1051 ex
551 1007 859 1051 communibus.
920 1010 1102 1051 Interior
1141 1013 1204 1050 est
1241 1007 1310 1050 ille
1339 1010 1562 1064 proprius3
1609 1014 1681 1053 sed
1720 1013 1786 1052 hie
1825 1024 1994 1067 quoquc

233 1073 464 1115 communis
504 1071 558 1114 ad
597 1073 773 1114 eandem
816 1071 1131 1114 similitudinem
1171 1076 1235 1112 est
1270 1071 1580 1126 perducendus.
1638 1076 1724 1116 Lli.
1757 1076 1836 1116 Par
1867 1080 1994 1129 atque

232 1150 316 1178 una
343 1136 453 1178 ratio
483 1140 547 1176 est
576 1135 687 1190 spei,
718 1134 901 1176 laetitiae
920 1166 932 1184 ,
965 1136 1207 1185 molestiae;
1247 1134 1320 1177 sed
1349 1134 1464 1176 haud
1494 1136 1642 1184 sciam,
1684 1150 1737 1177 an
1767 1139 1994 1178 acerrimus

230 1198 356 1253 longe
387 1200 441 1241 sit
471 1200 657 1240 omnium
687 1202 828 1239 motus
857 1198 1037 1239 invidiae
1068 1212 1145 1239 nec
1175 1199 1311 1238 minus
1342 1198 1493 1238 virium
1525 1211 1632 1251 opus
1662 1199 1714 1239 sit
1742 1200 1785 1240 in
1815 1213 1863 1240 ea
1884 1213 1996 1241 com-

181 1271 217 1299 15
230 1263 450 1316 primenda
482 1275 607 1317 quam
635 1261 679 1302 in
709 1262 944 1302 excitanda.
1005 1261 1196 1302 Invident
1226 1265 1367 1301 autem
1397 1261 1588 1302 homines
1618 1262 1798 1303 maxime
1823 1264 1994 1318 paribus

230 1330 305 1367 aut
333 1323 622 1372 inferioribus,
654 1336 747 1365 cum
778 1337 822 1364 se
853 1324 1022 1365 relictos
1052 1325 1261 1371 sentiunt,
1306 1322 1398 1365 illos
1429 1329 1572 1365 autem
1604 1323 1747 1366 dolent
1776 1325 1992 1375 evolasse3

231 1389 306 1430 sed
337 1389 462 1430 etiam
493 1386 780 1441 superioribus
810 1385 1023 1427 invidetur
1055 1399 1178 1442 saepe
1209 1384 1480 1428 vehementer
1510 1392 1552 1428 et
1583 1399 1634 1428 eo
1664 1388 1821 1441 magis,
1864 1389 1898 1429 si
1934 1401 1996 1428 1n-

230 1451 479 1493 tolerantius
510 1463 554 1492 se
583 1450 741 1491 iactant
772 1453 814 1490 et
843 1448 1182 1503 aequabilitatem
1204 1450 1435 1490 communis
1462 1451 1565 1491 iuris
1585 1450 1840 1504 praestantia
1862 1448 1997 1504 digni-

231 1514 329 1555 tatis
360 1518 434 1555 aut
461 1511 657 1555 fortunae
688 1525 790 1552 suae
821 1516 1054 1553 transeunt.
1117 1513 1234 1562 Quae
1265 1514 1299 1553 si
1329 1513 1623 1554 inflammanda
1652 1518 1770 1561 sunt,
1809 1514 1989 1554 maxime

180 1591 217 1618 20
232 1574 452 1618 dicendum
483 1581 547 1617 est
575 1588 659 1617 non
689 1587 780 1616 esse
808 1575 965 1616 virtute
995 1580 1137 1629 parta,
1169 1574 1319 1616 deinde
1348 1577 1474 1617 etiam
1504 1577 1615 1617 vitiis
1644 1581 1771 1630 atque
1792 1576 1993 1631 peccatis;

231 1644 344 1688 tum,
392 1639 427 1680 si
470 1642 596 1680 erunt
630 1636 874 1679 honestiora
910 1643 1037 1693 atque
1076 1639 1295 1692 graviora,
1341 1643 1478 1680 tamen
1515 1652 1599 1681 non
1636 1653 1725 1680 esse
1768 1640 1869 1679 tanti
1911 1637 1998 1680 ulla

230 1703 410 1751 merita,
461 1705 618 1757 quanta
656 1699 881 1743 insolentia
926 1700 1103 1743 hominis
1149 1707 1437 1758 quantumque
1481 1699 1711 1743 fastidium.
1791 1704 1888 1743 210.
1934 1702 1997 1742 Ad

230 1766 463 1807 sedandum
492 1769 635 1806 autem
653 1795 666 1813 ,
712 1776 866 1819 magno
897 1763 968 1806 illa
998 1765 1168 1814 labore,
1217 1765 1375 1818 magnis
1413 1762 1611 1819 periculis
1653 1777 1743 1813 esse
1772 1768 1891 1820 parta
1920 1777 1997 1805 nec

232 1830 285 1869 ad
316 1841 439 1869 suum
471 1828 738 1869 commodum
771 1828 844 1868 sed
874 1828 928 1868 ad
966 1825 1143 1868 aliorum
1184 1840 1274 1868 esse
1314 1826 1493 1876 collata,
1543 1842 1747 1882 seseque,
1798 1826 1832 1868 si
1874 1839 1998 1882 quam

181 1905 217 1932 2⁵
233 1890 408 1946 gloriam
435 1891 646 1946 peperisse
666 1891 886 1939 videatur,
919 1891 1141 1931 tamenetsi
1172 1902 1221 1931 ea
1252 1902 1335 1931 non
1367 1891 1418 1930 sit
1446 1891 1590 1944 iniqua
1621 1903 1781 1931 merces
1803 1888 1994 1943 periculi,

233 1960 373 1996 tamen
413 1967 462 1994 ea
491 1966 577 1995 non
607 1951 808 1994 delectari
839 1957 1058 2007 totamque
1091 1953 1270 1993 abiicere
1301 1957 1427 2007 atque
1461 1954 1704 2006 deponere3
1740 1953 1995 2006 omninoque

231 2015 532 2072 perficiendum
581 2021 665 2065 est,
715 2013 925 2071 (quoniam
965 2014 1155 2070 plerique
1195 2019 1290 2054 sunt
1330 2013 1459 2054 invidi
1500 2015 1764 2068 maximeque
1810 2013 1889 2054 hoc
1933 2019 1997 2054 est

232 2092 453 2121 commune
481 2080 630 2121 vitium
661 2083 703 2120 et
730 2084 1009 2134 perpetuum;
1055 2078 1265 2118 invidetur
1304 2082 1445 2118 autem
1484 2079 1712 2132 praestanti
1743 2077 1995 2132 florentique

231 2143 427 2185 fortunae
445 2140 471 2196 3)
521 2148 570 2184 ut
608 2143 713 2184 haec
753 2143 897 2197 opinio
932 2141 1146 2182 minuatur
1184 2145 1224 2180 et
1253 2139 1323 2180 illa
1357 2140 1568 2181 excellens
1600 2141 1797 2193 opinione
1827 2138 1998 2180 fortuna

184 2219 219 2245 ³0
234 2220 329 2247 cum
358 2203 571 2247 laboribus
603 2211 645 2247 et
673 2204 849 2246 miseriis
879 2204 1086 2260 permixta
1117 2216 1207 2243 esse
1237 2204 1444 2244 videatur.
1506 2205 1601 2243 211.
1644 2204 1731 2243 Iam
1762 2202 1997 2243 misericor-

234 2270 301 2311 dia
330 2273 550 2317 movetur,
596 2270 632 2309 si
662 2269 716 2316 is,
761 2268 833 2323 qui
863 2265 1002 2314 audit,
1049 2266 1198 2306 adduci
1228 2271 1389 2319 potest,
1428 2270 1475 2306 ut
1504 2265 1596 2313 illa,
1637 2278 1745 2319 quae
1777 2266 1828 2306 de
1860 2257 1993 2305 altero

233 2330 522 2386 deplorentur,
566 2332 619 2372 ad
656 2343 749 2372 suas
786 2343 853 2371 res
889 2333 1078 2377 revocet,
1125 2342 1226 2383 quas
1257 2334 1329 2369 aut
1357 2328 1499 2369 tulerit
1528 2329 1699 2369 acerbas
1730 2331 1804 2368 aut
1833 2326 1992 2375 timeat,

233 2400 281 2437 ut
309 2395 474 2436 intuens
505 2395 631 2436 alium
664 2395 813 2435 crebro
843 2391 896 2434 ad
925 2406 969 2434 se
999 2393 1136 2446 ipsum
1165 2396 1420 2433 revertatur.
1482 2393 1546 2432 Ita
1576 2405 1671 2432 cum
1703 2391 1854 2444 singuli
1880 2403 1997 2431 casus

232 2459 511 2500 humanarum
540 2458 804 2499 miseriarum
834 2456 1018 2510 graviter
1046 2455 1331 2510 accipiuntur,
1372 2455 1406 2495 si
1437 2455 1632 2496 dicuntur
1662 2452 1872 2502 dolenter,
1907 2457 1996 2493 tum

184 2533 220 2562 ³⁵
235 2520 387 2564 afflicta
417 2525 459 2563 et
486 2525 699 2577 prostrata
728 2520 860 2562 virtus
891 2519 1072 2560 maxime
1103 2517 1295 2560 luctuosa
1325 2521 1414 2568 θεῖς
1462 2522 1527 2566 θῖ,
1560 2521 1608 2557 ut
1637 2515 1708 2557 illa
1737 2515 1870 2557 altera
1899 2527 1997 2569 pars

325 2681 361 2713 1.
388 2677 518 2720 eorum]
545 2679 702 2719 ipsorum
718 2678 760 2710 R.
779 2694 821 2700 —
847 2677 1082 2710 commodanti
1097 2677 1140 2709 R.
1162 2693 1202 2699 —
1230 2674 1264 2707 3.
1292 2676 1419 2708 eisdem
1445 2675 1556 2708 Codd.
1584 2675 1656 2707 ah:
1684 2674 1804 2706 iisdem
1828 2670 1885 2715 (A)
1910 2673 1968 2705 BE
1985 2698 1994 2710 ,

234 2728 364 2761 hisdem
379 2727 421 2760 R.
439 2741 484 2749 »—
508 2724 572 2766 his]
601 2726 631 2757 is
649 2725 690 2757 B.
713 2741 750 2747 -
777 2724 812 2756 4.
830 2727 867 2757 in
885 2725 973 2756 alios
993 2725 1109 2756 odium
1126 2733 1144 2757 e
1163 2723 1273 2755 Codd.
1295 2724 1335 2755 T.
1366 2721 1425 2764 (Ut
1442 2731 1502 2755 nos
1516 2745 1524 2758 ,
1553 2718 1671 2761 ABR.)
1695 2739 1732 2744 —
1755 2721 1928 2752 dimovere
1949 2719 1994 2752 R.

242 2791 277 2797 —-
306 2776 338 2807 5.
367 2782 495 2816 ρεπεν-α
518 2773 602 2805 haec
626 2773 667 2804 Β.
691 2790 729 2796 -
755 2771 790 2804 8.
817 2772 856 2804 in
881 2775 960 2804 ante
987 2780 1073 2812 quos
1099 2780 1167 2804 om.
1189 2770 1294 2802 ABR.
1315 2785 1353 2793 —
1377 2770 1515 2802 minime
1539 2770 1683 2809 quisque
1709 2768 1735 2799 B
1762 2767 1911 2807 aliique,
1937 2766 1994 2798 R:

238 2823 378 2864 quisque
401 2822 542 2852 minime
578 2817 666 2862 (A‘2)
699 2819 740 2851 E.
781 2835 818 2841 —
859 2818 894 2850 9.
931 2818 1070 2850 invidia
1105 2828 1123 2851 e
1150 2818 1259 2850 Codd.
1286 2817 1432 2853 Muller,
1472 2816 1703 2848 Henrichsen.
1753 2814 1869 2846 Nostri
1904 2811 1997 2846 ABR

239 2873 376 2903 servant
399 2869 569 2901 invidiae.
596 2883 640 2889 —
664 2866 721 2898 12.
745 2866 933 2906 perducens
959 2866 997 2897 B.
1025 2882 1067 2886 —
1109 2864 1166 2896 14.
1195 2865 1296 2905 lonqe
1319 2861 1377 2903 sit]
1404 2872 1476 2894 non
1499 2863 1603 2904 qessz't
1627 2863 1666 2893 Β.
1697 2878 1737 2884 -
1764 2862 1820 2893 15.
1853 2862 1891 2892 in
1917 2865 1995 2892 ante

239 2916 427 2948 excitanda
452 2924 521 2947 om.
547 2915 591 2946 R.
621 2929 661 2936 —
703 2912 758 2945 16.
786 2921 864 2944 cum
889 2921 922 2945 se
947 2929 960 2935 -
985 2929 998 2935 -
1022 2911 1258 2953 superioribus
1285 2919 1352 2942 om.
1380 2909 1419 2941 B.
1449 2926 1488 2932 —
1527 2909 1585 2941 18.
1613 2908 1858 2950 aequalitatem
1881 2907 1925 2939 R.
1955 2923 1992 2930 —

240 2964 429 2995 communis
460 2962 551 2995 iuris
586 2959 696 2993 Codd.
733 2960 803 2992 ah:
844 2960 930 2991 iuris
955 2956 1038 2997 (om.
1067 2956 1270 2996 communis)
1297 2954 1381 2995 (ΑΒ)
1409 2955 1484 2987 RE.
1513 2973 1554 2979 -
1580 2956 1637 2987 20.
1661 2958 1796 2995 parata
1821 2953 1928 2988 ABR.
1957 2968 1992 2974 —

243 3010 301 3042 21.
329 3011 420 3041 tanti
444 3009 471 3041 B
498 3007 651 3049 aliique,
677 3007 727 3039 R:
755 3010 860 3039 tanta
885 3006 928 3044 (Α
942 3004 972 3047 ‘.’)
1001 3006 1043 3039 E.
1074 3023 1111 3028 —
1140 3006 1196 3036 22.
1224 3004 1277 3035 Ad
1301 3003 1492 3035 sedandum
1518 3012 1586 3035 om.
1613 3002 1656 3034 Α.
1686 3019 1724 3024 -
1764 3001 1822 3034 24.
1848 3008 1994 3040 seseque,

240 3056 271 3087 si
295 3055 412 3096 quam]
451 3064 516 3097 que
540 3056 571 3087 si
595 3063 700 3096 quam
725 3053 780 3093 A,
818 3054 884 3085 nisi
911 3053 1030 3085 subest
1062 3061 1158 3084 error
1183 3051 1357 3090 habetque
1386 3052 1434 3088 is,
1463 3053 1501 3081 ut
1527 3051 1552 3081 B
1578 3054 1682 3089 atque
1709 3047 1787 3080 alii:
1817 3056 1905 3089 quae
1931 3046 1996 3082 (vel

243 3101 321 3142 que)
345 3111 471 3140 suam,·
495 3103 527 3133 si
550 3111 656 3143 quam
680 3101 784 3133 Voss.
814 3099 913 3139 proh.
941 3100 1048 3132 Bakio
1074 3099 1115 3130 T.
1140 3098 1196 3133 (Ut
1220 3106 1282 3130 nos
1299 3121 1307 3133 ‚
1336 3096 1398 3132 R.)
1426 3113 1466 3118 —
1503 3097 1560 3129 25.
1590 3095 1771 3128 tamenetsi
1798 3094 1824 3126 B
1850 3094 1994 3132 aliique,

240 3149 292 3181 R:
322 3150 458 3179 tametsi
482 3147 612 3187 Aldus,
641 3149 704 3180 etsi
727 3148 769 3180 E.
797 3143 864 3188 (De
889 3146 919 3178 A
944 3155 1013 3179 non
1040 3142 1178 3186 liquet.)
1208 3162 1248 3166 —
1273 3143 1330 3174 27.
1359 3143 1421 3173 hoc
1445 3147 1495 3175 est
1520 3143 1549 3175 A
1575 3144 1730 3182 aliique:
1757 3143 1805 3172 est
1828 3140 1889 3171 hoc
1914 3140 1953 3175 (B
1966 3140 1994 3173 ’1)

240 3195 314 3228 RE.
343 3210 381 3216 -
416 3194 471 3226 28.
494 3199 697 3235 perpetuum
719 3195 779 3227 AB
805 3194 957 3234 aliique:
980 3196 1212 3233 pervaqatum
1238 3199 1315 3223 cum
1342 3190 1517 3230 plerisque
1542 3190 1604 3230 Lg.
1635 3189 1674 3220 E.
1701 3185 1766 3227 (est
1789 3187 1849 3217 hoc
1871 3187 1997 3217 vitium

237 3245 466 3284 pervayatum
483 3242 541 3277 R.)
561 3258 602 3265 —
628 3243 691 3276 Vv.
711 3241 884 3274 invidetur
909 3257 922 3263 -
947 3257 960 3262 -
983 3242 1147 3281 fortunae
1165 3238 1304 3270 seclusit
1322 3237 1512 3269 Ernestius.
1536 3254 1573 3260 —
1603 3236 1659 3267 30.
1683 3233 1863 3275 permixta
1884 3231 1992 3264 Codd.

242 3290 310 3326 ab,
336 3288 394 3319 R:
415 3289 582 3327 permista
607 3289 648 3320 E.
669 3303 710 3311 —
737 3297 806 3320 esse
832 3297 902 3320 om.
929 3285 1002 3319 AT.
1033 3284 1095 3327 (Ex
1120 3286 1147 3316 B
1174 3285 1261 3316 nihii
1286 3281 1463 3325 notatur.)
1483 3300 1523 3306 —
1550 3280 1640 3322 Iam]
1667 3290 1688 3312 α
1712 3279 1784 3311 ΑΒ.
1803 3293 1846 3302 -
1872 3278 1929 3311 33.
1956 3283 1995 3311 ut

240 3335 414 3375 Madvigio
433 3338 571 3366 auctore
597 3335 814 3368 Henrichsen
831 3357 840 3373 ,
867 3336 950 3367 item
976 3344 994 3366 e
1021 3332 1132 3365 Codd.
1160 3331 1243 3372 aliq.
1265 3331 1313 3364 T:
1341 3335 1406 3364 aut
1422 3330 1564 3370 ABRE,
1591 3334 1623 3362 et
1646 3328 1774 3360 mavolt
1792 3325 1932 3358 Bakius.
1954 3340 1994 3347 --

241 3379 315 3424 Ita]
341 3385 372 3416 et
395 3380 469 3414 AB.
493 3398 530 3405 —
559 3385 633 3415 tum
656 3382 698 3415 R.
729 3399 766 3407 —
793 3381 852 3415 34.
877 3382 1101 3415 miseriarum
1125 3388 1195 3412 om.
1214 3379 1254 3410 B.
