2117 3762
281 263 363 305 334
971 258 1041 299 DE
1073 258 1321 300 ORATORE

281 368 405 411 tionis
437 371 478 409 et
509 370 649 421 aptum
681 362 733 405 ad
763 361 921 404 animos
951 362 1232 405 conciliandos
1261 363 1327 406 vel
1358 361 1560 411 maxime,
1597 375 1720 418 saepe
1750 367 1887 406 autem
1917 364 2040 405 etiam

282 431 333 473 ad
354 429 698 477 commovendos;
729 427 825 467 205.
858 438 1132 480 personarum
1151 425 1247 467 ficta
1267 425 1449 467 inductio
1463 457 1472 474 ‚
1503 423 1570 467 vel
1591 426 1878 480 gravissimum
1899 427 2041 468 lumen

280 491 480 548 augendi3
532 489 780 542 descriptio,
815 488 971 529 erroris
1000 487 1205 535 inductio,
1237 487 1289 529 ad
1318 488 1568 530 hilaritatem
1598 487 1816 543 impulsio,
1848 493 1940 529 ante
1971 501 2040 530 oc-

281 554 470 609 cupatio;
501 559 587 595 tum
620 553 700 592 duo
731 550 826 599 illa,
873 563 978 604 quae
1009 550 1189 590 maxime
1220 556 1406 599 movent,
1440 549 1668 592 similitudo
1702 555 1743 592 et
1772 549 2037 603 exemplum;

249 617 480 672 ⁵digestio,
512 612 808 669 interpellatio,
841 611 1071 660 contentio,
1102 613 1342 662 reticentia,
1375 611 1699 662 commendatio;
1730 627 1813 654 vox
1835 611 2039 667 quaedam

277 681 409 722 libera
438 684 559 732 atque
591 677 713 717 etiam
745 674 986 717 effrenatior
1007 673 1183 729 augendi
1209 687 1350 724 causa;
1381 675 1611 723 iracundia,
1643 675 1907 729 obiurgatio,
1944 687 2042 730 pro-

277 742 443 789 missio,
491 738 752 793 deprecatio,
801 736 1059 788 obsecratio,
1105 736 1323 778 declinatio
1353 738 1493 779 brevis
1523 752 1545 779 a
1577 737 1819 793 proposito,
1865 750 1950 778 non
1995 741 2042 778 ut

277 802 467 859 superior
496 802 566 843 illa
595 803 819 856 digressio,
865 801 1083 856 purgatio,
1118 799 1372 847 conciliatio,
1403 799 1555 849 laesio,
1588 800 1744 855 optatio
1766 805 1889 856 atque
1922 813 2040 841 exse-

277 866 421 908 cratio.
483 866 557 906 His
595 864 683 906 fere
722 864 947 906 luminibus
986 863 1191 905 illustrant
1228 861 1459 904 orationem
1497 862 1741 904 sententiae.
1802 863 1906 903 LIV.
1939 864 2036 903 206.

226 942 261 966 10
278 926 486 970 Orationis
526 932 663 969 autem
706 926 834 982 ipsius
875 932 1083 982 tamquam
1113 939 1323 967 armorum
1356 930 1418 966 est
1446 924 1511 966 vel
1539 925 1591 967 ad
1620 939 1742 967 usum
1772 924 2039 966 comminatio

276 997 315 1034 et
353 989 471 1046 quasi
513 990 661 1044 petitio
700 989 766 1031 vel
807 988 859 1030 ad
899 993 1155 1031 venustatem
1195 987 1285 1041 ipsa
1325 987 1530 1028 tractatio.
1591 990 1693 1029 Nam
1736 993 1776 1029 et
1817 987 2039 1042 geminatio

273 1055 500 1096 verborum
540 1054 664 1094 habet
702 1051 912 1093 interdum
953 1051 1059 1100 vim,
1107 1052 1295 1106 leporem
1326 1049 1445 1100 alias;
1494 1054 1534 1091 et
1563 1050 1748 1105 paullum
1778 1050 2040 1092 immutatum

273 1115 448 1159 verbum
478 1120 602 1170 atque
633 1114 841 1156 deflexum
872 1120 912 1156 et
943 1116 1132 1156 eiusdem
1162 1110 1280 1154 verbi
1311 1110 1462 1153 crebra
1493 1117 1580 1154 tum
1610 1127 1634 1154 a
1663 1115 1798 1168 primo
1828 1112 2038 1169 repetitio,

274 1186 360 1222 tum
390 1181 432 1220 in
465 1185 697 1220 extremum
728 1177 946 1220 conversio
978 1182 1018 1218 et
1047 1176 1091 1218 in
1122 1174 1267 1217 eadem
1299 1176 1427 1216 verba
1466 1175 1646 1229 impetus
1677 1181 1718 1217 et
1747 1175 1965 1218 concursio
1998 1180 2040 1216 et

224 1256 259 1281 15
274 1242 480 1285 adiunctio
512 1247 552 1283 et
580 1242 818 1296 progressio
850 1246 890 1281 et
925 1238 1111 1281 eiusdem
1143 1238 1260 1279 verbi
1291 1236 1479 1278 crebrius
1510 1238 1635 1291 positi
1665 1240 1867 1293 quaedam
1889 1238 2037 1280 distin-

274 1307 356 1348 ctio
387 1311 428 1347 et
457 1304 667 1347 revocatio
698 1305 814 1346 verbi
846 1309 885 1344 et
914 1303 1004 1350 illa,
1052 1316 1157 1359 quae
1199 1299 1392 1342 similiter
1430 1299 1624 1342 desinunt
1653 1305 1723 1341 aut
1752 1315 1858 1355 quae
1888 1300 2040 1342 cadunt

273 1368 464 1411 similiter
494 1373 564 1409 aut
595 1380 700 1423 quae
731 1367 900 1421 paribus
930 1366 1048 1421 paria
1078 1363 1313 1406 referuntur
1344 1367 1416 1404 aut
1448 1376 1554 1418 quae
1591 1367 1685 1404 sunt
1715 1363 1823 1405 inter
1851 1377 1895 1405 se
1925 1362 2040 1406 simi-

271 1432 340 1474 lia.
401 1433 498 1473 207.
545 1432 618 1472 Est
661 1430 786 1471 etiarn
827 1427 1014 1483 gradatio
1052 1428 1253 1482 quaedam
1285 1430 1326 1466 et
1356 1426 1577 1466 conversio
1612 1430 1653 1466 et
1682 1424 1907 1468 verborum
1939 1439 2038 1468 con·-

273 1496 392 1538 cinna
420 1493 693 1548 transgressio
725 1497 766 1533 et
795 1492 1049 1533 contrarium
1081 1494 1121 1531 et
1150 1488 1398 1530 dissolutum
1428 1492 1469 1529 et
1498 1486 1719 1529 declinatio
1749 1494 1791 1530 et
1811 1489 2038 1542 reprehen-

223 1569 259 1595 20
273 1560 335 1601 sio
367 1563 408 1599 et
438 1555 682 1598 exclamatio
715 1560 756 1596 et
785 1553 1018 1596 imminutio
1048 1557 1089 1593 et
1119 1550 1230 1608 quod
1259 1550 1302 1592 in
1328 1550 1467 1592 multis
1490 1551 1651 1592 casibus
1671 1550 1840 1605 ponitur
1863 1556 1904 1592 et
1925 1550 2039 1606 quod

273 1621 324 1663 de
354 1619 526 1675 singulis
556 1620 682 1659 rebus
712 1616 938 1673 propositis
970 1615 1138 1657 ductum
1168 1612 1349 1655 refertur
1378 1614 1430 1654 ad
1461 1612 1621 1667 singula
1643 1619 1683 1655 et
1702 1612 1755 1655 ad
1773 1615 2037 1669 propositum

271 1681 457 1726 subiecta
485 1682 592 1723 ratio
624 1687 665 1722 et
693 1681 792 1722 item
823 1679 865 1721 in
895 1678 1125 1721 distributis
1163 1675 1377 1732 supposita
1413 1678 1518 1717 ratio
1550 1680 1590 1717 et
1619 1676 1839 1730 permissio
1870 1682 1911 1718 et
1940 1691 2035 1719 rur-

272 1760 362 1788 sum
393 1744 473 1786 alia
504 1743 707 1785 dubitatio
739 1750 779 1785 et
806 1742 1080 1798 improvisum
1112 1739 1306 1796 quiddam
1340 1744 1380 1780 et
1410 1739 1687 1780 dinumeratio
1718 1745 1758 1781 et
1788 1739 1868 1781 alia
1898 1753 2037 1781 corre-

272 1808 354 1850 ctio
394 1814 435 1849 et
473 1806 689 1862 dissipatio
728 1812 768 1847 et
807 1805 1089 1847 continuatum
1132 1809 1173 1844 et
1211 1804 1487 1857 interruptum
1529 1807 1570 1843 et
1603 1801 1742 1856 imago
1773 1807 1814 1843 et
1843 1800 1923 1843 sibi
1953 1803 2034 1858 ipsi

222 1882 256 1907 2⁵
272 1870 487 1927 responsio
521 1875 561 1911 et
600 1868 833 1911 immutatio
864 1873 904 1909 et
934 1866 1132 1909 diiunctio
1174 1871 1215 1907 ct
1245 1864 1348 1907 ordo
1380 1870 1420 1906 et
1448 1864 1595 1907 relatio
1637 1863 1693 1918 [et
1732 1862 1952 1919 digressio]
1995 1869 2036 1906 et

271 1932 613 1988 circumscriptio.
674 1933 770 1973 208.
805 1933 918 1972 Haec
948 1930 1058 1972 enim
1088 1935 1182 1971 sunt
1210 1927 1297 1970 fere
1327 1933 1451 1983 atque
1481 1930 1630 1969 horum
1655 1926 1804 1968 similia
1824 1929 1889 1969 vel
1911 1928 2033 1982 plura

272 1996 396 2038 etiam
435 2009 526 2037 esse
563 2000 754 2051 possunt,
800 2008 905 2050 quae
945 1991 1162 2035 sententiis
1200 1992 1430 2033 orationem
1459 1989 1768 2046 verborumque
1799 1989 2035 2032 conforma-

271 2058 453 2102 tionibus
481 2057 731 2100 illuminent.

383 2125 466 2166 LV.
510 2123 626 2171 Quae
657 2119 822 2177 quidem
854 2124 919 2167 te,
954 2119 1121 2165 Crasse,
1151 2115 1299 2165 video,
1332 2114 1467 2172 inquit
1498 2115 1636 2164 Cotta,
1671 2116 1784 2171 quod
1813 2119 1913 2156 nota
1943 2127 2034 2156 esse

221 2196 258 2222 ³0
271 2184 392 2227 nobis
430 2190 573 2240 putes,
627 2184 715 2224 sine
754 2180 1065 2223 definitionibus
1096 2185 1137 2221 et
1166 2180 1254 2221 sine
1287 2178 1489 2233 exemplis
1521 2177 1729 2221 effudisse.
1787 2179 1875 2231 Ego
1906 2191 2030 2228 vero,

269 2247 406 2303 inquit
434 2250 628 2295 Crassus,
660 2260 713 2286 ne
743 2244 812 2286 illa
842 2242 1028 2299 quidem,
1060 2255 1167 2297 quae
1196 2255 1322 2295 supra
1351 2240 1460 2289 dixi,
1504 2254 1614 2282 nova
1643 2240 1763 2282 vobis
1799 2254 1889 2281 esse
1921 2239 2034 2282 arbi-

270 2310 436 2360 trabar,
468 2311 542 2351 sed
571 2306 772 2351 voluntati
801 2309 985 2349 vestrum
1016 2305 1202 2347 omnium
1232 2305 1367 2360 parui.
1429 2305 1524 2345 209.
1560 2304 1634 2345 His
1666 2308 1801 2344 autem
1833 2302 1883 2345 de
1904 2305 2031 2345 rebus

271 2376 335 2417 sol
364 2387 430 2415 me
459 2372 528 2415 ille
557 2371 789 2418 admonuit,
835 2375 880 2411 ut
910 2368 1081 2411 brevior
1111 2381 1272 2417 essem,
1319 2367 1389 2422 qui
1421 2367 1509 2423 ipse
1539 2366 1621 2408 iam
1650 2365 1930 2422 praecipitans
1963 2380 2028 2408 me

271 2450 438 2493 quoque
475 2437 578 2477 haec
614 2435 883 2491 praecipitem
923 2445 1054 2487 paene
1086 2430 1279 2472 evolvere
1310 2430 1461 2483 coegit.
1525 2427 1605 2471 Sed
1636 2434 1774 2470 tamen
1803 2428 1924 2470 huius
1956 2442 2030 2484 ge-

222 2499 382 2542 ssneris
413 2498 708 2541 demonstratio
740 2502 801 2537 est
831 2502 871 2537 et
900 2495 1089 2537 doctrina
1119 2495 1206 2547 ipsa
1236 2492 1439 2546 vulgaris3
1470 2506 1569 2534 usus
1600 2497 1737 2533 autem
1765 2491 2030 2546 gravissimus

273 2567 314 2604 et
342 2563 385 2604 in
414 2562 496 2603 hoc
524 2566 611 2602 toto
644 2560 807 2601 dicendi
839 2557 975 2600 studio
1005 2555 1287 2599 difficillimus.
1348 2558 1444 2597 210.
1490 2556 1795 2605 Quamobrem,
1833 2554 2029 2610 quoniam

273 2627 325 2667 de
356 2629 504 2666 ornatu
536 2623 650 2665 omni
679 2623 877 2664 orationis
906 2626 1001 2663 sunt
1030 2633 1193 2668 omnes,
1240 2617 1274 2659 si
1311 2632 1396 2659 non
1435 2616 1651 2673 patefacti,
1703 2623 1742 2659 at
1773 2623 1885 2659 certe
1916 2630 2030 2659 com-

272 2686 490 2730 monstrati
517 2686 621 2736 loci,
665 2699 792 2735 nunc,
831 2683 930 2740 quid
961 2687 1100 2738 aptum
1131 2683 1202 2729 sit,
1241 2682 1322 2722 hoc
1353 2685 1434 2729 est,
1466 2679 1566 2735 quid
1596 2679 1780 2721 maxime
1811 2682 1957 2721 deceat
1985 2681 2028 2722 in

274 2752 483 2801 oratione,
516 2748 745 2791 videamus.
806 2748 1066 2801 Quamquam
1095 2744 1138 2786 id
1167 2742 1334 2801 quidem
1364 2742 1631 2799 perspicuum
1663 2747 1748 2793 est,
1795 2757 1880 2784 non
1914 2741 2028 2785 omni

362 2937 397 2968 2.
423 2933 685 2969 commonendos
710 2930 739 2963 Α
766 2934 800 2964 et
827 2938 914 2963 corr.
942 2930 982 2961 B.
1010 2942 1054 2952 —
1080 2932 1127 2961 est
1151 2929 1265 2961 lumen
1290 2928 1333 2960 R.
1364 2943 1402 2951 -—
1431 2925 1465 2958 3.
1494 2925 1620 2967 ayendi
1640 2925 1714 2958 ΑΒ.
1741 2942 1783 2948 -
1820 2929 1852 2958 et
1875 2926 1914 2958 in
1938 2926 2025 2960 hila-

272 2986 413 3017 ritatem
432 2984 471 3016 R.
493 2999 533 3005 —
562 2982 595 3013 6.
623 2981 823 3023 effrenatior
848 2977 959 3009 Codd.
987 2976 1030 3008 al.
1045 2999 1053 3015 ,
1080 2977 1135 3008 R:
1163 2975 1341 3017 effrenatio
1360 2973 1433 3012 ΑΒ,
1454 2972 1492 3004 Ε.
1513 2989 1557 2994 —-
1582 2974 1709 3013 ayendi
1725 2972 1798 3009 ΑΒ.
1818 2974 1859 3005 R.
1880 2991 1922 2996 —
1947 2974 1980 3006 7.
1999 2983 2023 3006 a

269 3028 464 3071 proposito]
493 3029 666 3070 appositio
690 3027 733 3057 R.
775 3042 813 3048 -
858 3024 891 3056 8.
919 3028 949 3056 et
975 3025 1110 3064 optatio
1134 3023 1176 3054 R.
1217 3039 1254 3045 —
1297 3022 1352 3053 15.
1377 3020 1551 3060 processio
1577 3020 1649 3051 AB.
1685 3037 1727 3043 —
1764 3021 1883 3060 posita
1906 3018 1951 3052 R.
1982 3035 2018 3042 -—

274 3078 443 3109 districtio
469 3077 508 3108 B.
537 3090 578 3098 -
604 3074 661 3106 17.
688 3072 888 3113 deferuntur
913 3071 986 3106 ΑΒ,
1006 3071 1048 3102 R.
1069 3085 1110 3094 —
1136 3069 1193 3101 18.
1222 3072 1253 3100 et
1278 3072 1356 3100 ante
1381 3066 1565 3098 verborum
1590 3076 1659 3098 om.
1687 3067 1727 3097 B.
1743 3083 1787 3088 —
1812 3068 2022 3099 concinnata

272 3124 346 3156 AB.
373 3141 413 3146 —
442 3124 497 3155 19.
525 3123 652 3164 gressio
676 3121 715 3152 B.
743 3134 784 3143 -
810 3118 866 3150 20.
895 3121 925 3150 et
949 3118 1145 3149 imminutio
1172 3124 1240 3148 om.
1267 3116 1310 3147 A.
1340 3129 1379 3136 —-
1407 3114 1463 3144 22.
1490 3111 1657 3153 subiecta]
1686 3112 1813 3145 delecta
1830 3114 1870 3145 R.
1893 3130 1931 3137 —
1960 3113 2019 3146 23.

273 3171 447 3211 correptio
470 3171 511 3201 B.
540 3185 579 3191 —
616 3168 673 3200 24.
700 3166 891 3206 disputatio
917 3165 956 3201 B,
974 3165 1016 3196 R.
1046 3164 1103 3199 (Ut
1128 3171 1214 3200 nos,
1241 3159 1299 3201 A.)
1329 3175 1369 3183 —-
1396 3164 1428 3191 et
1454 3161 1693 3192 continuatum
1717 3159 1776 3190 ΑΒ
1802 3160 1952 3199 aliique:
1989 3162 2022 3190 et

272 3218 363 3259 quod
389 3218 630 3248 continuatum
656 3214 721 3246 RE.
749 3229 789 3236 -
828 3212 885 3244 25.
912 3212 1078 3243 diiunctio
1104 3210 1157 3242 A:
1195 3208 1380 3240 disiunctio
1406 3204 1460 3248 (B)
1487 3207 1561 3238 RE.
1603 3224 1640 3231 —
1683 3204 1822 3246 relatio]
1863 3206 1949 3237 latio
1975 3207 2017 3246 B,

272 3264 462 3296 translatio
481 3264 522 3294 R.
547 3279 582 3285 —-
611 3265 641 3294 et
658 3260 826 3301 digressio
845 3267 924 3291 cum
944 3258 1117 3290 Ellendtio
1137 3256 1352 3290 seclusimus.
1374 3269 1416 3275 --
1442 3253 1499 3285 27.
1526 3253 1775 3294 verborumque
1800 3260 1868 3284 om.
1888 3252 1960 3284 AB.
1975 3270 2018 3276 —

271 3311 329 3344 31.
355 3309 453 3343 vobis
470 3310 543 3348 AB,
560 3309 614 3340 R:
642 3307 739 3339 nobis
763 3307 912 3339 Ernestii
942 3314 1082 3345 operae.
1102 3321 1144 3328 —
1170 3304 1226 3334 32.
1253 3305 1410 3334 nostrum
1434 3301 1514 3339 ΑΒ,
1539 3301 1646 3332 vestri
1670 3300 1714 3331 R.
1743 3313 1785 3322 —
1810 3299 1867 3331 35.
1894 3303 1943 3331 est
1969 3298 2015 3341 et]

269 3362 335 3393 stet
358 3358 409 3398 B,
437 3359 468 3390 et
491 3356 532 3389 R.
561 3370 600 3379 —
626 3354 683 3388 37.
710 3355 740 3386 si
760 3362 832 3386 non
855 3356 934 3385 sunt
959 3360 1074 3386 omnes
1093 3349 1264 3393 patefacti
1287 3349 1330 3382 R.
1359 3364 1399 3373 —
1426 3348 1482 3382 39.
1510 3343 1742 3389 Quamquam]
1769 3354 1872 3388 quam
1895 3347 1936 3386 B,
1951 3346 1992 3381 R.
