2117 3762
309 265 362 306 46
981 265 1048 304 AD
1085 264 1395 306 HERENNIUM

308 371 540 411 mediocres
577 371 693 411 locos
732 370 887 410 habere
924 372 1101 421 oportet.
1176 371 1278 410 Nam
1320 374 1359 410 et
1389 374 1555 424 praeter
1583 369 1752 409 modum
1783 369 1908 423 ampli
1937 382 2062 424 vagas

308 431 508 486 imagines
553 434 729 472 reddunt
774 436 813 471 et
855 429 976 470 nimis
1013 430 1174 482 angusti
1219 445 1342 486 saepe
1386 445 1467 471 non
1508 432 1699 472 videntur
1743 443 1865 484 posse
1911 445 2060 485 capere

308 493 531 547 imaginum
563 492 893 533 collocationem.
973 493 1041 532 32.
1084 494 1187 532 Tum
1218 507 1294 532 nec
1324 495 1445 533 nimis
1476 495 1656 534 illustres
1686 507 1762 533 nec
1792 494 2062 535 vehementer

308 557 506 597 obscuros
550 557 663 596 locos
707 554 852 594 haberi
898 559 1088 607 oportet,
1140 568 1193 594 ne
1234 560 1303 594 aut
1334 557 1610 596 obcaecentur
1641 555 1822 596 tenebris
1862 556 2062 610 imagines

278 624 376 658 saut
405 619 625 670 splendore
657 615 955 670 praefulgeant.
1018 616 1239 656 Intervalla
1278 617 1467 658 locorum
1510 618 1738 659 mediocria
1775 631 1866 658 esse
1909 619 2059 672 placet,

307 680 393 720 fere
437 681 574 734 paullo
619 680 709 733 plus
756 683 826 717 aut
868 679 1002 718 minus
1046 679 1197 732 pedum
1239 679 1456 720 tricenum.
1533 682 1634 720 Nam
1665 685 1709 719 ut
1739 684 1956 734 aspectus,
2006 680 2063 719 ita

307 743 499 796 cogitatio
530 743 663 782 minus
701 742 835 788 valet,
889 742 974 780 sive
1012 740 1133 779 nimis
1172 741 1318 793 procul
1355 743 1613 790 removeris,
1665 743 1750 782 sive
1795 741 2063 782 vehementer

305 818 436 860 prope
468 802 698 844 admoveris
729 804 794 851 id,
829 805 940 856 quod
972 808 1135 857 oportet
1164 802 1310 841 videri.
1372 804 1453 843 Sed
1484 818 1731 858 quamquam
1761 805 1881 845 facile
1913 809 1975 844 est
2005 803 2060 851 ei,

306 866 376 920 qui
407 865 544 920 paullo
576 866 884 919 exploraverit,
920 870 960 905 et
991 863 1178 917 quamvis
1209 865 1359 904 inultos
1391 870 1431 905 et
1460 866 1634 907 idoneos
1665 868 1780 908 locos
1802 879 2059 921 comparare,

255 940 290 963 10
306 934 441 968 tamen
471 929 504 967 si
537 927 627 981 quis
658 929 755 967 satis
785 928 962 967 idoneos
991 926 1178 967 invenire
1210 940 1252 966 se
1284 939 1368 966 non
1398 929 1580 981 putabit,
1613 928 1701 983 ipse
1732 929 1810 969 sibi
1841 930 2063 969 constituat

305 1004 426 1043 quam
471 988 582 1029 volet
625 989 775 1029 multos
820 988 975 1029 licebit.
1039 989 1242 1042 Cogitatio
1286 991 1396 1029 enim
1442 991 1627 1043 quamvis
1667 990 1881 1045 regionem
1926 995 2063 1045 potest

304 1051 495 1106 amplecti
537 1057 577 1091 et
619 1050 662 1091 in
694 1065 742 1091 ea
781 1050 903 1091 situm
943 1052 1024 1091 loci
1063 1050 1274 1091 cuiusdam
1310 1053 1361 1091 ad
1400 1066 1518 1091 suum
1550 1051 1765 1093 arbitrium
1795 1052 1990 1094 fabricari
2022 1057 2063 1093 et

303 1114 579 1155 architectari.
641 1114 779 1162 Quare
808 1112 975 1161 licebit,
1019 1113 1053 1154 si
1083 1115 1159 1153 hac
1190 1119 1382 1167 prompta
1413 1115 1532 1169 copia
1562 1117 1743 1155 contenti
1774 1129 1859 1156 non
1890 1116 2058 1163 erimuS,

302 1181 464 1217 nosmet
491 1175 604 1228 ipsos
633 1174 751 1216 nobis
782 1175 1030 1228 cogitatione
1060 1183 1199 1217 nostra
1230 1175 1444 1229 regionem
1475 1177 1724 1217 constituere
1753 1183 1792 1217 et
1813 1177 2060 1219 idoneorum

252 1237 490 1280 1⁵loc0rum
520 1237 893 1279 commodissimam
925 1237 1229 1279 distinctionem
1259 1252 1516 1291 comparare.
1577 1241 1639 1280 De
1663 1238 1764 1280 locis
1785 1240 1881 1281 satis
1903 1238 2058 1281 dictum

302 1307 383 1343 est:
417 1316 523 1343 nunc
554 1303 605 1342 ad
635 1300 860 1353 imaginum
890 1300 1093 1341 rationem
1124 1307 1395 1341 transeamus.

412 1366 505 1405 XX.
537 1366 605 1404 33.
640 1362 844 1412 Quoniam
887 1376 986 1416 ergo
1027 1376 1168 1404 rerum
1210 1363 1363 1404 similes
1394 1362 1593 1415 imagines
1626 1376 1715 1404 esse
1746 1367 1910 1418 oportet
1939 1368 1980 1404 et
2008 1378 2061 1405 ex

302 1428 494 1469 omnibus
522 1425 662 1467 verbis
692 1431 810 1465 notas
841 1424 961 1466 nobis
991 1424 1280 1466 similitudines
1312 1425 1464 1478 eligere
1491 1425 1712 1473 debemus,
1745 1425 1927 1479 duplices
1948 1425 2061 1467 simi-

301 1489 496 1531 litudines
526 1501 615 1529 0550
646 1486 819 1535 debent,
852 1500 958 1528 unae
988 1501 1128 1528 rerum
1147 1519 1156 1534 ,
1200 1488 1353 1529 alterae
1385 1490 1624 1529 verborum.
1686 1491 1840 1529 Rerum
1871 1487 2060 1530 similitu-

252 1561 288 1587 20
304 1552 417 1594 dines
448 1550 760 1606 exprimuntur,
808 1563 901 1590 cum
943 1549 1175 1590 summatim
1209 1552 1397 1602 ipsorum
1428 1550 1691 1604 negotiorum
1720 1550 1918 1603 imagines
1949 1565 2060 1592 com-

302 1629 523 1669 paramus3
571 1615 795 1654 verborum
842 1611 1128 1652 similitudines
1171 1612 1502 1660 constituuntur,
1556 1627 1649 1653 cum
1688 1614 1810 1654 unius
1860 1613 2058 1668 cuiusque

300 1676 478 1719 nominis
524 1682 565 1716 et
607 1674 800 1716 vocabuli
844 1674 1045 1715 memoria
1084 1674 1264 1727 imagine
1308 1680 1486 1715 notatur.
1553 1674 1628 1715 Rei
1658 1674 1784 1715 totius
1814 1675 2058 1716 memoriam

300 1753 421 1795 saepe
451 1752 532 1780 una
561 1743 657 1779 nota
689 1742 730 1777 et
758 1736 936 1791 imagine
976 1736 1151 1791 simplici
1191 1735 1618 1791 comprehendemus,
1666 1738 1746 1778 hoc
1788 1736 1947 1779 modo:
1996 1743 2055 1786 ut,

301 1802 334 1843 si
379 1807 592 1843 accusator
636 1799 790 1840 dixerit
834 1798 883 1839 ab
924 1812 998 1839 reo
1046 1798 1257 1840 hominem
1302 1812 1462 1840 veneno
1508 1806 1697 1841 necatum
1741 1804 1781 1840 et
1818 1798 2059 1841 hereditatis

251 1880 285 1907 π
301 1878 421 1906 031153
450 1865 603 1905 sactum
633 1863 817 1916 arguerit
848 1868 889 1902 et
917 1861 1006 1902 01115
1036 1862 1099 1902 rei
1130 1864 1282 1903 multos
1312 1861 1466 1902 dixerit
1495 1867 1619 1902 testes
1650 1867 1690 1902 et
1719 1862 1904 1902 conscios
1935 1875 2054 1903 esse:

300 1927 442 1968 511100
470 1926 677 1982 primum,
727 1932 771 1965 ut
815 1923 866 1965 ad
909 1923 1211 1965 defendendum
1254 1922 1374 1965 nobis
1415 1923 1654 1978 expeditum
1693 1924 1767 1972 sit,
1821 1923 2057 1965 meminisse

299 1989 485 2031 volemus
504 2021 514 2038 ,
548 1990 589 2029 in
619 1987 754 2043 primo
784 1987 877 2028 1000
907 1987 970 2027 rei
1001 1987 1124 2029 totius
1153 1988 1376 2041 imaginem
1407 1985 1791 2027 conformabimus:
1839 1992 2057 2040 aegrotum

297 2052 342 2094 in
385 2053 491 2094 lecto
538 2050 754 2092 cubantem
798 2049 994 2091 faciemus
1037 2049 1172 2105 ipsum
1201 2049 1337 2097 illum,
1386 2051 1437 2090 de
1476 2062 1560 2103 quo
1590 2054 1762 2102 agetur,
1812 2050 1845 2089 si
1875 2048 2054 2090 formam

300 2116 388 2156 eius
409 2113 709 2164 detinebimus3
743 2114 776 2154 si
799 2127 892 2154 eum
917 2125 1003 2156 non
1025 2112 1338 2166 agnoverimus,
1368 2111 1549 2165 aliquem
1566 2117 1779 2165 aegrotum
1800 2124 1885 2153 non
1907 2113 1958 2152 de
1980 2110 2057 2152 mi-

251 2178 412 2220 sonimo
457 2178 550 2220 loco
595 2190 827 2224 sumemus,
878 2182 924 2217 ut
966 2175 1047 2217 cito
1086 2175 1128 2216 in
1171 2180 1353 2215 mentem
1391 2175 1534 2215 venire
1575 2173 1730 2226 possit,
1779 2179 1819 2214 et
1854 2187 1973 2214 reum
2005 2175 2056 2214 ad

297 2242 449 2283 lectum
488 2240 576 2282 eius
613 2239 908 2287 adstituemus,
956 2240 1128 2279 dextera
1166 2237 1384 2293 poculum,
1443 2235 1609 2277 sinistra
1652 2234 1839 2285 tabulas,
1891 2235 2055 2277 medico

298 2303 507 2346 testiculos
546 2302 741 2344 arietinos
782 2307 1002 2342 tenentem.
1064 2302 1155 2345 Hoc
1196 2299 1321 2341 modo
1368 2304 1407 2340 et
1445 2299 1611 2340 testium
1650 2304 1692 2339 et
1733 2298 1972 2340 hereditatis
2015 2304 2056 2339 et

297 2380 458 2409 veneno
487 2367 621 2407 necati
650 2363 893 2406 memoriam
922 2362 1074 2405 habere
1104 2362 1349 2417 poterimus,
1427 2364 1495 2402 34.
1548 2363 1649 2402 Item
1693 2362 1886 2417 deinceps
1916 2366 2054 2402 cetera

297 2429 469 2470 crimina
499 2442 551 2469 ex
582 2427 726 2469 ordine
756 2426 798 2467 in
828 2426 930 2467 locis
960 2438 1184 2481 ponemus;
1227 2431 1292 2473 et,
1334 2424 1660 2478 quotiescunque
1690 2437 1781 2464 rem
1812 2422 2051 2465 meminisse

249 2506 283 2532 35
297 2492 483 2534 volemus
504 2523 514 2539 ‚
558 2491 592 2532 si
620 2491 847 2531 formarum
878 2488 1148 2544 dispositione
1178 2492 1218 2528 ct
1247 2486 1474 2540 imaginum
1505 2485 1691 2540 diligenti
1722 2487 1933 2526 notatione
1962 2491 2054 2526 ute-

297 2569 413 2604 mur,
465 2553 586 2594 130110
625 2566 701 2601 03,
753 2566 856 2607 quae
896 2552 1109 2599 volemus,
1160 2549 1364 2591 memoria
1396 2561 1713 2603 consequemur.
1775 2549 1894 2588 XXI.
1949 2547 2050 2587 Cum

296 2619 524 2659 verborum
569 2614 855 2657 similitudines
898 2613 1148 2667 imaginibus
1193 2611 1431 2666 exprimere
1479 2613 1696 2659 volemus,
1758 2609 1850 2663 plus
1896 2609 2053 2663 negotii

297 2679 571 2733 suscipiemus
603 2684 642 2719 et
671 2677 802 2732 magis
832 2677 1044 2731 ingenium
1075 2681 1264 2718 nostrum
1294 2673 1597 2716 exercebimus.
1658 2671 1703 2713 Id
1724 2686 1800 2713 nos
1821 2671 1899 2713 hoc
1921 2673 2050 2712 modo

296 2744 432 2784 facere
471 2741 709 2799 oportebit:
761 2743 847 2781 [αηι
890 2742 1170 2781 domuitionem
1216 2752 1324 2792 reyes
1371 2737 1535 2778 Atridae
1574 2741 1740 2788 parant.
1817 2735 1864 2774 In
1914 2735 2049 2789 primo

393 2883 426 2915 6.
456 2884 536 2915 item
560 2882 691 2914 ABFT.
723 2898 757 2903 -
786 2881 818 2913 9.
844 2881 966 2920 paullo
993 2881 1228 2919 exploraverit
1247 2879 1382 2911 PAFT:
1409 2877 1529 2918 paullo
1553 2875 1659 2917 plura
1684 2875 1919 2914 exploraverit
1944 2875 2046 2906 BRE.

302 2947 338 2952 —
368 2935 400 2961 et
425 2931 580 2970 quanwis
604 2929 775 2961 PAFRT:
805 2929 961 2969 quamvis
987 2928 1054 2959 BE.
1087 2943 1121 2948 -
1159 2929 1214 2959 10.
1243 2928 1317 2967 quis
1342 2927 1430 2956 satis
1453 2925 1592 2955 idoneos
1618 2923 1664 2952 B:
1703 2923 1779 2962 quis
1806 2923 1883 2954 adis
1907 2922 2049 2953 idoneos

300 2985 352 3016 pr.
372 2977 416 3012 P,
457 2978 533 3016 quis
558 2978 603 3008 ad
630 2978 695 3008 ista
722 2976 863 3006 idoneos
890 2975 978 3005 AFR
1005 2979 1039 3006 et
1064 2983 1151 3006 corr.
1173 2974 1219 3009 Ρ,
1258 2974 1332 3014 quis
1357 2971 1404 3002 ad
1430 2971 1498 3002 isca
1522 2970 1682 3000 idoneum
1708 2969 1755 3004 T,
1795 2970 1872 3009 quis
1904 2969 1950 3000 ad
1976 2970 2047 2999 isla

299 3024 383 3054 satis
402 3023 538 3053 idoneos
558 3024 598 3054 E.
648 3025 755 3055 Recte
778 3023 936 3053 Baiter-us
966 3023 1161 3060 perspexit,
1191 3029 1243 3052 vv.
1273 3020 1318 3049 ad
1341 3019 1410 3049 ista
1436 3022 1509 3048 orta
1536 3025 1610 3047 esse
1638 3025 1676 3048 ex
1703 3020 1864 3055 corrupto
1883 3024 1913 3048 v.
1940 3015 2044 3051 satis.

303 3070 466 3109 quocirca
485 3070 539 3100 illa
553 3070 585 3100 11.
600 3070 621 3100 Ι.
643 3071 869 3110 expunximus
889 3077 965 3099 curn
983 3069 1028 3104 B,
1057 3070 1114 3108 qui
1134 3076 1172 3099 ea
1192 3070 1270 3098 ante
1296 3074 1326 3095 v.
1346 3071 1550 3103 comparare
1574 3062 1770 3094 inculcavit.
1800 3078 1840 3084 —
1868 3063 1924 3093 12.
1949 3071 2048 3092 suum

303 3116 489 3146 arbitrium
524 3116 692 3147 PAFRT:
733 3125 833 3147 suum
865 3115 1076 3146 commodum
1111 3118 1143 3144 et
1168 3112 1354 3143 arbitrium
1381 3111 1404 3142 E
1431 3119 1506 3141 cum
1534 3109 1559 3140 B
1585 3109 1744 3149 aliisque.
1795 3108 1854 3140 Est
1877 3109 1976 3148 gloss.
2007 3123 2043 3130 —-

302 3162 359 3194 18.
386 3159 503 3200 notas]
529 3162 646 3193 Malim
673 3166 825 3193 notatas.
874 3161 961 3192 Vide
990 3161 1027 3191 C.
1051 3160 1108 3191 22.
1143 3157 1178 3198 ὃ.
1199 3158 1255 3190 37.
1308 3157 1375 3188 On.
1404 3155 1520 3195 (notas
1538 3155 1656 3186 debere
1673 3155 1914 3187 similitudines
1937 3155 2045 3187 Erne-

301 3210 357 3240 stii
384 3206 539 3247 operae.)
567 3225 606 3230 —-
632 3209 688 3239 24.
717 3209 759 3239 ab
777 3217 834 3240 reo
854 3218 920 3239 orn.
941 3207 1014 3238 AT.
1037 3223 1076 3228 —
1102 3206 1158 3238 26.
1186 3210 1225 3236 ut
1249 3203 1499 3244 defendendum
1524 3202 1671 3234 Ernestii
1699 3211 1838 3241 operae.
1862 3218 1898 3224 -—-
1927 3202 1983 3233 29.
2003 3201 2046 3232 dc

301 3264 373 3286 non
397 3256 465 3284 imo
487 3254 556 3284 lac.
579 3255 782 3286 Gronovius.
811 3254 892 3295 (non
918 3263 985 3286 om.
1004 3254 1056 3284 PF
1083 3258 1114 3285 et
1141 3261 1192 3291 pr.
1216 3249 1276 3290 Α.)
1306 3268 1341 3274 -
1371 3250 1427 3281 31.
1454 3251 1599 3281 dextera
1624 3249 1762 3280 PABT:
1789 3249 1914 3280 dextra
1938 3248 2043 3279 FRE.

306 3318 343 3324 —
372 3302 465 3333 domi·
489 3301 655 3332 ultionem
680 3305 830 3341 utroque
857 3301 930 3333 loco
960 3301 1054 3339 libri,
1091 3302 1193 3331 etiam
1220 3299 1341 3329 nostri.
1393 3296 1547 3329 Correxit
1573 3296 1759 3328 Victorius.
1795 3309 1838 3317 —
1863 3294 1906 3325 In
1928 3295 2044 3336 primo

303 3348 378 3381 loco
405 3347 507 3381 scir:
535 3348 572 3380 in
596 3348 668 3380 loco
695 3356 772 3380 cum
799 3348 908 3381 Codd.
936 3350 1038 3381 etiam
1064 3347 1188 3380 nostris
1216 3345 1254 3378 E.
1304 3344 1478 3384 Scriptum
1505 3346 1598 3377 erat:
1626 3344 1665 3376 in
1688 3342 1718 3375 Ι.
1746 3342 1833 3374 loco.
