2117 3762
786 253 886 292 LlB.
921 253 952 292 I.
1014 255 1054 295 C.
1087 255 1153 296 35.
1185 257 1251 296 36.
1808 264 1883 304 113

242 360 433 400 XXXVI.
469 360 536 399 62.
574 358 614 397 Si
647 356 823 412 quadam
857 359 896 398 in
928 363 1285 410 argumentatione
1317 362 1414 402 satis
1442 366 1504 402 est
1523 363 1581 403 uti
1605 368 1884 418 propositione.

131 426 172 461 et
202 434 283 461 non
317 427 482 474 oportet
513 421 737 471 adi-ingere
769 424 1112 474 approbationem
1146 425 1438 479 propositioni,
1473 427 1647 479 quadam
1679 434 1814 469 autem
1847 430 1886 470 in

129 485 489 536 argumentatione
522 481 682 522 intirma
713 489 773 522 est
807 487 1058 538 propositio,
1093 489 1169 527 nisi
1193 487 1382 527 adiuncta
1404 487 1454 526 sit
1476 490 1738 541 approbatio,
1772 505 1888 543 sepa-

129 552 264 586 ratum
306 553 367 586 est
405 543 598 599 quiddam
630 559 652 584 a
684 546 969 597 propositione
1013 551 1275 602 approbatio.
1338 551 1460 598 Quod
1500 549 1607 589 enim
1648 557 1688 590 et
1719 552 1886 605 adiungi

130 613 171 647 et
201 610 381 663 separari
413 612 463 649 ab
495 609 633 662 aliquo
667 614 821 661 potest,
864 611 903 650 id
935 625 1017 651 non
1049 619 1185 664 potest
1218 613 1325 652 idem
1358 626 1467 666 esse,
1508 615 1618 668 quod
1651 619 1712 654 est
1742 615 1804 662 id,
1839 615 1918 656 ads

130 672 240 724 quod
271 670 509 725 adiungitur
539 677 579 711 et
610 683 632 710 a
664 685 745 726 quo
778 679 1017 726 separatum
1070 682 1131 715 est
1162 680 1298 714 autem
1330 674 1531 729 quaedam
1565 679 1888 729 argumentatio,

129 733 170 773 in
202 747 280 788 qua
313 734 543 789 propositio
576 746 657 773 non
692 735 846 787 indiget
887 738 1210 791 approbatione;
1263 743 1303 777 et
1333 740 1556 791 quaedam,
1605 739 1645 778 in
1677 753 1757 794 qua
1789 740 1890 782 nibil

129 797 240 837 valet
269 797 356 837 sine
389 793 711 850 approbatione,
759 803 802 837 nt
833 800 1112 839 ostendemus.
1177 801 1370 854 Separata
1404 807 1463 841 est
1496 802 1619 852 igitur
1648 815 1668 841 a
1702 803 1890 857 proposi-

127 857 241 899 tione
260 857 519 913 approbatiO.
583 858 835 900 Ostendetur
857 868 992 902 autem
1016 862 1077 910 id,
1112 863 1223 918 quod
1245 861 1418 916 polliciti
1440 877 1580 904 sumus
1596 894 1605 911 ,
1639 865 1719 904 hoc
1742 867 1889 906 modo:

129 920 245 969 Quae
281 921 512 976 propositio
559 920 601 962 in
641 937 684 962 se
726 924 925 977 quiddam
964 925 1148 965 eontinet
1186 926 1449 978 perspicuum
1487 931 1527 965 et
1557 927 1667 981 quod
1700 932 1889 968 constare
1904 938 1939 964 10

127 982 234 1023 inter
263 995 407 1024 omnes
439 997 610 1025 neeesse
643 991 728 1033 est,
778 987 882 1026 hanc
921 986 1026 1027 velle
1069 985 1300 1041 approbare
1331 992 1371 1027 et
1402 987 1564 1028 tirmare
1596 988 1697 1030 nibil
1727 989 1886 1031 attinet.

126 1046 195 1085 63.
229 1047 286 1086 Ea
327 1052 388 1087 est
429 1045 686 1089 huiusmodi:
740 1050 807 1096 Si,
856 1062 939 1104 quo
971 1050 1037 1090 die
1069 1048 1146 1090 ista
1177 1050 1324 1090 caedes
1356 1051 1510 1091 Romae
1543 1050 1648 1091 faeta
1679 1057 1762 1101 est,
1811 1066 1888 1107 ego

125 1106 297 1148 Athenis
337 1122 386 1149 eo
428 1110 494 1150 die
533 1108 609 1158 fui,
656 1112 697 1151 in
728 1113 855 1152 caede
886 1110 1085 1152 interesse
1118 1125 1201 1152 non
1232 1113 1362 1166 potui.
1424 1114 1514 1153 1100
1545 1115 1639 1167 quia
1671 1116 1887 1170 perspicue

125 1182 273 1210 verum
315 1176 396 1219 est,
445 1172 548 1214 nihil
579 1175 724 1214 attinet
754 1173 994 1228 approbari.
1059 1175 1197 1224 Quare
1228 1174 1382 1215 assumi
1413 1175 1546 1217 statim
1579 1184 1763 1231 oportet,
1809 1177 1887 1218 hoc

127 1231 277 1274 modo:
325 1235 400 1275 Fui
433 1241 570 1275 autem
603 1237 774 1276 Athenis
806 1249 857 1276 eo
890 1236 970 1278 die.
1032 1238 1121 1278 Hoc
1154 1238 1187 1277 si
1217 1251 1300 1278 non
1331 1244 1507 1286 constat,
1555 1239 1710 1293 indiget
1739 1249 1937 1296 appro-15

125 1295 328 1346 bationis;
363 1311 443 1352 qua
472 1296 662 1346 inducta,
697 1300 933 1354 complexio
968 1306 1260 1355 consequetur.
1322 1302 1395 1340 Est
1426 1300 1553 1353 igitur
1573 1301 1771 1356 quaedam
1796 1316 1890 1356 pro-

126 1358 306 1411 positio,
356 1373 462 1415 quae
502 1374 585 1402 non
625 1359 782 1414 indiget
821 1364 1137 1416 approbatione.
1199 1365 1301 1403 Nam
1335 1376 1423 1403 esse
1457 1362 1622 1418 quidem
1654 1363 1885 1419 quandam,

126 1433 232 1475 quae
263 1422 470 1475 indigeat,
506 1424 603 1478 quid
635 1424 781 1464 attinet
812 1427 1054 1474 ostendere,
1087 1427 1198 1481 quod
1221 1427 1351 1466 cuivis
1372 1425 1490 1466 facile
1514 1428 1777 1481 perspicuum
1802 1430 1888 1467 est?

127 1484 287 1532 Quodsi
319 1486 373 1525 ita
406 1490 491 1533 est,
527 1498 578 1526 ex
609 1484 686 1525 hoc
719 1492 758 1526 et
788 1501 839 1527 ex
871 1502 941 1533 eo,
984 1489 1096 1543 quod
1126 1500 1503 1542 proposueramus,
1536 1489 1616 1529 hoc
1647 1490 1886 1538 coniicitur,

125 1553 363 1602 separatum
407 1560 498 1588 esse
540 1546 737 1602 quiddam
778 1562 799 1588 a
839 1551 1127 1604 propositione
1170 1549 1528 1604 approbationem.
1592 1550 1633 1592 Si
1669 1558 1804 1592 autem
1835 1551 1940 1594 ita20

127 1616 206 1656 est,
255 1609 402 1651 salsum
441 1617 502 1651 est
543 1623 624 1651 non
663 1624 753 1651 esse
784 1610 875 1665 plus
907 1626 1029 1666 quam
1062 1613 1308 1665 tripartitam
1342 1612 1756 1667 argumentationem.
1818 1616 1885 1654 fist.

96 1673 260 1714 =Simili
305 1672 429 1715 modo
473 1672 602 1728 liquet
642 1674 813 1714 alteram
852 1687 1019 1728 quoque
1058 1676 1402 1729 approbationem
1444 1682 1673 1731 separatam
1715 1691 1805 1717 esse
1837 1678 1888 1717 ab

126 1737 425 1790 assumptione.
489 1737 529 1776 Si
563 1736 740 1790 quadam
774 1738 813 1776 in
845 1737 1204 1790 argumentatione
1235 1739 1333 1778 satis
1365 1743 1426 1779 est
1455 1739 1513 1779 uti
1546 1740 1824 1793 assumptione
1851 1744 1891 1779 et

126 1812 211 1838 non
242 1804 410 1853 oportet
440 1798 666 1850 adiungere
698 1798 1041 1853 approbationem
1073 1800 1367 1854 assumptioni,
1400 1801 1574 1855 quadam
1606 1807 1740 1841 autem
1763 1800 1803 1841 in
1825 1814 1890 1841 ar·

128 1861 435 1913 gumentatione
467 1860 626 1900 intirma
658 1867 720 1901 est
750 1863 1000 1916 assumptio,
1042 1861 1122 1902 nisi
1153 1864 1342 1903 adiuncta
1374 1861 1425 1902 sit
1455 1864 1722 1915 approbatio:
1772 1876 1888 1917 sepa·
1902 1879 1938 1904 25

125 1928 261 1980 ratum
309 1922 501 1978 quiddam
549 1929 665 1963 extra
707 1926 1031 1978 assumptionem
1075 1929 1136 1965 est
1181 1925 1441 1978 approbatio.
1501 1927 1571 1965 Est
1601 1933 1735 1966 autem
1767 1939 1889 1979 argu-

127 1984 324 2026 mentatio
356 1985 580 2041 quaedam,
613 1985 654 2026 in
685 2000 767 2040 qua
787 1986 1012 2041 assumptio
1034 2000 1117 2027 non
1138 1988 1295 2040 indiget
1314 1987 1650 2040 approbationis;
1685 1989 1888 2041 quaedam

127 2054 286 2097 autem,
333 2049 375 2089 in
408 2062 487 2103 qua
519 2047 620 2089 nihil
652 2050 761 2089 valet
792 2050 881 2089 sine
913 2050 1235 2104 approbatione,
1279 2054 1324 2088 ut
1355 2047 1632 2090 ostendemus,
1694 2052 1889 2104 Separata

126 2109 254 2165 igitur
284 2116 346 2152 est
375 2112 425 2152 ab
456 2110 737 2163 assumptione
769 2112 1030 2166 approbatio.
1094 2109 1370 2152 Ostendemus
1405 2117 1571 2158 autem,
1619 2113 1731 2165 quod
1771 2112 1890 2165 polli-

116 2174 197 2214 citi
228 2187 390 2224 sumus,
423 2172 499 2214 hoc
530 2174 676 2214 modo:
709 2176 774 2217 65.
807 2178 923 2223 Quae
953 2174 1216 2229 perspicuam
1250 2173 1442 2213 omnibus
1469 2171 1684 2212 veritatem
1707 2174 1937 2217 eontinetso

127 2237 375 2291 assumptio,
419 2236 522 2277 nihil
564 2235 722 2290 indiget
756 2236 1085 2291 approbationis.
1147 2238 1203 2276 Ea
1243 2240 1305 2275 est
1336 2234 1592 2275 huiusmodi:
1650 2234 1690 2275 si
1722 2242 1888 2286 oportet

127 2298 234 2340 velle
265 2312 436 2353 sapere,
471 2299 569 2339 dare
601 2312 772 2353 operam
805 2298 1091 2354 philosophiae
1123 2298 1331 2339 convenit.
1395 2299 1507 2337 llaec
1530 2298 1761 2352 propositio
1784 2298 1888 2338 indi-

128 2367 196 2415 get
226 2361 556 2416 approbationis3
604 2376 688 2402 non
730 2363 839 2403 enim
879 2363 1098 2417 perspicua
1132 2367 1194 2401 est
1223 2373 1362 2414 neque
1393 2366 1550 2400 constat
1580 2359 1688 2400 inter
1719 2375 1883 2408 onmes,

125 2429 348 2478 propterea
378 2422 490 2479 quod
521 2424 638 2465 multi
669 2425 770 2466 nibil
801 2424 998 2480 prodesse
1025 2424 1351 2480 philosophiam,
1383 2423 1572 2478 plerique
1596 2424 1716 2463 etiam
1740 2423 1885 2464 obesse

127 2484 390 2526 arbitrantur.
451 2487 690 2541 Assumptio
732 2488 950 2542 perspicua
987 2492 1071 2536 est3
1119 2492 1180 2527 est
1219 2485 1327 2526 enim
1368 2485 1494 2526 haee:
1544 2486 1719 2540 Oportet
1748 2491 1932 2528 autentas

127 2549 235 2589 velle
266 2561 427 2603 sapere.
488 2550 579 2589 Hoc
609 2549 703 2603 quia
735 2549 867 2604 ipsum
899 2564 949 2590 ex
981 2562 1023 2590 se
1055 2549 1303 2604 perspicitur
1333 2555 1373 2589 et
1404 2561 1547 2589 verum
1579 2562 1668 2589 esse
1692 2547 1885 2599 intelligi-

128 2615 219 2661 tur,
251 2610 354 2651 nihil
383 2609 529 2651 attinet
558 2613 798 2666 approbari.
860 2613 999 2661 Quare
1027 2612 1163 2652 statim
1185 2611 1469 2652 concludenda
1493 2617 1552 2652 est
1572 2609 1884 2664 argumentatio.

219 2735 254 2768 4.
282 2741 330 2769 est
352 2738 519 2779 quiddam
543 2737 568 2770 P
595 2742 629 2770 et
656 2746 746 2770 corr.
775 2737 826 2776 T,
855 2740 936 2770 item
963 2742 1158 2770 ceterorum
1186 2739 1352 2777 vestigiaz
1380 2736 1548 2777 quiddam
1575 2740 1621 2767 est
1650 2737 1684 2766 E.
1708 2752 1745 2757 -
1774 2736 1808 2766 7.
1837 2732 1881 2775 et]

129 2783 188 2814 sed
212 2782 323 2821 ΡΑΤ,
361 2786 418 2816 sed
444 2790 473 2817 et
498 2785 540 2817 R.
581 2801 620 2807 —
665 2786 718 2816 10.
759 2786 908 2817 continet
934 2785 972 2816 in
995 2794 1028 2816 se
1053 2784 1222 2825 quiddam
1248 2785 1319 2815 AT.
1362 2801 1395 2807 —
1441 2784 1496 2815 13.
1535 2785 1568 2814 in
1601 2783 1699 2813 caede
1727 2783 1885 2813 interesse

130 2829 241 2861 PAT:
279 2832 440 2863 interesse
475 2831 513 2863 in
548 2832 650 2863 caede
684 2832 755 2863 RE.
793 2848 832 2854 -
875 2830 974 2872 qaia]
1002 2832 1169 2872 quoniam
1195 2832 1230 2862 P.
1264 2847 1299 2852 —
1344 2831 1400 2862 17.
1434 2838 1502 2861 esse
1534 2830 1673 2870 qualem
1705 2830 1884 2868 quandam

131 2876 267 2908 PART:
295 2886 365 2909 esse
390 2879 567 2919 quandam
593 2879 633 2910 E.
664 2895 704 2901 —
741 2879 796 2910 20.
825 2878 886 2909 Sin
912 2878 1046 2909 PART.
1090 2894 1134 2899 -—
1176 2879 1231 2909 22.
1271 2878 1345 2909 ticet
1375 2876 1492 2908 Pan't·
1519 2878 1642 2907 ceteris
1669 2885 1744 2906 cum
1774 2875 1882 2906 tibris.

130 2923 342 2956 Emendatus
368 2930 418 2957 est
443 2935 539 2957 error
566 2927 631 2958 iam
661 2928 694 2958 in
723 2926 813 2957 Edd.
843 2929 923 2957 vett.
953 2926 1098 2965 aliquot.
1127 2942 1162 2948 -—
1192 2924 1249 2956 26.
1278 2929 1380 2955 extra
1406 2924 1672 2960 assumptionem
1698 2927 1745 2952 est
1774 2922 1882 2953 PAT:

130 2975 178 3003 est
196 2976 298 3003 extra
316 2973 584 3012 assumptionem
604 2973 678 3005 RE.
697 2989 739 2995 —
757 2973 814 3004 29.
835 2973 946 3011 iyttur
962 2976 1007 3003 est
1024 2970 1137 3002 PAT:
1165 2977 1213 3003 est
1232 2972 1339 3012 iyitur
1359 2971 1430 3001 RE.
1455 2985 1492 2991 —
1521 2978 1541 2998 α
1556 2969 1793 3007 propositione
1811 2968 1883 3000 AT.

133 3035 170 3042 -
200 3018 262 3049 Vv.
292 3018 512 3050 Ostendemus
536 3035 549 3041 -
573 3035 587 3041 —
611 3020 807 3052 lcitiusmodi
832 3022 998 3057 expunxit
1023 3018 1102 3049 Sch.
1131 3035 1175 3039 —
1203 3017 1419 3049 Ostendimus
1445 3015 1543 3046 ΡΑΤ.
1566 3031 1604 3036 -
1631 3019 1746 3046 autem
1766 3015 1885 3047 PART

130 3068 310 3104 ceterique
338 3067 408 3097 nott
427 3088 435 3102 ,
463 3065 512 3097 L:
540 3069 654 3098 autem
679 3067 716 3097 td
743 3067 779 3098 E.
811 3083 849 3089 —
878 3065 932 3098 31.
962 3069 1095 3105 oportet
1120 3064 1205 3096 velle
1230 3072 1349 3103 sapere
1374 3062 1461 3094 I’A'l'
1478 3086 1485 3100 ‚
1514 3062 1564 3092 L:
1605 3066 1742 3101 oportet
1767 3071 1887 3101 sapere

131 3110 214 3152 (om.
241 3110 338 3151 velle)
365 3111 437 3143 RE.
466 3128 506 3134 —
546 3112 600 3143 35.
630 3114 817 3153 perspicua
843 3117 919 3144 est:
960 3117 1005 3143 est
1033 3113 1121 3143 enim
1148 3112 1229 3142 haec
1257 3109 1365 3141 tjodd.
1396 3110 1477 3147 aliq.
1508 3108 1771 3147 Oudendorpti:
1809 3118 1887 3147 per·

129 3159 253 3199 spicua
277 3164 322 3190 est
350 3160 438 3190 enim
462 3159 543 3190 haec
561 3158 662 3198 ΡΑΤ,
690 3164 736 3191 est
759 3160 957 3200 perspicua.
1006 3159 1068 3190 Est
1092 3159 1181 3190 enim
1205 3158 1287 3188 haec
1313 3157 1340 3186 R
1356 3179 1364 3192 ,
1390 3156 1573 3195 perspicua
1596 3159 1641 3186 est
1668 3155 1750 3186 haec
1776 3155 1817 3186 E.
1846 3171 1885 3177 —

130 3211 248 3237 autem
272 3205 356 3248 velte
380 3213 498 3245 sapere
526 3205 631 3237 PAT:
659 3210 773 3238 autem
798 3215 917 3245 sapere
943 3210 1025 3240 (om.
1052 3206 1148 3244 velte)
1176 3204 1248 3234 RE.
1279 3202 1407 3242 (autem
1431 3207 1511 3233 ante
1539 3210 1569 3232 v.
1597 3201 1683 3232 velte
1710 3202 1776 3233 det.
1806 3210 1886 3232 cen-

131 3251 229 3285 sebat
254 3252 369 3290 Oua..
399 3252 458 3284 sed
486 3253 674 3292 respondet
700 3262 753 3285 vv.
782 3252 819 3283 St
846 3256 980 3292 oportet
1007 3252 1090 3282 velte
1118 3259 1248 3289 sapere.
1279 3246 1363 3289 On.)
1404 3265 1441 3271 -—
1482 3247 1538 3279 36.
1568 3246 1643 3278 Hoc
1672 3250 1755 3289 quia
1780 3247 1882 3279 PAT:

130 3297 209 3330 Hoc
233 3304 350 3331 autem
374 3300 458 3340 quia
486 3298 558 3330 RE.
588 3314 629 3322 —
661 3308 703 3332 ex
729 3308 763 3332 se
785 3299 962 3337 Nizottus,
988 3298 1039 3337 L,
1079 3297 1183 3329 Solu:
1223 3304 1266 3328 ex
1298 3305 1334 3328 re
1368 3295 1394 3327 E
1429 3302 1506 3327 cum
1532 3294 1653 3327 PART
1691 3296 1885 3334 ceterisque

131 3347 236 3379 notis.
287 3346 355 3378 Sed
384 3346 446 3378 ctr.
474 3344 511 3386 §-
537 3346 595 3378 70.

207 3411 300 3439 Cicero
320 3411 353 3440 T.
374 3412 394 3440 Ι.
1395 3405 1421 3446 8
