2117 3762
723 274 818 313 ΜΒ.
857 273 904 311 ΙΙ.
969 275 1010 313 (3.
1046 276 1110 313 76.
1143 276 1206 316 77.
1237 276 1302 313 7⁸.
1808 281 1885 321 283

138 376 195 417 uti
226 376 367 422 liveat.
401 379 551 431 quibus
582 378 813 418 animorum
846 377 1019 431 impetus
1051 393 1217 424 eornm,
1249 380 1318 433 qni
1350 378 1540 426 audiunt,
1572 387 1643 421 aut
1673 382 1885 434 impellan-

138 445 205 479 tur
234 446 301 478 ant
333 438 610 480 reflectantur.
672 441 766 478 313.
814 442 945 492 Atque
988 439 1108 480 etiam
1155 441 1193 481 in
1234 441 1304 481 illo
1342 440 1601 494 reprebendo
1642 456 1737 490 eos,
1789 444 1884 497 qui,

137 514 241 554 quae
274 500 440 541 minime
472 501 587 542 firma
618 506 735 546 sunt,
786 514 833 540 ea
871 501 998 552 prima
1031 502 1247 543 collocant.
1313 505 1355 543 ln
1387 518 1469 557 quo
1500 503 1593 544 illos
1623 518 1788 559 qnoque
1821 519 1886 545 cr-

137 576 228 602 rare
270 561 469 609 arbitror,
518 564 611 617 qui,
663 562 695 603 si
733 565 899 616 quando
942 564 992 614 nd
1026 566 1136 618 qnod
1170 564 1267 604 milii
1301 579 1507 620 nunqnam
1538 565 1702 620 placuit)
1750 566 1887 621 plures

136 624 331 666 adhibent
367 631 581 677 patronos,
612 630 655 664 ut
691 623 731 664 in
765 638 930 678 qnoque
964 639 1106 666 eorum
1140 626 1354 666 minimum
1388 634 1529 679 putant
1562 641 1673 674 esse,
1704 628 1757 669 ita
1793 643 1916 669 eums

137 689 315 742 primum
353 686 494 727 volunt
525 685 676 726 dicere.
737 687 816 725 Res
847 688 953 727 enim
986 690 1062 727 lioe
1085 687 1282 741 postulat,
1315 695 1358 728 ut
1390 702 1535 729 eorum
1569 691 1887 744 exspectationi,

136 751 205 804 qni
237 748 429 794 andiunt,
459 761 580 802 quam
613 749 827 788 celerrime
850 755 1114 797 occur-ratum
1145 749 1265 789 enisi
1294 751 1409 790 initio
1433 750 1685 792 satisfactum
1718 766 1800 793 non
1821 752 1886 799 sit,

136 813 266 852 inulto
295 810 386 865 plus
416 811 468 850 sit
496 809 536 850 in
567 808 724 863 reliqua
757 824 877 851 causa
908 809 1195 851 laborandum.
1254 811 1360 852 Male
1405 812 1515 853 enim
1554 827 1597 854 se
1637 827 1704 854 res
1743 813 1885 862 habet,

136 887 241 928 quae
271 886 352 913 non
384 872 543 918 statim,
577 878 621 912 ut
650 871 729 912 dici
758 879 904 927 coepta
937 879 1018 919 est,
1050 872 1197 913 melior
1230 872 1318 913 lieri
1351 873 1525 915 videtur.
1584 877 1678 917 314.
1709 879 1818 930 Ergo
1844 883 1889 918 ut

136 937 164 988 -Ξ-
196 937 237 976 in
269 939 434 976 oratore
471 932 650 987 optimus
681 934 878 988 quisque,
912 934 969 975 sic
1001 934 1042 975 in
1071 935 1258 975 oratione
1291 933 1571 977 firmissimum
1604 940 1799 992 quodque
1835 939 1936 979 sitm

135 999 337 1052 primum3
378 997 474 1036 dnm
508 994 607 1036 illud
643 1002 778 1036 tamen
815 996 856 1036 in
890 1003 1067 1051 utroque
1105 1002 1309 1043 teneatur,
1342 1003 1385 1037 nt
1416 1011 1483 1044 ea,
1517 1012 1621 1053 quae
1655 1000 1883 1048 excellent,

134 1064 349 1099 serventur
382 1057 505 1097 etiam
537 1056 587 1098 ad
620 1057 919 1109 perorandum3
969 1060 1001 1098 si
1044 1071 1125 1113 qua
1156 1064 1277 1098 crunt
1319 1058 1544 1100 mediocria
1579 1065 1690 1110 (nam
1731 1062 1888 1103 vitiosis

134 1133 336 1174 nusquam
367 1132 457 1160 esse
489 1126 654 1173 oportet
683 1120 837 1169 locum)
871 1122 912 1160 in
943 1119 1118 1161 mediam
1151 1118 1311 1160 turbam
1343 1126 1465 1175 atque
1500 1121 1540 1162 in
1570 1135 1737 1176 gregem
1759 1125 1888 1164 conii-

133 1183 305 1223 ciantur.
365 1183 459 1221 315.
491 1183 613 1222 llisce
645 1183 837 1223 omnibus
867 1183 993 1222 rebus
1028 1180 1314 1227 consideratis,
1347 1189 1431 1222 tum
1465 1184 1644 1238 denique
1678 1184 1741 1230 id,
1775 1188 1886 1239 quod

132 1243 312 1298 primum
355 1249 415 1283 est
456 1242 701 1291 dicendum,
748 1250 1003 1298 postremum
1044 1243 1159 1284 soleo
1198 1245 1404 1295 cogitare,
1456 1258 1538 1299 quo
1571 1251 1661 1285 utar
1693 1248 1932 1287 ex0r‹1i0.1÷

133 1309 235 1347 Nam
265 1306 300 1348 si
328 1307 493 1361 quando
515 1305 554 1345 id
585 1305 766 1359 primum
797 1305 984 1347 invenire
1017 1305 1150 1353 volui,
1181 1305 1336 1346 nullum
1368 1306 1468 1347 mihi
1497 1308 1679 1348 occurrit
1707 1307 1785 1348 nisi
1818 1315 1887 1350 aut

132 1367 241 1409 exile
271 1374 340 1409 aut
368 1367 632 1421 nugatorium
662 1373 731 1408 aut
759 1367 928 1421 vulgare
959 1373 1082 1423 atque
1115 1380 1350 1408 commune.

243 1431 468 1471 Lxxvlll.
501 1431 706 1484 Principia
735 1435 870 1471 autem
901 1429 1062 1471 dicendi
1093 1444 1258 1485 semper
1287 1445 1379 1470 cum
1411 1436 1601 1472 accurata
1634 1438 1675 1472 et
1703 1438 1822 1472 acuta
1844 1438 1885 1472 et

133 1493 331 1533 instructa
353 1492 588 1538 sententiis,
619 1497 711 1545 apta
741 1492 902 1539 verbis,
936 1497 1021 1532 tum
1042 1505 1142 1532 vero
1172 1505 1390 1533 causarum
1415 1494 1583 1548 propria
1605 1506 1694 1534 esse
1717 1494 1883 1534 debent.

132 1554 268 1596 Prima
288 1560 349 1595 est
369 1555 476 1595 enim
502 1554 618 1609 quasi
642 1552 823 1607 cognitio
844 1559 884 1594 et
904 1552 1206 1594 commendatio
1229 1553 1426 1595 orationis
1453 1556 1494 1594 in
1516 1555 1745 1610 principio,
1777 1569 1883 1609 quae
1900 1573 1935 1597 20

133 1617 327 1657 continuo
359 1629 476 1663 eum,
507 1616 576 1669 qui
602 1614 738 1663 audit,
771 1615 1028 1668 permulcere
1059 1622 1180 1669 atque
1213 1615 1378 1657 allicere
1400 1615 1538 1657 dehet.
1600 1619 1696 1657 316.
1731 1619 1778 1657 In
1799 1631 1883 1671 quo

132 1677 326 1718 admirari
356 1677 472 1718 soleo
500 1690 583 1718 non
609 1678 801 1731 equidem
831 1676 952 1725 istos,
983 1678 1052 1732 qui
1074 1676 1225 1718 nullam
1256 1677 1349 1718 huic
1380 1677 1440 1719 rei
1469 1691 1642 1733 operam
1668 1680 1882 1727 dederunt,

133 1738 205 1781 sed
249 1738 457 1780 hominem
498 1738 701 1792 imprimis
741 1738 940 1780 disertum
986 1745 1108 1795 atque
1147 1742 1374 1788 eruditum,
1420 1739 1672 1795 Philippum,
1721 1741 1792 1794 qui
1829 1740 1886 1781 ita

132 1803 239 1842 solet
270 1815 444 1854 surgere
484 1800 535 1842 ad
577 1803 819 1848 dicendum,
863 1808 930 1848 ut,
976 1803 1087 1856 quod
1126 1802 1307 1854 primum
1347 1804 1521 1843 verbum
1562 1802 1777 1844 habiturus
1811 1803 1883 1851 sit,

131 1863 311 1913 nesciat;
352 1869 392 1904 et
421 1864 479 1903 ait
506 1862 638 1910 idem,
681 1875 775 1904 cum
806 1863 1019 1904 brachium
1051 1864 1393 1913 concalefecerit,
1436 1870 1521 1905 tum
1556 1878 1600 1905 se
1640 1864 1777 1906 solere
1811 1877 1886 1919 pu·
1900 1880 1934 1905 25

131 1938 279 1981 gnare3
328 1938 462 1980 neque
494 1924 666 1966 attendit
706 1937 777 1965 eos
815 1924 950 1977 ipsos,
995 1925 1105 1966 unde
1143 1927 1224 1967 hoc
1253 1925 1386 1966 simile
1418 1928 1562 1973 ducat,
1607 1927 1762 1981 primas
1797 1926 1886 1967 illas

131 1990 266 2029 hastas
294 1988 350 2028 ita
374 1986 527 2029 iactare
553 1986 721 2034 leniter,
752 1991 798 2027 ut
827 1992 867 2027 et
896 1989 1099 2028 venustati
1128 1987 1195 2028 vel
1222 1988 1403 2029 maxime
1436 1987 1616 2028 serviant
1644 1993 1684 2028 et
1717 1987 1887 2043 reliquis

131 2049 291 2091 viribus
320 2050 404 2091 suis
432 2048 662 2091 consulant.
722 2050 818 2088 317.
864 2050 949 2089 Nec
983 2054 1045 2089 est
1079 2048 1273 2097 dubium,
1326 2051 1427 2104 quin
1467 2049 1684 2090 exordium
1724 2051 1886 2090 dicendi

132 2113 355 2153 vehemens
375 2116 415 2152 et
433 2125 603 2165 pugnax
623 2123 708 2152 non
728 2123 854 2164 saepe
875 2124 965 2152 esse
986 2109 1158 2161 debeat3
1193 2111 1266 2152 sed
1295 2111 1330 2153 si
1360 2111 1402 2152 in
1423 2112 1514 2164 ipso
1542 2111 1616 2153 illo
1642 2110 1887 2165 gladiatorio

131 2173 241 2215 vitae
283 2174 528 2222 certamine,
574 2186 657 2228 quo
699 2171 811 2213 ferro
846 2171 1105 2221 decernitur,
1151 2179 1287 2214 tamen
1323 2179 1416 2214 ante
1455 2187 1724 2227 congressum
1762 2173 1888 2214 multa
1902 2188 1936 2212 30

132 2234 260 2284 fiunt,
291 2249 398 2292 quae
428 2249 512 2277 non
544 2237 596 2276 ad
626 2233 774 2277 vulnus
805 2233 878 2275 sed
908 2233 960 2275 ad
988 2236 1171 2289 speciem
1192 2237 1331 2276 valere
1355 2234 1595 2277 videantur:
1627 2241 1780 2289 quanto
1810 2234 1889 2276 hoc

132 2299 264 2352 magis
293 2300 334 2338 in
365 2299 552 2339 oratione
586 2303 647 2338 est
669 2298 963 2352 spectandum,
995 2297 1038 2338 in
1059 2311 1140 2352 qua
1170 2310 1255 2338 non
1285 2298 1347 2338 vis
1368 2298 1506 2350 potius
1527 2310 1650 2351 quam
1671 2295 1886 2338 delectatio

131 2358 386 2414 postulatur!
421 2359 530 2400 Nihil
553 2366 613 2401 est
639 2359 819 2414 denique
846 2359 888 2398 iu
915 2364 1059 2400 natura
1091 2374 1230 2400 rerum
1261 2361 1470 2408 omnium,
1503 2358 1614 2414 quod
1645 2372 1690 2400 se
1721 2360 1887 2399 univer-

131 2435 223 2463 sum
251 2420 473 2476 profundat
502 2426 543 2462 et
563 2423 674 2476 quod
695 2426 827 2462 totum
850 2425 1019 2474 repente
1040 2420 1198 2471 evolet3
1231 2421 1290 2462 sic
1319 2421 1482 2469 omnia,
1513 2434 1617 2476 quae
1638 2419 1743 2462 fiunt
1763 2433 1886 2474 quae-

132 2496 213 2538 que
243 2490 419 2537 aguntur
448 2482 672 2529 acerrime,
704 2483 934 2523 lenioribus
965 2482 1176 2537 principiis
1202 2488 1346 2524 natura
1365 2483 1455 2536 ipsa
1476 2484 1725 2536 praetexuit.
1783 2484 1877 2523 318.
1899 2496 1933 2521 ss

132 2547 246 2586 Haec
278 2551 416 2586 autem
446 2548 487 2586 in
515 2543 690 2586 dicendo
719 2558 803 2586 non
833 2544 1089 2585 extrinsecus
1120 2545 1310 2585 alicunde
1337 2544 1574 2600 quaerenda
1602 2543 1674 2586 sed
1704 2558 1756 2585 ex
1786 2543 1885 2598 ipsis

133 2606 360 2648 visceribus
381 2620 526 2648 causae
555 2608 755 2648 sumenda
787 2612 893 2647 sunt.
952 2604 1111 2646 Idcirco
1131 2611 1215 2647 tota
1235 2619 1357 2648 causa
1385 2612 1615 2662 pertentata
1646 2613 1767 2660 atque
1792 2618 1885 2660 per-

133 2675 293 2724 specta,
323 2669 424 2711 locis
455 2670 647 2710 omnibus
678 2668 854 2710 inventis
884 2674 1006 2722 atque
1036 2669 1272 2717 instructis,
1304 2670 1650 2710 considerandum
1682 2674 1768 2715 est,
1801 2679 1885 2720 quo

226 2820 259 2850 1.
287 2819 439 2851 audiunt
465 2819 493 2850 Α
519 2819 672 2859 aliique,
699 2819 753 2850 R:
782 2819 933 2851 audiant
958 2817 1015 2858 (B)
1035 2819 1074 2850 E.
1098 2835 1139 2841 —
1163 2818 1199 2850 4.
1222 2819 1356 2859 plures]
1382 2828 1458 2851 cum
1479 2818 1594 2858 pluris
1620 2817 1668 2853 (id
1695 2821 1767 2854 est,
1794 2825 1883 2848 com-

132 2864 264 2906 plures)
297 2866 339 2897 R.
377 2882 421 2887 —
456 2865 491 2897 5.
516 2863 630 2905 utin]
668 2866 722 2897 uti
747 2864 819 2896 AB.
860 2882 902 2888 —
938 2866 1092 2905 primum
1116 2873 1193 2897 eum
1219 2865 1319 2898 Voss.
1348 2883 1390 2888 —
1427 2866 1461 2896 7.
1488 2868 1716 2895 succurratur
1741 2862 1813 2894 AB.
1842 2879 1881 2885 —

135 2913 189 2944 10.
217 2913 254 2942 in
278 2912 412 2943 orando
435 2912 562 2943 mavolt
587 2912 739 2945 Ellendt.
782 2927 818 2932 —
857 2912 1001 2952 quisque
1026 2914 1074 2942 est
1098 2911 1141 2943 R.
1179 2927 1219 2934 —
1256 2913 1305 2943 sic
1329 2912 1368 2942 in
1393 2911 1421 2942 Α
1447 2911 1576 2949 aliique
1594 2933 1602 2947 ,
1630 2910 1684 2941 R:
1722 2911 1769 2940 sic
1793 2912 1824 2941 et
1847 2909 1885 2940 in

136 2958 177 2997 (B
190 2957 223 2998 ἵ)
250 2958 288 2989 E.
322 2973 356 2978 —
385 2958 442 2988 11.
470 2958 631 2990 excellent
655 2959 714 2990 ΑΒ
741 2954 894 2997 aliique:
922 2956 1092 2989 excellunt
1117 2958 1172 2995 R,
1200 2959 1368 2990 excellant
1395 2957 1433 2988 E.
1460 2973 1499 2979 —
1528 2956 1584 2987 12.
1610 2957 1641 2986 εἰ
1664 2963 1735 2995 qua
1760 2955 1786 2985 B
1812 2955 1884 2987 alii-

135 3014 202 3045 que
222 3004 355 3040 Codd.‚
381 3003 590 3036 Lambinus:
617 3007 648 3037 .ςὶ
674 3014 760 3046 quae
786 3002 847 3045 (Α)
871 3004 942 3035 RE.
971 3020 1009 3025 —
1038 3002 1094 3034 13.
1121 3008 1226 3043 atque
1249 3006 1288 3036 in
1311 3004 1459 3035 mediam
1483 3002 1555 3033 AB.
1584 3018 1626 3023 -
1651 3002 1885 3033 coniiciuntur

137 3051 210 3083 BR.
238 3067 279 3073 -—
306 3050 362 3081 15.
389 3055 563 3089 postremo
587 3051 631 3082 R.
662 3067 701 3074 —
737 3052 794 3082 20.
820 3048 919 3090 quae]
948 3057 1100 3090 quaeque
1125 3050 1198 3081 BR.
1227 3068 1265 3073 —
1301 3050 1358 3080 21.
1386 3050 1427 3080 In
1451 3058 1521 3089 qua
1546 3047 1617 3079 AB.
1647 3063 1687 3070 —
1725 3047 1782 3079 24.
1809 3056 1886 3079 sur—

134 3106 214 3139 qere
239 3097 287 3128 ad
311 3096 492 3127 dicendum
516 3097 544 3127 Α
570 3098 721 3138 aliique:
760 3096 808 3129 ad
833 3097 1015 3127 dicendum
1038 3104 1178 3135 surgere
1204 3093 1284 3136 (B‘I)
1310 3096 1383 3127 RE.
1420 3111 1456 3117 —
1499 3094 1556 3125 25.
1586 3093 1674 3132 cum]
1717 3095 1811 3134 quod
1834 3094 1883 3131 (id

135 3149 188 3177 est
204 3168 212 3182 ,
240 3142 360 3184 quom)
386 3143 427 3174 A.
454 3158 497 3163 —
535 3143 696 3175 bacchum
721 3144 958 3184 concalseceril
984 3140 1060 3181 (sic)
1085 3143 1114 3173 Α
1131 3165 1139 3179 ,
1167 3142 1332 3174 bacchum
1357 3149 1433 3172 cum
1457 3139 1649 3180 calefecerit
1673 3140 1714 3171 B.
1743 3156 1783 3162 —
1823 3140 1881 3171 26.

136 3191 231 3222 dicat
256 3190 329 3222 AB.
359 3206 395 3211 —
420 3190 556 3227 primas
579 3190 660 3222 illas
687 3191 713 3221 A
739 3191 896 3228 aliique:
923 3189 1005 3220 illas
1026 3189 1162 3228 primas
1187 3188 1227 3229 (B
1239 3187 1270 3228 ξ’)
1296 3189 1366 3219 RE.
1395 3203 1434 3209 —
1469 3186 1527 3217 27.
1553 3188 1666 3218 iactas
1690 3186 1809 3219 hastas
1832 3188 1884 3218 ita

137 3237 183 3268 R.
212 3253 251 3258 —
278 3237 397 3268 leviter
420 3235 459 3265 B.
487 3251 528 3257 -
554 3235 612 3267 28.
639 3235 707 3267 Nec
732 3236 846 3267 ABR:
874 3236 986 3276 Neque
1012 3235 1052 3265 E.
1085 3251 1122 3257 —-
1151 3234 1208 3267 30.
1237 3235 1326 3274 quod
1353 3233 1462 3265 Codd.
1490 3232 1534 3264 al.
1553 3256 1561 3270 ,
1591 3233 1822 3265 llenrichsen.
1845 3249 1879 3253 -

136 3283 190 3315 32.
219 3286 267 3314 est
289 3282 513 3322 spectandum
538 3281 845 3322 Wyttenbachius:
873 3280 1099 3322 spectandum
1124 3281 1175 3317 R,
1202 3279 1468 3319 exspectandum
1493 3279 1606 3315 (Am)
1634 3279 1673 3310 E.
1703 3295 1743 3302 --
1780 3288 1881 3319 quam

137 3330 214 3360 AB:
242 3329 301 3361 sed
324 3329 421 3361 Leid.
439 3351 447 3366 ,
476 3327 545 3358 RE.
576 3345 617 3350 -
644 3327 700 3359 34.
729 3327 839 3360 evolat
860 3328 900 3358 A.
934 3343 968 3350 -
998 3326 1054 3358 36.
1081 3326 1221 3359 aliunde
1247 3327 1285 3357 R.
1316 3340 1358 3348 —
1384 3326 1493 3366 ipsius
1512 3325 1553 3357 R.
1577 3341 1616 3347 -
1642 3326 1698 3358 37.
1727 3334 1768 3357 ac
1794 3325 1835 3355 R.
