2117 3762
859 289 903 330 C.
939 290 1003 330 14.
1041 291 1103 330 15.
1776 291 1854 330 349

106 412 197 441 cum
229 397 346 440 laena
377 395 552 443 faceret,
593 395 705 449 quod
735 399 822 434 erat
861 392 1008 435 flamen
1047 393 1338 442 Carmentalis,
1385 392 1497 449 plebi
1537 399 1677 434 contra
1717 401 1854 449 patres

107 460 382 503 concitatione
420 464 461 499 et
500 456 700 498 seditione
739 457 939 503 nuntiata,
989 464 1033 498 ut
1071 462 1159 497 erat
1188 455 1306 497 laena
1336 455 1533 504 amictus,
1582 457 1638 496 ita
1669 457 1781 497 venit
1812 457 1853 497 in

105 524 342 564 contionem
381 521 709 572 seditionemque
751 532 842 559 cum
884 520 1152 567 auctoritate,
1201 525 1284 560 tum
1316 518 1504 559 oratione
1535 517 1706 560 sedavit.
1770 520 1849 559 Sed

106 598 179 626 eos
210 590 399 625 oratores
429 580 590 622 habitos
621 593 710 621 esse
741 587 809 621 aut
839 580 1005 622 omnino
1037 587 1121 621 tum
1162 580 1289 622 ullum
1330 580 1590 635 eloquentiae
1628 580 1854 636 praemium

107 647 233 688 fuisse
263 645 365 687 nihil
393 657 490 686 sane
520 642 620 684 mihi
650 641 797 697 legisse
831 643 1000 684 videor:
1049 645 1335 684 tautummodo
1373 642 1606 684 coniectura
1646 643 1778 685 ducor
1807 645 1857 684 ad
1876 655 1890 679 ⁵

107 707 413 765 suspicandum.
471 708 538 746 57.
571 705 729 745 Dicitur
759 705 881 746 etiam
906 708 948 747 C.
975 705 1215 752 Flaminius,
1248 707 1306 754 is,
1338 707 1408 760 qui
1431 704 1620 747 tribunus
1642 705 1698 759 pl.
1723 705 1854 759 legem

106 774 158 813 de
180 784 282 824 agro
300 768 454 811 Gallico
479 773 520 807 et
544 766 694 808 Piceno
720 767 873 808 viritim
893 767 1117 809 dividundo
1144 768 1305 815 tulerit,
1338 770 1407 823 qui
1429 767 1570 809 consul
1592 766 1700 823 apud
1727 766 1861 809 Trasi-

105 846 275 875 menum
300 833 352 872 sit
372 828 638 878 interfectus,
672 831 721 870 ad
745 832 943 885 populum
965 830 1142 872 valuisse
1165 830 1354 871 dicendo.
1418 832 1469 880 Q.
1503 831 1626 872 etiam
1656 832 1861 871 Maximus

105 896 362 936 Verrucosus
400 898 544 933 orator
573 891 736 932 habitus
767 899 828 933 est
859 892 1118 946 temporibus
1150 892 1229 934 illis
1260 899 1300 934 et
1344 894 1394 942 Q.
1427 893 1647 942 Metellus,
1690 894 1748 941 is,
1793 894 1862 948 qui

106 957 217 999 bello
248 956 403 996 Punico
434 956 616 996 secundo
647 968 739 996 cum
771 957 816 995 L.
848 956 1019 997 Veturio
1050 955 1223 996 Philone
1253 957 1397 997 consul
1427 955 1519 997 suit.
1599 958 1688 998 XV.
1725 956 1860 1005 Quem
1879 966 1912 990 ¹0

106 1032 206 1061 vero
237 1022 372 1058 exstet
411 1024 453 1058 et
493 1019 543 1058 de
579 1032 660 1073 quo
705 1019 755 1058 sit
786 1017 1011 1059 memoriae
1041 1017 1251 1072 proditum
1283 1017 1544 1073 eloquentem
1578 1018 1705 1060 fuisse
1737 1023 1778 1059 et
1806 1019 1862 1058 ita

107 1095 198 1123 esse
229 1079 440 1127 habitum,
473 1079 631 1134 primus
662 1087 723 1120 est
753 1083 807 1121 M.
843 1079 1060 1122 Cornelius
1093 1081 1320 1133 Cethegus,
1363 1082 1479 1122 cuius
1509 1080 1769 1135 eloquentiae
1800 1085 1863 1121 est

106 1149 273 1191 auctor,
315 1148 356 1183 et
393 1142 567 1183 idoneus
598 1143 764 1197 quidem
797 1157 888 1184 mea
918 1143 1145 1190 sententia,
1190 1143 1238 1192 Q.
1269 1142 1447 1192 Ennius;
1495 1144 1739 1196 praesertim
1771 1155 1862 1183 cum

108 1211 150 1247 et
178 1206 266 1261 ipse
299 1219 394 1246 eum
424 1204 632 1247 audiverit
661 1210 702 1246 et
732 1203 884 1246 scribat
921 1203 972 1245 de
1014 1210 1203 1254 mortuo;
1251 1217 1302 1245 ex
1334 1218 1415 1259 quo
1448 1204 1560 1246 nulla
1590 1204 1770 1258 suspicio
1803 1210 1865 1246 est

106 1269 311 1310 amicitiae
341 1281 462 1309 causa
492 1281 581 1309 esse
614 1269 845 1309 mentitum.
906 1268 974 1308 58.
1018 1269 1090 1308 Est
1128 1266 1255 1320 igitur
1291 1268 1350 1307 sic
1381 1269 1489 1322 apud
1519 1266 1632 1308 illum
1662 1266 1705 1308 in
1733 1280 1860 1315 nono,
1879 1276 1914 1301 ¹⁵

106 1336 152 1373 ut
182 1331 358 1385 opinor,
391 1330 555 1371 annali:

385 1424 555 1465 Additur
586 1429 724 1464 orator
758 1424 954 1465 Corneliu'
983 1424 1269 1477 suaviloquenti

390 1488 469 1528 Ore
501 1487 685 1540 Cetkequs
713 1488 867 1527 Marcu'
905 1484 1104 1527 Tuditano
1132 1487 1300 1540 colleya,

391 1550 524 1590 Marci
552 1550 660 1602 filius
688 1572 742 1579 —
771 1571 825 1578 —

108 1647 161 1687 Et
189 1649 397 1686 oratorem
427 1641 606 1698 appellat
636 1647 675 1683 et
705 1641 1078 1697 suaviloquentiam
1108 1640 1273 1683 tribuit:
1308 1654 1413 1697 quae
1444 1655 1552 1683 nunc
1583 1642 1751 1696 quidem
1781 1654 1863 1682 non
1882 1649 1918 1674 2⁰

110 1714 193 1748 tam
224 1712 287 1748 est
316 1706 358 1747 in
387 1704 619 1760 plerisque3
652 1704 801 1746 latrant
830 1704 938 1745 enim
968 1705 1049 1745 iam
1081 1705 1250 1758 quidam
1280 1710 1488 1753 oratores,
1521 1717 1603 1746 non
1623 1704 1862 1761 loquuntur.

112 1769 193 1811 Sed
222 1776 283 1811 est
312 1782 361 1810 ea
389 1768 478 1810 laus
510 1767 772 1822 eloquentiae
803 1774 913 1808 certe
946 1766 1153 1808 maxima:

389 1885 443 1891 —
473 1884 527 1891 —
557 1862 592 1901 is
625 1862 753 1901 dictus
776 1861 1040 1914 popularibus
1076 1862 1194 1908 olim,

393 1925 473 1974 Qui
506 1930 589 1964 tum
617 1924 794 1964 vivebant
824 1924 998 1964 homines
1028 1929 1142 1977 alque
1175 1936 1312 1964 aevum
1342 1924 1569 1977 ayitabant,

388 1987 482 2027 Flos
511 1985 701 2026 delibatus
724 1987 890 2038 populi:
1883 1990 1917 2017 25

111 2105 167 2113 —
199 2078 333 2136 probe
356 2094 482 2130 vero;
516 2080 584 2121 59.
617 2084 663 2120 ut
685 2079 797 2120 enim
817 2078 998 2120 hominis
1029 2078 1265 2134 ingenium,
1299 2080 1358 2122 sic
1387 2080 1543 2134 ingenii
1572 2079 1701 2135 ipsius
1730 2078 1869 2121 lumen

114 2151 177 2187 est
207 2142 465 2200 eloquentia,
497 2156 579 2198 qua
608 2142 744 2183 virum
773 2141 1042 2182 excellentem
1065 2141 1275 2194 praeclare
1306 2147 1391 2183 tum
1422 2141 1482 2183 illi
1511 2144 1702 2184 homines
1722 2141 1868 2184 florem

113 2207 256 2263 populi
279 2220 369 2248 esse
401 2207 607 2247 dixerunt.
628 2228 684 2236 —
713 2205 942 2258 Suadaeque
966 2205 1147 2245 medulla.
1209 2205 1362 2246 Πειθώ
1394 2219 1515 2260 quam
1536 2211 1683 2247 vocant
1705 2205 1867 2254 Graeci,

115 2271 230 2311 cuius
262 2267 434 2309 effector
464 2273 525 2309 est
555 2272 717 2315 orator,
768 2268 874 2308 hanc
904 2268 1083 2308 Suadam
1121 2267 1340 2323 appellavit
1376 2267 1557 2319 Ennius;
1607 2269 1696 2310 eius
1733 2274 1868 2310 autem

117 2333 341 2385 Cethegum
371 2329 592 2371 medullam
621 2328 749 2371 fuisse
779 2329 886 2376 vult,
915 2335 982 2377 ut,
1014 2343 1137 2386 quam
1169 2329 1288 2371 deam
1318 2329 1361 2371 in
1384 2330 1532 2372 Pericli
1561 2330 1687 2373 labris
1708 2329 1867 2386 scripsit
1883 2339 1918 2364 ⁵0

115 2393 285 2448 Eupolis
305 2394 583 2440 sessitavisse,
616 2391 740 2433 huius
770 2390 836 2432 hic
867 2392 1089 2434 medullam
1112 2399 1300 2434 nostrum
1322 2399 1532 2434 oratorem
1554 2392 1679 2435 fuisse
1701 2393 1866 2435 dixerit.

116 2458 185 2498 60.
225 2458 278 2496 At
305 2456 373 2496 hic
405 2456 610 2508 Cethegus
643 2453 788 2496 consul
818 2467 910 2496 cum
942 2455 986 2498 P.
1019 2455 1223 2496 Tuditano
1254 2454 1331 2496 suit
1361 2455 1470 2498 bello
1502 2456 1656 2498 Punico
1686 2457 1868 2498 secundo

117 2525 394 2574 quaestorque
430 2517 496 2558 his
537 2515 775 2558 consulibus
815 2519 870 2558 M.
913 2517 1012 2557 Cato
1054 2519 1179 2558 modo
1219 2516 1341 2571 plane
1381 2520 1498 2560 annis
1541 2533 1635 2560 cxi..
1680 2524 1773 2560 ante
1803 2531 1868 2558 me

117 2580 356 2629 consulem,
389 2585 428 2621 et
457 2578 500 2620 id
530 2580 665 2634 ipsum
698 2578 779 2620 nisi
807 2579 929 2620 unius
962 2585 1070 2620 esset
1089 2581 1211 2620 Ennii
1241 2580 1478 2624 testimonio
1499 2582 1732 2637 cognitum,
1763 2583 1870 2622 hunc

117 2649 326 2692 vetustas,
373 2647 419 2683 ut
457 2640 560 2682 alios
599 2639 774 2682 fortasse
814 2642 991 2690 multos,
1038 2639 1249 2683 oblivione
1293 2643 1515 2685 obruisset.
1577 2643 1690 2685 Illius
1731 2647 1868 2684 autem
1883 2649 1918 2676 ³⁵

119 2705 262 2746 aetatis
292 2705 362 2760 qui
391 2717 527 2745 sermo
559 2702 705 2750 suerit,
739 2717 791 2744 ex
820 2703 1038 2745 Naevianis
1068 2703 1231 2758 scriptis
1261 2705 1434 2760 intelligi
1456 2712 1605 2760 potest.
1666 2705 1739 2745 His
1760 2705 1869 2745 enim

121 2765 379 2814 consulibus,
412 2772 457 2808 ut
484 2767 527 2806 in
557 2765 768 2806 veteribus
799 2766 1104 2808 commentariis
1134 2767 1332 2821 scriptum
1355 2775 1440 2816 est,
1473 2771 1649 2810 Naevius
1679 2772 1740 2808 est
1760 2780 1872 2807 mor-

122 2834 235 2870 tuus:
276 2842 524 2885 quamquam
555 2832 687 2871 Varro
719 2834 888 2877 noster,
927 2828 1267 2882 diligentissimus
1297 2832 1566 2885 investigator
1595 2828 1867 2884 antiquitatis,

215 2957 250 2988 1.
272 2955 366 2996 plebi
395 2955 505 2988 Codd.
534 2957 646 2989 collati
684 2959 821 2996 praeter
857 2955 960 2987 Vnt-z
992 2955 1104 2995 plebei
1135 2956 1211 2989 Vnt.
1239 2957 1280 2989 E.
1317 2974 1353 2981 —
1397 2957 1431 2988 2.
1460 2957 1523 2989 Vv.
1549 2960 1581 2988 et
1611 2956 1779 2988 seditione
1811 2963 1871 2988 su-

123 3007 241 3044 specta
268 3002 442 3034 Ellendtio
469 3009 608 3043 propter
632 3011 707 3043 seq.
734 3002 1010 3041 seditionemque.
1040 3018 1079 3025 —
1123 3004 1157 3035 7.
1184 3003 1375 3035 dividundo
1399 3003 1459 3043 Lg.
1487 3003 1520 3034 8.
1539 3003 1604 3035 20.
1631 3004 1688 3035 51.
1716 3003 1805 3036 Ven.
1833 3003 1868 3034 1.

125 3051 275 3090 legitima
313 3050 347 3079 in
385 3049 515 3089 tegibus
553 3050 683 3082 forma:
727 3049 912 3080 dividendo
938 3049 974 3080 E.
1008 3065 1046 3072 —
1091 3048 1338 3082 Trasumenum
1377 3057 1453 3080 cum
1493 3049 1558 3081 Gu.
1587 3050 1619 3080 1.
1643 3049 1686 3080 Τ.
1727 3066 1766 3073 -
1809 3047 1868 3081 23.

124 3098 237 3129 diceus
268 3094 379 3127 Codd.
407 3098 500 3130 noti.
538 3096 684 3128 Lamb.:
722 3096 834 3127 dictus
862 3096 939 3126 ollis
964 3094 1047 3132 RE,
1086 3096 1212 3128 dictust
1239 3097 1315 3128 ollis
1340 3095 1533 3127 Gronovius
1559 3097 1593 3127 in
1619 3095 1706 3128 Gell.
1733 3096 1799 3133 12.
1832 3095 1868 3126 ⁶2.

124 3143 170 3175 Ut
195 3142 305 3175 Codd.
333 3141 441 3180 dant,
479 3142 719 3183 coniungenda
752 3146 831 3174 sunt
857 3145 890 3174 in
917 3149 1023 3172 unum
1051 3143 1256 3175 versiculum
1284 3152 1335 3175 vv.
1361 3143 1391 3172 is
1416 3159 1429 3165 -
1455 3142 1535 3174 olim
1561 3150 1637 3174 cum
1664 3143 1728 3174 tllis
1752 3141 1871 3174 Marci

125 3189 229 3232 filius.
278 3188 346 3220 Sed
373 3187 534 3228 equidem
562 3191 762 3220 etiamnunc
786 3189 987 3228 propendeo
1013 3189 1047 3219 in
1076 3187 1238 3221 Gronovit
1266 3190 1457 3225 rationem:
1484 3197 1561 3220 nam
1588 3191 1716 3221 omisso
1740 3198 1772 3222 v.
1793 3188 1871 3220 ollis

127 3236 237 3277 (quod
264 3234 329 3266 Ed.
359 3237 518 3272 princeps
542 3235 724 3267 manifesto
750 3238 936 3275 assumpsit
957 3243 996 3266 ex
1022 3234 1172 3273 Gemm)
1209 3239 1300 3266 totus
1327 3236 1421 3266 locus
1447 3234 1611 3276 languere
1637 3237 1720 3268 mihi
1747 3236 1868 3267 saltem

126 3283 277 3316 videtur.
306 3281 372 3313 On.
403 3297 439 3304 —
474 3280 531 3312 24.
559 3281 710 3321 ayebant
735 3281 811 3312 tibi-t
846 3285 1001 3321 (praeter
1026 3280 1087 3320 Lg.
1114 3282 1168 3314 20.
1197 3281 1292 3316 Vnt.)
1326 3286 1360 3314 et
1384 3281 1426 3313 R.
1477 3281 1726 3322 (Emendatum
1753 3287 1803 3316 est
1828 3288 1870 3312 ex

129 3329 267 3366 Gellto;
308 3329 428 3361 vitium
457 3328 618 3366 praetulit
641 3325 770 3367 Peter.)
795 3343 840 3348 —
879 3328 936 3359 26.
961 3327 1138 3367 inqenium
1169 3327 1253 3359 Cod.
1283 3327 1481 3368 Borromei,
1522 3329 1581 3370 Lg.
1609 3331 1666 3362 51.
1696 3330 1781 3360 Ven.
1809 3327 1865 3358 1.:

129 3377 234 3409 decus
257 3375 432 3417 inqenium
456 3382 533 3406 cum
559 3373 669 3406 Codd.
695 3374 870 3414 plerisque
895 3375 934 3407 E.
959 3391 995 3398 —
1025 3373 1081 3406 30.
1107 3374 1230 3407 Pericli
1255 3373 1364 3407 Codd.
1391 3383 1532 3409 omnes:
1559 3377 1700 3410 Periclis
1724 3375 1763 3407 E.
