2117 3762
257 212 340 254 486
783 200 1085 247 ORATORIAE
1114 200 1462 244 PARTITIONES

255 316 448 362 defensor
466 313 732 358 iracundiam.
788 312 854 354 59.
882 306 1147 350 Enumeratio
1169 307 1328 364 reliqua
1348 312 1431 356 est,
1464 319 1760 362 nonnunquam
1780 306 1998 358 laudatori,

254 382 412 424 suasori
442 393 523 421 non
552 389 696 430 saepe,
726 370 954 415 accusatori
984 368 1147 424 saepius
1179 384 1303 423 quam
1332 383 1405 411 reo
1435 370 1683 411 necessaria.
1747 371 1880 412 Huius
1910 371 2000 425 ipsa

253 450 443 497 tempora
473 444 553 482 duo
583 442 701 485 sunt,
735 437 768 476 si
798 439 868 476 aut
896 432 1123 475 memoriae
1149 431 1308 473 diffidas
1330 445 1495 480 eorum,
1528 434 1636 487 apud
1657 445 1761 487 quos
1782 446 1901 487 agas,
1932 435 2001 476 vel

253 504 467 548 intervallo
496 500 692 556 temporis
721 497 787 539 vel
816 494 1071 550 longitudine
1101 493 1321 542 orationis,
1352 501 1422 536 aut
1441 494 1710 551 frequentatis
1730 493 1999 537 firmamentis

223 566 449 610 sorationis
481 569 519 605 et
547 562 730 603 breviter
760 558 959 615 expositis
988 557 1073 599 vim
1103 562 1165 597 est
1193 556 1386 598 habitura
1415 559 1537 599 causa
1567 559 1783 599 maiorem.
1843 560 1909 602 60.
1948 561 2001 601 Et

252 643 326 673 reo
354 626 487 670 rarius
518 623 715 667 utendum
746 628 829 670 est,
862 619 974 677 quod
1000 617 1190 675 ponenda
1210 625 1306 660 sunt
1325 620 1553 669 contraria,
1586 634 1763 677 quorum
1784 621 1998 664 dissolutio

250 693 293 735 in
330 691 530 732 brevitate
573 699 657 728 non
694 684 871 734 lucebit,
919 683 1052 725 aculei
1097 687 1297 736 pungent.
1359 683 1440 723 Sed
1483 684 1561 725 erit
1601 685 1643 725 in
1688 686 2000 726 enumeratione

249 754 485 800 vitandum,
532 764 584 791 ne
624 748 842 791 ostentatio
879 744 1105 787 memoriae
1143 750 1333 800 suscepta
1361 746 1555 787 videatur
1585 760 1673 788 esse
1703 746 1893 801 puerilis.
1953 747 2001 790 Id

252 814 444 868 effugiet,
492 812 564 868 qui
602 825 686 853 non
727 812 866 852 omnia
900 809 1068 850 minima
1107 813 1291 861 repetet,
1339 809 1411 849 sed
1448 810 1568 851 brevi
1607 809 1766 865 singula
1796 809 2000 865 attingens

199 893 234 919 10
249 879 431 933 pondera
460 889 601 917 rerum
632 877 721 928 ipsa
749 872 1083 929 comprehendet.

357 940 509 983 XVIII.
543 941 610 980 61.
645 940 687 980 C.
708 940 753 979 F.
788 936 995 987 Quoniam
1024 941 1065 977 et
1095 936 1145 976 de
1175 934 1267 989 ipso
1299 939 1468 976 oratore
1499 936 1612 976 etde
1632 936 1818 980 oratione
1840 937 1997 988 dixisti,

248 1015 409 1056 expone
448 1015 543 1043 eum
578 999 680 1043 mihi
709 1013 837 1048 nunc,
885 1013 1009 1054 quem
1040 1013 1092 1040 ex
1122 996 1256 1039 tribus
1288 1002 1520 1039 extremum
1549 999 1829 1052 proposuisti,
1875 1014 2002 1056 quae-

247 1065 392 1107 stionis
435 1065 586 1105 locum.
648 1065 692 1106 C.
724 1065 769 1104 P.
811 1066 904 1104 Duo
942 1067 1053 1108 sunt,
1099 1066 1146 1101 ut
1183 1060 1299 1101 initio
1341 1059 1447 1108 dixi,
1494 1061 1782 1115 quaestionum
1820 1077 1998 1118 genera,

248 1141 424 1182 quorum
454 1128 627 1168 alterum
656 1125 814 1168 finitum
845 1122 1102 1180 temporibus
1132 1128 1172 1164 et
1190 1123 1378 1178 personis
1409 1136 1571 1164 causam
1604 1123 1794 1177 appello,
1827 1125 2000 1168 alterum

198 1204 233 1230 as
248 1189 449 1232 infinitum
489 1189 608 1231 nullis
652 1202 786 1245 neque
821 1187 1009 1243 personis
1049 1199 1183 1242 neque
1222 1186 1478 1240 temporibus
1517 1192 1704 1229 notatum
1739 1189 2001 1242 propositum

248 1267 368 1295 voce.
431 1252 513 1294 Sed
544 1258 606 1293 est
632 1252 892 1305 propositum
914 1251 1031 1306 quasi
1052 1249 1177 1291 latior
1196 1262 1290 1305 pars
1312 1261 1457 1290 causae
1479 1249 1698 1305 quaedam.
1759 1253 1870 1292 Inest
1891 1252 2001 1292 enim

247 1314 451 1357 infinitum
480 1316 522 1356 in
552 1313 719 1356 definito
753 1319 793 1355 et
833 1313 884 1355 ad
920 1311 1023 1354 illud
1058 1317 1196 1354 tamen
1235 1313 1476 1354 referuntur
1515 1312 1666 1356 omnia.
1740 1315 1806 1354 62.
1847 1315 2001 1364 Quam-

248 1380 393 1420 obrem
423 1377 535 1433 prius
566 1377 616 1419 de
652 1376 869 1432 proposito
902 1375 1108 1417 dicamus:
1156 1374 1273 1417 cuius
1304 1388 1457 1430 genera
1488 1380 1581 1417 sunt
1611 1378 1718 1424 duo,
1749 1375 1996 1430 cognitionis

248 1442 445 1490 alterum;
478 1440 565 1482 eius
597 1440 766 1481 scientia
797 1445 859 1480 est
886 1438 993 1487 finis,
1027 1444 1086 1487 ut,
1118 1438 1262 1479 verine
1293 1439 1375 1478 sint
1403 1453 1570 1480 sensus:
1604 1438 1780 1480 alterum
1801 1440 1998 1489 actionis;

196 1521 233 1547 20
249 1502 359 1559 quod
387 1503 564 1544 refertur
593 1501 645 1544 ad
674 1501 934 1544 efficiendum
962 1500 1081 1556 quid,
1111 1507 1176 1549 ut,
1208 1500 1243 1542 si
1264 1507 1509 1557 quaeratur,
1541 1502 1693 1558 quibus
1724 1501 1871 1544 officiis
1901 1500 2001 1543 ami-

246 1568 342 1608 citia
373 1565 544 1607 colenda
575 1564 640 1606 sit.
698 1567 854 1606 Rursus
895 1564 1119 1620 superioris
1159 1577 1310 1619 genera
1350 1569 1444 1606 sunt
1471 1567 1569 1607 tria:
1620 1565 1672 1606 sit
1701 1578 1852 1615 necne,
1900 1569 2000 1623 quid

245 1631 317 1678 sit,
349 1628 467 1685 quale
499 1627 564 1669 sit.
627 1627 687 1669 Sit
716 1641 865 1669 necne:
897 1633 967 1676 ut,
999 1627 1062 1669 ius
1092 1628 1135 1668 in
1163 1633 1363 1669 naturane
1394 1629 1448 1669 sit
1477 1642 1529 1669 an
1558 1628 1601 1669 in
1631 1641 1748 1670 more
1760 1643 1770 1679 ;
1802 1628 1902 1684 quid
1927 1644 2000 1671 au-

245 1696 331 1733 tem
362 1691 432 1738 sit,
466 1690 545 1732 sic:
576 1691 682 1732 sitne
712 1692 777 1732 ius
808 1689 872 1739 id,
906 1692 1018 1745 quod
1049 1691 1195 1732 maiori
1225 1691 1333 1744 parti
1365 1692 1415 1732 sit
1443 1691 1566 1741 utile3
1600 1691 1721 1747 quale
1753 1697 1891 1733 autem
1921 1694 1995 1743 sit,

246 1755 324 1796 sic:
369 1755 475 1795 iuste
504 1754 645 1795 vivere
676 1754 728 1795 sit
756 1767 886 1794 necne
915 1753 1032 1795 utile.
1095 1755 1163 1795 63.
1208 1753 1392 1795 Actionis
1422 1759 1557 1795 autem
1590 1756 1672 1795 duo
1703 1759 1799 1795 sunt
1828 1768 1997 1810 genera:

196 1831 394 1865 25unum‚
426 1815 477 1857 ad
504 1818 839 1871 persequendum
869 1816 1026 1872 aliquid
1056 1821 1127 1857 aut
1157 1818 1464 1864 declinandum,
1495 1823 1561 1865 ut,
1593 1816 1742 1872 quibus
1767 1819 1892 1859 rebus
1912 1818 2000 1860 adi-

244 1880 347 1934 pisci
394 1877 567 1933 gloriam
605 1881 739 1934 possis
780 1884 850 1920 aut
891 1878 1101 1935 quomodo
1142 1879 1298 1921 invidia
1335 1879 1508 1930 vitetur;
1558 1879 1756 1929 alterum,
1805 1883 1916 1936 quod
1946 1882 1999 1922 ad

246 1943 414 1997 aliquod
452 1944 716 1984 commodum
754 1956 958 1997 usumque
994 1941 1198 1991 refertur,
1248 1948 1318 1992 ut,
1365 1944 1715 1998 quemadmodum
1747 1942 1798 1983 sit
1826 1957 1894 1984 res
1922 1957 1999 1999 pu-

243 2004 350 2046 bliea
391 2003 714 2047 administranda
753 2011 823 2047 aut
868 2007 1220 2060 quemadmodum
1259 2005 1301 2046 in
1340 2010 1585 2059 paupertate
1625 2005 1863 2047 vivendum.
1925 2007 1993 2047 64.

244 2070 397 2109 Rursus
428 2073 564 2109 autem
595 2083 647 2110 ex
677 2068 926 2123 cognitionis
956 2068 1277 2115 consultatione,
1315 2068 1411 2117 ubi,
1453 2068 1505 2109 sit
1533 2082 1662 2110 necne
1693 2068 1744 2109 sit
1774 2074 1844 2109 aut
1872 2068 1998 2110 fuerit

197 2143 232 2171 :³0
244 2130 478 2172 futurumve
510 2132 586 2180 sit,
619 2133 855 2188 quaeritur,
896 2145 1025 2172 unum
1056 2145 1185 2185 genus
1216 2136 1278 2172 est
1308 2131 1582 2186 quaestionis,
1623 2131 1808 2185 possitne
1839 2131 1996 2187 aliquid

246 2191 374 2241 effici,
414 2198 477 2241 ut,
516 2208 609 2236 cum
642 2194 874 2249 quaeritur,
913 2195 1149 2249 ecquisnam
1179 2193 1362 2249 perfecte
1393 2195 1553 2249 sapiens
1586 2207 1676 2235 esse
1705 2193 1856 2248 possit;
1898 2193 1998 2236 alte-

243 2269 361 2305 rum,
410 2256 757 2313 quemadmodum
789 2258 971 2313 quidque
1001 2254 1091 2305 fiat,
1142 2262 1209 2305 ut,
1260 2270 1440 2312 quonam
1470 2262 1591 2310 pacto
1621 2258 1751 2299 virtus
1780 2257 1993 2312 pariatur,

243 2324 439 2361 naturane
469 2334 520 2361 an
550 2319 709 2362 ratione
740 2333 793 2360 an
823 2333 916 2361 usu.
981 2319 1105 2361 Cuius
1137 2319 1301 2373 generis
1331 2325 1426 2361 sunt
1457 2333 1616 2368 omnes,
1664 2318 1706 2360 in
1737 2320 1909 2374 quibus,
1951 2325 1998 2361 ut

243 2379 286 2422 in
307 2383 493 2424 obscuris
513 2382 850 2437 naturalibusque
873 2381 1209 2437 quaestionibus,
1242 2396 1390 2424 causae
1418 2383 1681 2438 rationesque
1702 2396 1842 2424 rerum
1865 2382 1996 2438 expli-

194 2449 398 2486 ascantur.
455 2447 569 2486 XIX.
604 2447 671 2487 65.
716 2445 829 2487 Illius
868 2450 1005 2486 autem
1047 2446 1234 2499 generis,
1282 2447 1325 2486 in
1356 2458 1462 2502 quo,
1513 2447 1610 2501 quid
1641 2445 1692 2488 sit
1720 2446 1783 2495 id,
1830 2447 1881 2486 de
1911 2458 1994 2501 quo

245 2505 402 2560 agitur,
435 2509 662 2562 quaeritur,
696 2509 776 2549 duo
809 2513 903 2549 sunt
931 2521 1102 2563 genera:
1142 2522 1318 2564 quorum
1348 2509 1390 2549 in
1420 2508 1551 2551 altero
1583 2507 1873 2563 disputandum
1906 2514 1991 2558 est,

245 2568 354 2610 aliud
385 2584 436 2610 an
465 2571 575 2611 idem
606 2571 680 2620 sit,
712 2576 777 2618 ut,
820 2571 1043 2626 pertinacia
1075 2576 1116 2612 et
1144 2573 1476 2625 perseverantia;
1521 2571 1562 2613 in
1594 2572 1724 2613 altero
1755 2577 1890 2612 autem
1922 2573 1994 2613 de-

244 2632 413 2686 scriptio
445 2634 606 2688 generis
637 2634 808 2676 alicuius
839 2640 878 2675 et
909 2634 1027 2690 quasi
1055 2633 1191 2689 imago
1233 2639 1294 2676 est
1333 2636 1623 2688 exprimenda,
1668 2640 1734 2683 ut,
1779 2634 1912 2690 qualis
1941 2634 1994 2676 sit

335 2739 369 2769 2.
395 2740 472 2779 ipsa
497 2742 653 2779 tempora
678 2740 731 2777 R,
768 2739 899 2772 Aldus:
938 2745 1098 2782 tempora
1136 2739 1218 2781 (om.
1252 2740 1341 2782 ipsa)
1367 2741 1420 2779 V,
1465 2741 1609 2779 Lamb.,
1648 2740 1687 2771 E.
1717 2757 1757 2762 —
1799 2741 1832 2773 5.
1861 2739 1921 2781 est]
1948 2742 1992 2772 sit

245 2784 365 2816 Lamb.
392 2802 436 2807 -—-
471 2786 506 2816 7.
533 2794 605 2816 non
630 2787 752 2818 lucebit
778 2788 830 2824 Y,
860 2787 968 2820 Oxon.
997 2789 1103 2820 alter:
1131 2788 1253 2820 lucebit
1279 2790 1362 2828 (om.
1389 2788 1473 2826 non)
1502 2788 1584 2825 RV,
1614 2787 1725 2819 Oxon.
1752 2788 1859 2826 alter,
1887 2788 1927 2820 E.
1950 2803 1990 2810 —

245 2832 279 2862 9.
307 2832 398 2863 brevi
421 2833 624 2864 Manutius:
663 2833 780 2865 brevia
804 2834 863 2865 RE
881 2858 888 2872 ,
930 2834 1077 2867 breviter
1102 2835 1284 2868 Sebutzius
1312 2837 1401 2866 coni.
1431 2835 1494 2871 (De
1524 2835 1553 2865 V
1579 2843 1646 2865 non
1673 2832 1813 2875 liquet.)
1850 2851 1888 2857 —
1932 2834 1988 2866 14.

246 2877 398 2919 eausam]
426 2881 693 2911 controversiam
720 2889 858 2912 causam
885 2881 935 2915 R,
964 2891 1107 2913 causam
1133 2884 1406 2913 controversiam
1431 2881 1473 2913 V.
1503 2882 1559 2917 (Ut
1584 2891 1669 2920 nos,
1689 2881 1747 2917 Y.)
1773 2898 1814 2904 —
1842 2880 1897 2912 16.
1925 2881 1992 2913 Sed

247 2929 295 2956 est
318 2927 533 2965 propositum
558 2927 658 2967 quasi
681 2927 789 2958 latior
812 2936 898 2967 pars
924 2937 1049 2960 causae
1075 2927 1256 2969 quaedam]
1288 2929 1345 2960 Sic
1365 2937 1572 2967 componere
1600 2933 1743 2960 conatus
1769 2936 1845 2960 sum
1871 2929 1988 2960 turbas

249 2970 356 3002 Codd.
379 2976 411 3004 et
429 2972 517 3003 Edd.
569 2972 634 3004 Sed
649 2978 699 3004 est
713 2975 920 3006 consultatio
937 2977 1137 3016 quasipars
1156 2984 1282 3007 causae
1299 2976 1469 3017 quaedam
1483 2979 1514 3007 et
1527 2977 1782 3007 controversiae
1797 2975 1859 3006 RE
1872 2998 1881 3011 ‚
1908 2977 1990 3007 item

247 3016 305 3053 V..
325 3017 384 3049 sed
404 3027 470 3049 om.
487 3022 528 3051 et.
578 3019 642 3051 Sed
660 3023 706 3052 est
723 3022 942 3062 propositum
961 3022 1067 3053 latius
1085 3025 1184 3064 quasi
1200 3032 1286 3063 pars
1304 3031 1343 3055 ex
1361 3023 1389 3053 Y
1408 3023 1507 3054 affert
1524 3023 1651 3054 Brutus
1664 3046 1672 3059 ‚
1699 3022 1758 3054 sed
1773 3023 1991 3062 propositum

246 3063 353 3094 latior
376 3072 459 3102 pars
483 3068 733 3098 controversiae
758 3077 860 3108 quam
886 3077 1010 3101 causae
1035 3069 1144 3102 Paiat.
1174 3073 1339 3109 quintus;
1369 3069 1425 3101 alii
1454 3069 1606 3110 denique
1633 3070 1743 3101 aliter.
1773 3085 1814 3090 —
1852 3068 1908 3099 20.
1936 3068 1990 3108 fa-

247 3110 402 3140 ciendum
427 3111 465 3140 Y.
493 3129 534 3134 —
560 3121 767 3152 quaeramus
792 3115 834 3146 R.
864 3130 903 3138 -
929 3115 986 3146 21.
1013 3125 1116 3148 necne
1140 3118 1206 3150 sit,
1235 3117 1317 3157 quid
1343 3115 1465 3147 Lamb.
1495 3133 1531 3139 —
1568 3117 1624 3148 22.
1651 3124 1754 3148 necne
1780 3116 1851 3147 sit.-
1876 3117 1915 3145 υτ
1943 3115 1986 3153 R,

247 3155 368 3187 Lamb.
397 3172 437 3178 —
462 3158 499 3188 in
522 3163 697 3191 naturane
723 3160 752 3192 V
775 3162 927 3202 aliique:
954 3164 991 3193 in
1014 3167 1145 3195 natura
1169 3163 1241 3194 RE.
1274 3179 1308 3185 —
1348 3162 1405 3194 23.
1433 3164 1497 3199 sit,
1524 3165 1600 3195 sic:
1637 3163 1725 3194 sitne
1748 3177 1762 3184 ·
1786 3178 1800 3185 -
1826 3163 1891 3199 sit,
1917 3163 1986 3193 sic:

246 3203 335 3234 iuste
360 3201 422 3233 Ed.
450 3203 534 3234 Ven.
571 3210 604 3237 et
635 3208 683 3237 sic
716 3209 901 3248 utrobique
928 3212 1081 3249 agnoscit
1104 3211 1151 3248 V,
1191 3212 1253 3241 etsi
1281 3212 1459 3249 ceteroqui
1486 3214 1690 3250 corruptus:
1719 3209 1785 3241 sit:
1825 3208 1911 3239 sitne
1935 3223 1949 3229 -
1972 3223 1987 3230 —

245 3250 315 3280 sit:
340 3249 427 3280 iuste
454 3247 509 3289 (R)
536 3250 576 3281 E.
608 3268 640 3273 —
677 3254 734 3285 27.
761 3255 938 3296 referatur
962 3256 1036 3290 RV.
1065 3274 1104 3280 —
1145 3256 1202 3288 29.
1229 3254 1285 3297 ex]
1311 3257 1349 3288 in
1374 3256 1494 3288 Lamb.
1524 3274 1560 3280 —
1605 3256 1661 3289 38.
1690 3259 1738 3288 est
1762 3254 1986 3295 exprimenda

245 3294 331 3328 RV:
356 3296 584 3336 exprimenda
609 3301 658 3330 est
681 3300 721 3332 E.
