2117 3762
566 298 635 337 AD
674 297 728 337 M.
762 296 973 336 BRUTUM
1006 294 1049 335 C.
1084 294 1151 334 kt.
1186 293 1254 333 542.
1700 295 1778 334 431

35 417 147 446 mum
185 408 314 453 esset;
366 403 406 444 in
445 402 572 443 altera
609 400 983 456 praescriptionum
1015 400 1333 453 cautionumque
1364 395 1624 452 praeceptio,
1678 410 1782 451 quae

33 464 197 521 quidem
228 467 316 522 ipsa
345 464 542 507 auxilium
573 461 625 503 ab
655 462 888 517 eloquentia
921 476 1045 515 saepe
1086 466 1266 516 peteret.
1315 473 1364 500 ea
1394 472 1494 500 vero
1525 466 1782 511 repugnante

32 529 103 569 vix
133 542 226 569 suas
256 527 451 581 regiones
482 525 666 580 finesque
699 524 952 566 defenderet.
1016 525 1107 565 142.
1142 525 1224 565 Cur
1245 522 1369 576 igitur
1390 520 1452 562 ius
1480 520 1600 561 civile
1632 522 1783 561 docere

31 603 197 645 semper
235 590 451 646 pulchrum
489 587 566 629 fuit
603 587 901 643 hominumque
942 587 1267 628 clarissimorum
1309 582 1519 638 discipulis
1552 584 1785 624 floruerunt

32 654 201 694 domus:
246 652 297 694 ad
326 649 546 693 dicendum
577 649 608 691 si
640 652 730 705 quis
760 658 878 691 acuat
906 656 978 691 aut
1007 648 1174 690 adiuvet
1203 648 1243 688 in
1276 662 1326 688 eo
1358 647 1634 693 iuventutem,
1679 646 1814 687 vitu-s

31 717 223 770 peretur?
273 716 374 755 Nam
403 714 437 754 si
467 713 661 753 vitiosum
693 718 754 753 est
784 714 921 753 dicere
952 717 1120 758 ornate,
1164 709 1338 764 pellatur
1369 709 1537 750 omnino
1569 722 1590 749 e
1622 706 1785 748 civitate

32 778 283 832 eloquentia.
345 777 416 816 Sin
459 788 506 816 ea
546 788 628 816 non
668 774 791 816 modo
832 788 903 816 eos
943 780 1082 822 ornat,
1129 786 1257 826 penes
1295 785 1398 826 quos
1432 777 1513 819 est,
1559 771 1632 812 scd
1664 769 1786 811 etiam

32 840 265 881 universam
294 851 382 880 rem
423 836 651 892 publicam,
698 851 770 878 cur
802 844 871 878 aut
900 838 1060 878 discere
1093 841 1213 888 turpe
1245 839 1331 882 cst,
1381 832 1493 888 quod
1522 833 1625 874 scire
1656 834 1787 874 hone-

31 907 139 943 stum
178 906 259 951 est;
308 905 401 946 aut,
447 901 557 954 quod
598 913 718 941 nosse
757 899 1082 952 pulcherrimum
1123 903 1203 944 cst,
1248 897 1290 936 id
1328 910 1414 936 non
1453 897 1684 948 gloriosum
1725 900 1788 936 est

31 965 212 1005 docere?
250 985 305 993 -
353 964 480 1003 XLll.
518 964 610 1003 143.
644 964 696 1002 At
724 962 898 1003 alterum
928 961 1156 1004 factitatum
1188 964 1275 1007 cst,
1324 958 1498 999 alterum
1528 973 1699 999 novum.
1731 975 1838 1000 -ιο

31 1027 200 1066 Fateor:
244 1026 317 1066 sed
347 1025 561 1080 utriusque
593 1026 656 1066 rei
689 1038 810 1066 causa
843 1030 918 1065 est.
979 1023 1144 1065 Alteros
1174 1021 1282 1063 enim
1315 1020 1611 1076 respondentes
1641 1022 1786 1062 audire

30 1093 92 1128 sat
112 1091 222 1135 erat,
253 1092 300 1128 ut
319 1086 369 1134 ii,
401 1088 471 1142 qui
502 1089 720 1134 docerent,
753 1085 909 1127 nullum
941 1085 1018 1126 sibi
1048 1085 1099 1126 ad
1131 1098 1219 1126 cam
1252 1097 1340 1125 rem
1373 1089 1536 1136 tempus
1567 1082 1644 1138 ipsi
1666 1096 1787 1138 sepo-

30 1154 196 1198 nerem,
229 1148 303 1191 sed
332 1148 479 1190 eodem
511 1154 698 1204 tempore
730 1156 769 1189 et
799 1147 1052 1189 discentibus
1083 1146 1371 1188 satisfacerent
1402 1153 1440 1188 et
1461 1146 1784 1188 consulentibus.

28 1211 178 1261 Alteri,
211 1225 305 1253 cum
335 1212 607 1253 domesticum
640 1218 803 1264 tempus
833 1212 875 1251 in
905 1208 1205 1265 cognoscendis
1236 1210 1615 1263 componendisque
1637 1208 1786 1257 causis,

28 1274 194 1316 forense
226 1275 269 1315 in
299 1276 491 1329 agendi5‚
539 1274 744 1328 reliquum
784 1274 827 1314 in
858 1288 901 1314 se
931 1272 1031 1328 ipsis
1061 1271 1295 1314 reficiendis
1326 1285 1448 1312 omne
1480 1277 1836 1319 consumerent‚1⁵

30 1348 155 1390 quem
185 1335 392 1378 habebant
421 1335 661 1377 instituendi
691 1340 760 1376 aut
791 1334 966 1376 docendi
996 1334 1162 1376 locum?
1201 1335 1335 1388 Atque
1366 1334 1473 1374 haud
1505 1332 1590 1374 scio
1622 1346 1673 1374 an
1703 1332 1790 1388 ple-

30 1397 150 1452 rique
180 1404 417 1440 nostrorum
450 1404 662 1439 oratorum
692 1398 860 1452 ingenio
892 1397 985 1451 plus
1015 1396 1219 1438 valuerint
1245 1410 1367 1450 quam
1388 1395 1586 1439 doctrina.
1645 1396 1788 1450 Itaque

30 1459 90 1502 illi
132 1461 271 1502 dicere
309 1461 456 1502 melius
497 1473 619 1515 quam
662 1461 924 1515 praecipere,
975 1473 1052 1501 nos
1091 1465 1235 1502 contra
1264 1460 1439 1500 fortasse
1468 1471 1702 1514 possumus.
1734 1479 1788 1488 ——

34 1522 128 1565 1lsls.
152 1525 204 1564 At
225 1522 464 1576 dignitatem
497 1524 649 1564 docere
680 1535 765 1563 non
795 1521 934 1563 habet.
955 1545 1009 1552 —
1041 1522 1184 1571 Certe,
1218 1521 1251 1562 si
1284 1522 1401 1577 quasi
1431 1522 1474 1562 in
1504 1521 1621 1570 ludo;
1651 1518 1723 1561 sed
1753 1521 1788 1561 si

31 1588 261 1634 monendo,
292 1585 327 1627 si
357 1586 643 1633 cohortando,
677 1584 709 1626 si
732 1584 1039 1641 percontando,
1071 1584 1105 1625 si
1126 1582 1494 1631 communicando,
1527 1583 1560 1623 si
1581 1583 1786 1624 interdum
1801 1597 1836 1622 πο

32 1649 155 1689 etiam
185 1662 267 1690 una
296 1647 496 1703 legendo,
542 1649 770 1695 audiendo,
819 1650 961 1690 nescio
992 1662 1086 1695 cur,
1133 1660 1225 1688 cum
1256 1645 1443 1687 docendo
1475 1646 1598 1686 etiam
1629 1644 1787 1700 aliquid

31 1710 254 1767 aliquando
273 1712 407 1766 possis
427 1711 622 1752 meliores
643 1709 806 1759 facere,
839 1725 913 1752 cur
942 1711 1080 1752 nolis?
1110 1712 1196 1757 An,
1228 1707 1376 1765 quibus
1406 1709 1547 1750 verbis
1577 1722 1787 1750 sacrorum

32 1773 224 1814 alienatio
254 1772 344 1821 fiat,
394 1775 547 1814 docere
576 1775 798 1815 honestum
830 1779 912 1822 est,
957 1778 1003 1814 ut
1033 1778 1114 1821 est;
1163 1774 1313 1827 quibus
1351 1773 1442 1825 ipsa
1472 1785 1587 1813 sacra
1618 1773 1786 1813 retineri

31 1834 280 1890 defendique
317 1835 495 1891 possint,
541 1850 624 1877 non
662 1836 879 1877 honestum
919 1838 1008 1877 est?
1060 1837 1154 1876 145.
1186 1840 1237 1877 At
1265 1834 1329 1876 ius
1360 1833 1607 1887 profitentur
1637 1836 1785 1883 etiam,

32 1898 103 1951 qui
132 1897 346 1947 nesciunt3
400 1897 638 1953 eloquentia
667 1905 803 1940 autem
834 1898 893 1939 illi
922 1897 1026 1953 ipsi,
1072 1899 1144 1952 qui
1174 1898 1384 1939 consecuti
1415 1903 1529 1946 sunt,
1572 1903 1710 1938 tamen
1741 1912 1784 1938 se
1799 1907 1835 1934 2⁵

30 1958 171 2002 valere
200 1959 479 2009 dissimulant,
523 1965 746 2015 propterea
779 1959 892 2015 quod
921 1961 1140 2013 prudentia
1170 1958 1407 2001 hominibus
1438 1966 1553 2014 grata
1582 1965 1664 2010 est,
1710 1960 1788 2001 lin-

31 2035 114 2076 gua
154 2028 360 2076 suspecta.
421 2026 525 2064 Num
564 2022 689 2077 igitur
728 2029 798 2064 aut
838 2024 967 2064 latere
1005 2022 1240 2078 eloquentia
1279 2027 1416 2077 potest
1454 2028 1525 2064 aut
1564 2022 1627 2072 id,
1676 2023 1788 2078 quod

33 2083 284 2134 dissimulat,
332 2083 476 2140 effugit
514 2092 583 2126 aut
622 2090 683 2126 est
722 2085 977 2140 periculum,
1029 2100 1082 2126 ne
1113 2086 1204 2140 quis
1233 2089 1352 2138 putet
1380 2085 1422 2126 in
1453 2098 1602 2138 magna
1631 2091 1719 2126 arte
1749 2089 1790 2125 et

34 2147 216 2202 gloriosa
254 2153 376 2202 turpe
421 2162 512 2190 esse
559 2150 711 2190 docere
755 2148 859 2190 alios
901 2147 965 2195 id,
1018 2150 1131 2203 quod
1169 2147 1249 2203 ipsi
1286 2147 1413 2189 fuerit
1450 2147 1789 2190 honestissimum

33 2211 222 2252 discere?
254 2213 348 2252 146.
381 2212 441 2253 Ac
458 2210 634 2253 fortasse
665 2212 791 2253 ceteri
821 2210 1033 2261 tectiores;
1066 2223 1145 2264 ego
1175 2223 1340 2265 semper
1370 2224 1436 2251 me
1466 2209 1659 2252 didicisse
1689 2223 1789 2264 prae
1803 2219 1838 2247 ³0

35 2285 102 2313 me
132 2272 220 2314 tuli.
281 2273 362 2322 Qui
392 2272 501 2314 enim
531 2286 722 2328 possem,
766 2286 859 2314 cum
890 2278 931 2314 et
959 2271 1153 2314 afuissem
1183 2275 1424 2315 adolescens
1455 2278 1496 2314 et
1525 2275 1675 2315 horum
1705 2278 1791 2314 stu-

36 2334 200 2376 diorum
245 2348 368 2376 causa
406 2348 520 2376 mare
556 2337 793 2377 transissem
833 2340 875 2376 et
911 2335 1159 2378 doctissimis
1188 2335 1428 2378 hominibus
1457 2334 1611 2377 referta
1642 2337 1790 2378 domus

36 2402 144 2440 esset
173 2401 214 2440 et
243 2397 408 2453 aliquae
448 2397 625 2440 fortasse
654 2398 838 2440 inessent
865 2397 910 2439 in
938 2411 1132 2441 sermone
1161 2404 1305 2441 nostro
1337 2398 1616 2442 doctrinarum
1647 2404 1786 2448 notae,

129 2632 164 2665 1.
188 2633 510 2673 praescriptionum
535 2629 605 2665 Ἧι.
634 2636 668 2666 et
692 2632 870 2665 Romana:
895 2632 1172 2672 persecutionum
1198 2640 1276 2665 cum
1304 2634 1428 2666 ceterls
1456 2632 1497 2665 E.
1526 2648 1567 2656 —
1606 2632 1641 2664 4.
1668 2632 1790 2664 domus

38 2677 231 2722 floruerunt
255 2679 323 2712 Gu.
351 2680 383 2711 3.
411 2679 481 2710 Erl.
511 2695 550 2702 —
593 2679 626 2711 9.
656 2680 848 2719 ῃῖονὶοεωη
873 2682 920 2712 est
944 2679 1002 2711 Dr.
1028 2679 1071 2711 A.
1099 2679 1179 2711 Vet.
1209 2679 1330 2720 Steph.
1364 2679 1431 2712 Gu.
1460 2685 1547 2716 tres,
1585 2678 1677 2710 Erl.:
1717 2679 1789 2719 910-

38 2727 169 2758 riosum
193 2725 278 2767 (om.
305 2727 369 2767 est)
394 2726 464 2757 Ἧῑ.
495 2726 590 2758 Eius.
619 2726 692 2757 RE.
722 2743 761 2750 --
801 2727 858 2758 13.
885 2731 917 2758 et
943 2735 1011 2758 om.
1039 2726 1081 2758 R.
1108 2741 1152 2749 —
1190 2726 1418 2762 discentibus,
1446 2727 1482 2757 id
1508 2729 1580 2761 est,
1608 2725 1785 2762 studiosis,

39 2772 278 2812 satisfacerent
302 2774 352 2811 A,
381 2772 448 2805 Gu.
477 2772 509 2803 3.
550 2787 590 2797 -—
629 2774 685 2805 17.
713 2778 895 2805 oratorum
921 2775 1044 2805 contra
1071 2775 1173 2813 atque
1197 2781 1264 2807 nos,
1291 2775 1430 2813 inqenio
1457 2774 1524 2805 Ἧι.
1552 2771 1595 2812 (7)
1621 2773 1671 2808 Α,
1708 2770 1787 2802 Vet.

41 2820 163 2858 Steph.
193 2819 260 2852 Gu.
288 2820 322 2852 3.
351 2821 528 2860 ceterique
555 2819 767 2859 interpolati.
830 2819 958 2851 Probat
982 2818 1141 2852 Muretus
1166 2819 1208 2851 V.
1238 2820 1275 2850 L.
1303 2819 1383 2851 Xll.
1411 2820 1467 2850 20.
1498 2819 1698 2857 recepitque
1725 2818 1790 2850 Pe*

42 2872 117 2902 ter:
144 2867 204 2898 sed
233 2869 372 2898 omnino
398 2871 449 2900 est.
475 2866 634 2907 putidum
663 2867 834 2898 emblema
853 2891 862 2902 ,
890 2870 929 2896 ut
952 2874 1117 2905 sequens.
1141 2883 1178 2889 —
1223 2866 1280 2897 18.
1303 2875 1485 2907 possumus
1509 2865 1629 2896 melius
1655 2863 1786 2896 docere.

40 2913 85 2945 Ac
108 2913 177 2944 Ἧι.
206 2912 318 2945 Oxou.
346 2914 390 2944 R.
425 2930 470 2936 —
505 2914 560 2945 19.
589 2914 634 2944 At
658 2914 864 2954 diynitatem
887 2911 1008 2943 melius
1034 2913 1155 2944 docere
1181 2913 1275 2944 Eins.
1295 2936 1303 2950 ,
1332 2913 1397 2944 Gu.
1425 2914 1459 2943 1.
1486 2912 1519 2943 2.
1557 2928 1593 2935 --
1633 2911 1689 2941 20.
1712 2919 1791 2950 per-

41 2960 215 2991 contando
240 2960 291 2992 R:
314 2961 576 2999 percunctando
602 2960 639 2991 E.
676 2976 716 2982 —
757 2957 1057 2999 communicando]
1083 2959 1383 2991 commemorando
1408 2959 1478 2990 Ἧι.
1507 2958 1602 2989 Elns.
1630 2956 1691 2988 Dr.
1720 2956 1787 2990 Gu.

41 3008 75 3038 1.
103 3007 136 3038 2.
165 3006 207 3038 R.
235 3022 276 3029 —
302 3007 359 3038 21.
383 3008 499 3038 nescio
526 3016 588 3038 cur
613 3016 687 3038 cum
712 3007 859 3038 docendo
886 3005 955 3036 Ἧι.
983 3006 1080 3037 Eins.
1108 3006 1162 3037 R:
1198 3008 1310 3038 nescio
1337 3014 1397 3036 cur
1419 3014 1491 3036 non
1515 3004 1550 3034 d.
1577 3003 1631 3042 Α,
1660 3002 1726 3036 Gu.
1754 3004 1789 3035 2.

42 3052 76 3084 3.
95 3076 104 3092 ,
130 3053 244 3084 nescio
269 3053 420 3085 docendo
447 3053 487 3084 E.
513 3070 558 3075 —
583 3053 639 3084 22.
666 3054 775 3093 possis
802 3052 912 3084 Codd.
941 3054 1064 3084 sinceri
1092 3056 1126 3084 et
1151 3052 1206 3091 R,
1234 3055 1315 3084 item
1341 3061 1380 3083 ex
1406 3051 1621 3090 interpolatis
1639 3051 1693 3087 Α,
1720 3049 1788 3083 Gu.

42 3100 101 3132 3.:
129 3100 159 3130 si
182 3100 293 3138 possis
319 3099 389 3130 Erl.
418 3099 458 3130 E.
488 3117 525 3123 —
567 3100 688 3131 melius
715 3100 784 3131 Ἧι.
812 3099 906 3131 Eins.
933 3098 993 3129 Dr.
1021 3098 1119 3131 Mon.
1148 3099 1188 3130 R.
1231 3098 1288 3139 (Ut
1313 3107 1397 3132 nos,
1428 3098 1493 3129 Gu.
1524 3095 1622 3138 tres.)
1657 3114 1691 3122 -
1728 3104 1792 3129 cur

41 3146 135 3178 nolis
162 3146 260 3178 Eins.
289 3144 356 3177 Gu.
383 3146 416 3177 1.
444 3146 477 3176 2-
503 3146 561 3178 Βε
599 3147 689 3178 nolis
728 3150 810 3184 (om.
840 3144 916 3186 cur)
944 3145 1014 3176 Ἧι.
1044 3145 1087 3176 Ε.
1128 3143 1182 3176 Ad
1210 3145 1335 3183 duplex
1360 3153 1422 3175 cur
1448 3143 1508 3176 cfr.
1537 3144 1580 3177 de
1606 3144 1723 3177 Dlvln.
1754 3146 1789 3181 1,

43 3191 82 3233 §-
109 3193 188 3225 131.
218 3209 259 3216 -
286 3189 355 3232 An]
382 3191 420 3224 St
443 3192 511 3224 Ἧι.
540 3192 645 3225 solus.
675 3208 715 3215 -
753 3194 811 3224 23.
838 3197 876 3223 ut
903 3194 950 3222 est
977 3199 1045 3224 om.
1074 3190 1140 3224 Gu.
1168 3191 1201 3223 3.
1231 3191 1326 3227 Erl.,
1352 3190 1492 3222 seclusit
1518 3190 1560 3222 E.
1590 3207 1629 3213 —
1671 3190 1728 3222 24.
1756 3190 1791 3221 ln·

44 3239 149 3271 etiam
174 3239 246 3272 Ἧι.
276 3256 313 3262 -
356 3237 413 3270 25.
442 3239 674 3280 eloquentiam
697 3239 741 3270 Α.
767 3255 812 3261 —-
853 3244 969 3270 tamen
995 3246 1036 3270 ea
1060 3246 1094 3269 se
1118 3238 1169 3275 Α,
1209 3237 1247 3268 L.
1287 3253 1331 3258 —-
1372 3235 1443 3277 30.4
1462 3238 1508 3268 Ac
1533 3237 1629 3269 Eius.
1657 3237 1724 3269 Gu.
1753 3237 1786 3267 3.

44 3286 117 3318 Erl.
146 3302 187 3309 —
214 3285 270 3319 31.
302 3284 370 3324 Qui
396 3285 545 3316 Ernestti
574 3287 746 3324 suspicio:
791 3286 881 3326 Quid
907 3285 1005 3323 libri,
1032 3284 1113 3322 RE,
1153 3282 1254 3322 Quod
1277 3283 1392 3315 Peter.
1421 3299 1462 3306 -
1498 3283 1663 3323 afuissem
1689 3284 1789 3314 domo

45 3333 239 3365 adolescens
266 3331 335 3365 Gu.
362 3335 456 3370 tres,
482 3331 560 3363 Vet.
587 3332 707 3371 Steph.
736 3332 807 3363 Erl.
851 3331 908 3372 (Ut
931 3340 1013 3372 nos,
1040 3331 1111 3365 vit.
1139 3331 1264 3366 Eius..
1289 3330 1389 3364 Mon.
1416 3329 1472 3369 R.)
1511 3345 1549 3353 —
1590 3331 1650 3364 32.
1674 3331 1790 3362 maria

44 3379 104 3420 A,
131 3379 196 3414 Gu.
220 3380 255 3413 3.
283 3378 378 3418 Erl.,
406 3381 445 3410 ut
470 3381 523 3411 est
548 3378 590 3411 de
615 3378 707 3420 Rep.
735 3379 781 3419 1,
806 3378 854 3419 3,
883 3377 918 3410 6.
