2117 3762
764 277 865 317 LIB.
903 277 973 318 111.
1035 279 1077 319 C.
1111 280 1151 319 4.
1186 280 1223 320 5.
1794 282 1874 323 297

126 382 254 438 gloria
285 383 547 438 mitigantur,
594 395 811 438 pergamus
841 385 889 423 ad
923 398 969 424 ea
1001 384 1165 433 solatia,
1200 398 1304 440 quae
1337 398 1419 426 non
1453 383 1576 426 modo
1607 386 1757 427 sedatis
1788 401 1876 427 mo-

126 445 252 487 lestiis
282 447 458 487 iucunda
487 448 559 487 sed
591 445 712 486 ctiam
743 445 1008 487 haerentibus
1039 447 1230 488 salutaria
1264 446 1382 488 nobis
1423 461 1514 488 esse
1553 455 1743 500 possunt:
1791 464 1877 490 ser-

124 521 374 563 monemque
406 512 449 549 Ι..
474 508 606 550 Crassi
636 507 842 561 reliquum
874 522 919 548 ac
951 523 1079 561 paene
1112 510 1873 565 postremummemoriaeprodamus,

124 577 245 626 atque
289 571 345 617 ei,
400 571 475 612 etsi
515 583 773 625 nequaquam
817 584 955 622 parem
993 571 1102 612 illius
1140 572 1326 625 ingenio,
1376 578 1417 612 at
1457 586 1531 625 pro
1565 579 1706 613 nostro
1740 578 1874 613 tamen

124 633 260 674 studio
299 632 483 674 meritam
523 631 695 686 gratiam
737 631 999 687 debitamque
1032 633 1273 675 reseramus.
1338 637 1402 675 15.
1452 637 1593 690 Neque
1626 634 1734 676 enim
1766 635 1905 690 quis-⁵

124 710 246 752 quam
277 698 483 740 nostruin,
522 707 614 734 cum
644 693 770 735 libros
802 695 977 737 Platonis
1009 697 1253 738 mirabiliter
1283 698 1457 752 scriptos
1488 697 1609 751 legit,
1651 697 1690 739 in
1723 698 1876 753 quibus

125 757 317 800 omnibus
347 757 434 798 sere
466 758 653 817 Socrates
684 758 946 811 exprimitur,
979 772 1088 807 non,
1131 772 1379 814 quamquam
1411 759 1478 800 illa
1509 761 1660 814 scripta
1691 766 1784 801 sunt
1815 758 1876 800 di-

123 821 298 868 vinitus,
330 828 465 862 tamen
496 819 627 859 maius
659 819 854 873 quiddam
885 822 935 861 de
967 821 1059 868 illo,
1096 820 1146 861 dc
1178 835 1259 876 quo
1291 824 1440 876 scripta
1472 828 1590 870 sunt,
1627 824 1874 876 suspicatur.

124 882 246 933 Quod
275 884 374 924 item
405 895 480 922 nos
511 883 791 935 postulamus,
825 897 909 923 non
939 896 961 923 a
994 888 1031 923 te
1061 885 1252 938 quidem,
1295 885 1365 939 qui
1396 886 1515 925 nobis
1547 886 1684 925 omnia
1717 897 1877 925 summa

122 945 292 994 tribuis,
341 945 413 985 sed
444 958 466 984 a
497 945 665 989 ceteris,
713 946 782 998 qui
814 944 914 985 haec
946 946 987 984 in
1020 959 1164 986 manus
1196 951 1384 994 sument,
1433 948 1562 987 maius
1602 952 1645 987 ut
1680 947 1876 1000 quiddam
1891 960 1927 986 ιο

123 1010 173 1049 de
203 1009 250 1048 L.
275 1007 441 1052 Crasso,
473 1020 595 1060 quam
627 1013 824 1060 quantum
846 1009 1011 1047 anobis
1043 1009 1320 1060 exprimetur,
1353 1008 1628 1063 suspicentur.
1694 1011 1758 1049 16.
1791 1011 1876 1050 Nos

123 1069 254 1118 enim,
305 1070 373 1125 qui
418 1068 496 1124 ipsi
538 1068 720 1109 sermoni
751 1082 834 1109 non
865 1068 1196 1110 interfuissemus
1229 1075 1269 1110 et
1299 1071 1449 1124 quibus
1482 1072 1526 1111 C.
1555 1073 1670 1113 Cotta
1700 1076 1877 1112 tantum-

120 1131 245 1175 modo
275 1133 391 1173 loeos
421 1146 468 1172 ac
499 1133 720 1172 sententias
751 1131 873 1172 huius
903 1131 1192 1185 disputationis
1225 1133 1487 1181 tradidisset,
1543 1148 1624 1188 quo
1655 1133 1696 1174 in
1728 1147 1877 1187 genere

121 1194 320 1236 orationis
350 1201 571 1249 utrumque
603 1200 810 1234 oratorem
841 1207 1191 1247 cognoveramus,
1238 1196 1281 1235 id
1323 1196 1457 1248 ipsum
1491 1209 1631 1237 sumus
1662 1197 1703 1236 in
1734 1209 1879 1237 eorum

120 1269 310 1298 sermone
339 1258 585 1297 adumbrare
616 1257 767 1296 conati.
830 1257 988 1305 Quodsi
1019 1258 1110 1312 quis
1141 1258 1236 1302 erit,
1271 1257 1343 1312 qui
1373 1259 1518 1298 ductus
1546 1258 1742 1311 opinione
1763 1258 1926 1313 vulgias

120 1324 190 1360 aut
228 1320 453 1360 Antonium
494 1318 741 1359 ieiuniorem
784 1324 854 1358 aut
894 1321 1083 1360 Crassum
1124 1320 1357 1374 pleniorem
1387 1319 1514 1361 fuisse
1563 1325 1702 1375 putet,
1756 1334 1877 1376 quam

120 1383 329 1438 quomodo
358 1396 380 1422 a
401 1381 521 1422 nobis
552 1388 726 1436 uterque
756 1380 946 1422 inductus
978 1387 1064 1430 est,
1098 1383 1132 1422 is
1164 1382 1241 1423 erit
1272 1395 1324 1423 ex
1355 1382 1404 1423 iis
1428 1414 1439 1431 ,
1472 1384 1541 1437 qui
1572 1388 1642 1423 aut
1672 1382 1763 1424 illos
1794 1398 1877 1423 non

119 1443 325 1485 audierint
353 1450 425 1486 aut
454 1445 635 1485 iudicare
665 1457 748 1484 non
780 1443 952 1498 possint.
1015 1447 1116 1485 Nam
1150 1443 1224 1485 suit
1246 1451 1444 1500 uterque,
1479 1451 1523 1486 ut
1545 1445 1719 1499 exposui
1741 1451 1874 1493 antea,

120 1521 213 1548 cum
259 1507 394 1547 studio
437 1513 560 1562 atque
604 1507 770 1560 ingenio
804 1512 844 1547 et
874 1505 1062 1548 doctrina
1092 1513 1305 1560 praestans
1349 1508 1563 1556 omnihus,
1611 1514 1697 1548 tum
1727 1507 1770 1548 in
1801 1522 1875 1549 suo

119 1582 273 1623 genere
318 1567 545 1622 perfectus,
595 1574 640 1610 ut
677 1582 812 1624 neque
856 1568 899 1610 in
935 1569 1115 1611 Antonio
1162 1571 1326 1611 deesset
1365 1569 1431 1611 hic
1470 1575 1639 1612 ornatus
1678 1571 1929 1612 orationis-20

119 1644 254 1686 neque
283 1631 325 1672 in
357 1633 502 1673 Crasso
533 1633 799 1673 redundaret.

230 1697 280 1737 V.
328 1696 393 1735 17.
445 1696 493 1736 Ut
531 1695 657 1748 igitur
694 1701 788 1736 ante
819 1695 1035 1736 meridiem
1066 1695 1344 1736 discesserunt
1373 1694 1681 1752 paullulumque
1711 1697 1878 1751 requie—

118 1762 236 1805 runt,
281 1758 485 1810 imprimis
514 1760 593 1798 hoc
625 1771 646 1798 a
678 1771 721 1798 se
754 1760 871 1799 Cotta
902 1759 1232 1799 animadversum
1265 1772 1354 1799 esse
1386 1758 1570 1808 dicebat,
1619 1773 1739 1801 omne
1778 1759 1878 1801 illud

119 1825 280 1874 tempus
321 1820 594 1861 meridianum
626 1822 817 1862 Crassum
859 1821 901 1861 in
941 1821 1139 1861 acerrima
1179 1827 1301 1875 atque
1332 1821 1598 1862 attentissima
1629 1823 1877 1877 cogitatione

119 1882 308 1937 posuisse
340 1896 537 1937 seseque,
570 1884 640 1938 qui
671 1883 828 1924 vultum
861 1884 968 1930 eius,
1004 1897 1097 1924 cum
1130 1884 1166 1923 ei
1199 1882 1417 1924 dicendum
1440 1890 1572 1934 esset,
1606 1886 1877 1939 obtutumque
1891 1897 1927 1925 2⁵

119 1944 337 1986 oculorum
382 1946 422 1986 in
467 1945 688 1999 cogitando
731 1947 862 2000 probe
904 1952 1044 1986 nosset
1083 1951 1206 2001 atque
1246 1947 1288 1986 in
1328 1947 1516 1987 maximis
1572 1949 1704 1989 causis
1751 1955 1877 2002 'saepe

117 2009 308 2057 vidisset,
356 2013 442 2050 tum
473 2008 614 2050 dedita
645 2023 773 2061 opera
805 2008 1114 2063 quiescentibus
1146 2009 1236 2050 aliis
1267 2009 1310 2050 in
1341 2024 1430 2051 eam
1461 2012 1658 2052 exedram
1696 2012 1874 2058 venisse,

117 2073 160 2113 in
190 2085 271 2126 qua
301 2072 470 2114 Crassus
500 2073 634 2127 posito
676 2071 828 2112 lectulo
870 2072 1155 2120 recubuisset,
1201 2086 1378 2128 cumque
1417 2086 1509 2114 eum
1552 2074 1593 2113 in
1625 2071 1876 2127 cogitatione

119 2132 298 2176 defixum
331 2148 422 2176 esse
453 2136 672 2183 sensisset,
709 2134 845 2175 statim
877 2134 1097 2176 recessisse
1129 2140 1250 2190 atque
1280 2136 1322 2175 in
1354 2149 1403 2176 eo
1435 2135 1598 2176 silentio
1632 2134 1732 2176 duas
1753 2134 1877 2176 horas

117 2196 204 2239 fere
236 2211 326 2239 esse
356 2203 635 2252 consumptas.
705 2197 863 2238 Deinde
906 2211 999 2239 cum
1030 2211 1173 2238 omnes
1214 2198 1407 2239 inclinato
1439 2198 1520 2239 iam
1551 2199 1592 2239 iu
1623 2197 1876 2253 pomeridia-
1893 2208 1928 2234 ³0

118 2274 217 2301 num
248 2266 412 2313 tempus
444 2259 536 2308 die,
570 2259 779 2301 venissent
799 2262 851 2301 ad
874 2262 1086 2308 Crassum,
1121 2262 1229 2310 Quid
1252 2267 1335 2309 est,
1370 2264 1535 2310 Crasse,
1570 2261 1704 2316 inquit
1735 2260 1874 2308 lulius,

118 2321 281 2364 imusne
306 2325 491 2363 sessum?
541 2323 615 2363 etsi
647 2322 902 2364 admonitum
933 2323 1122 2364 venimus
1153 2329 1216 2372 te,
1251 2337 1333 2364 non
1364 2322 1606 2377 flagitatum.
1671 2325 1736 2365 18.
1771 2327 1873 2364 Tum

119 2387 310 2428 Crassus:
354 2387 414 2426 An
454 2398 519 2425 me
552 2390 631 2425 tam
663 2386 945 2439 impudentem
976 2399 1066 2426 esse
1098 2387 1372 2434 existimatis,
1422 2392 1464 2427 ut
1492 2386 1611 2428 vobis
1642 2389 1720 2428 hoc
1761 2400 1878 2442 prae-

118 2447 258 2490 sertim
289 2461 437 2488 munus
467 2453 607 2500 putem
639 2448 791 2488 diutius
828 2461 950 2501 posse
982 2447 1168 2489 debere?
1216 2450 1392 2498 Quinam
1425 2449 1572 2503 igitur,
1618 2451 1748 2504 inquit
1788 2450 1871 2496 ille,

117 2513 268 2552 locus?
317 2512 379 2551 An
418 2510 460 2550 in
501 2511 636 2550 media
674 2511 777 2551 silva
817 2511 980 2564 placet?
1029 2512 1102 2550 Est
1139 2512 1246 2552 enim
1286 2511 1321 2552 is
1362 2513 1539 2552 maxime
1581 2517 1622 2552 et
1650 2524 1802 2567 opacus
1835 2515 1924 2551 et³⁵

117 2572 306 2628 frigidus.
366 2574 492 2621 Sane,
526 2572 658 2627 inquit
680 2574 870 2622 Crassus;
911 2572 1064 2613 etenim
1097 2578 1159 2614 est
1190 2574 1230 2613 in
1262 2586 1312 2614 eo
1343 2575 1437 2615 loco
1468 2576 1587 2615 sedes
1618 2572 1712 2614 huic
1732 2578 1872 2613 nostro

118 2650 204 2677 non
232 2637 469 2691 importuna
497 2635 696 2677 sermoni.
759 2635 861 2676 Cum
892 2635 1113 2689 placuisset
1143 2634 1252 2677 idem
1292 2637 1460 2683 ceteris,
1506 2636 1548 2677 in
1583 2638 1726 2678 silvam
1759 2635 1872 2677 veni-

120 2703 187 2739 tur
216 2704 256 2739 et
284 2697 342 2739 ibi
372 2712 519 2753 magna
549 2711 640 2738 cum
671 2697 865 2740 audiendi
897 2698 1204 2754 exspectatione
1235 2698 1479 2741 considitur.

211 2805 245 2836 1.
269 2813 416 2845 peryam
442 2806 481 2837 B.
513 2823 549 2829 —
581 2806 614 2836 2.
639 2806 775 2845 possint
802 2805 870 2836 ΑΒ.
900 2822 938 2827 -
976 2806 1010 2837 ἀι.
1041 2806 1092 2842 ei,
1120 2804 1195 2843 etsi]
1222 2807 1346 2838 ii‘sine
1371 2807 1423 2843 Α,
1452 2816 1487 2837 n.
1516 2808 1560 2837 sit
1586 2803 1665 2844 (sic)
1692 2805 1730 2836 B.
1762 2822 1798 2828 —-
1837 2806 1872 2837 5.

120 2852 210 2882 enim
236 2855 285 2881 est
310 2853 494 2892 quisquam
520 2853 561 2884 R.
605 2869 639 2874 -
679 2852 712 2883 6.
741 2852 799 2892 qm·
824 2861 900 2882 cum
926 2853 966 2883 R.
999 2867 1035 2872 —
1078 2851 1113 2884 7.
1140 2861 1212 2883 non
1239 2862 1306 2884 om.
1335 2853 1439 2885 ABR.
1472 2869 1510 2875 —-
1550 2853 1612 2883 illa
1639 2861 1707 2882 om.
1733 2852 1803 2883 AB.
1833 2870 1874 2875 —

120 2899 153 2930 8.
181 2907 251 2929 non
277 2900 470 2937 suspicetur
494 2900 535 2930 R.
566 2914 602 2920 —-
632 2899 686 2929 10.
713 2900 828 2929 maius
853 2903 891 2929 uc
916 2899 994 2929 AB:
1022 2902 1062 2929 ut
1086 2899 1201 2929 maius
1229 2899 1302 2931 RE.
1331 2916 1370 2921 —
1413 2901 1466 2931 11.
1495 2909 1516 2930 a
1540 2899 1638 2929 nobis
1665 2906 1733 2929 om.
1762 2901 1802 2929 Α.
1834 2917 1870 2922 -

121 2947 177 2977 12.
205 2952 394 2975 sermonem
419 2945 490 2977 ΑΒ.
520 2962 559 2967 -
588 2945 643 2977 14.
672 2954 900 2986 cognoveram
924 2945 963 2976 B.
993 2960 1032 2966 -
1067 2954 1184 2976 sumus
1211 2955 1279 2977 om.
1309 2947 1347 2977 B.
1378 2963 1415 2968 —-
1451 2946 1507 2977 17.
1536 2954 1558 2975 a
1582 2944 1677 2975 nobis
1703 2953 1771 2976 om.
1801 2945 1872 2976 AB.

120 3009 165 3014 —
191 2994 277 3021 esset
302 2991 342 3022 R.
382 3007 423 3014 —
461 2991 518 3023 18.
547 2992 699 3023 audierit
724 3009 737 3014 -
762 3007 775 3013 -
798 2993 907 3030 possit
932 2991 1037 3022 Anu.
1076 3008 1119 3012 —
1156 2992 1214 3022 21.
1242 2992 1462 3024 redundaret.
1491 2991 1558 3023 Sub
1581 2998 1733 3030 persona
1756 2991 1875 3024 Cottae

120 3039 161 3070 B.
189 3054 226 3060 -
267 3037 326 3068 22.
365 3037 404 3068 Ut
430 3047 498 3069 om.
525 3037 597 3068 AB.
641 3056 677 3061 —
719 3039 979 3078 paullulumque
1003 3039 1202 3077 requierunt
1231 3047 1300 3071 om.
1328 3039 1399 3069 ΑΒ.
1441 3037 1693 3078 (requieverunt
1733 3036 1792 3078 R.)
1834 3054 1873 3061 —

122 3085 179 3117 27.
205 3083 367 3115 exedram
395 3084 443 3114 B:
471 3084 654 3117 hexedram
680 3085 731 3123 R,
771 3085 959 3116 exhedram
986 3084 1025 3115 E.
1057 3101 1092 3106 -
1135 3084 1190 3115 28.
1215 3086 1331 3125 posito
1358 3085 1478 3115 lectulo
1505 3086 1530 3114 Α
1559 3084 1713 3123 aliique:
1753 3085 1874 3116 lectulo

119 3131 234 3171 posito
260 3131 339 3167 (Ba)
366 3130 439 3161 RE.
468 3147 505 3154 ·-
535 3131 591 3162 30.
617 3133 656 3162 in
681 3141 749 3163 om.
779 3131 819 3163 B.
850 3149 887 3155 —
926 3131 1230 3170 promeridianum
1254 3131 1303 3170 Α,
1328 3131 1640 3169 postmeridianum
1664 3129 1706 3162 R.
1737 3147 1777 3153 —
1815 3131 1872 3163 31.

121 3179 176 3210 die
209 3174 392 3216 venissent]
433 3177 643 3209 devenissent
670 3178 709 3209 B.
752 3195 792 3200 —
833 3177 889 3209 32.
920 3175 995 3218 etsi]
1023 3181 1053 3208 et
1077 3185 1121 3207 ne
1146 3177 1185 3208 B.
1224 3195 1260 3200 —
1301 3178 1383 3208 Post
1408 3186 1438 3209 v.
1465 3178 1683 3208 admonitum
1708 3179 1741 3209 in
1768 3177 1793 3209 Α
1822 3181 1876 3210 est.

123 3224 279 3256 desectus
307 3232 417 3262 usque
444 3223 485 3254 ad
514 3224 597 3263 Cap.
624 3224 688 3260 28.
717 3225 808 3256 110:
835 3234 906 3256 non
929 3227 965 3256 ut
991 3225 1065 3254 iure
1090 3227 1153 3254 aut
1178 3224 1323 3255 iudicio.
1374 3223 1470 3255 Idem
1498 3223 1654 3256 derectus
1680 3225 1713 3255 in
1742 3224 1808 3256 Gu.
1837 3224 1872 3256 3.

122 3271 206 3311 Lag.
233 3270 266 3302 2.
293 3271 328 3301 ἀ.
356 3270 412 3301 13.
440 3269 496 3301 36.
549 3270 790 3308 «optimorum
819 3272 923 3311 igitur
948 3271 1041 3303 solus
1067 3268 1123 3300 32.
1152 3270 1265 3302 media
1291 3271 1472 3301 servavit.»
1523 3271 1708 3303 Eremm-
1737 3288 1774 3294 —
1817 3271 1874 3303 34.

124 3317 296 3356 Quidnam
324 3317 396 3349 BR.
427 3333 461 3340 -
503 3315 558 3347 37.
592 3319 795 3356 importuna
819 3317 880 3357 Lg.
909 3325 1053 3353 omnes,
1094 3314 1162 3347 Gu.
1199 3317 1242 3348 22
1284 3318 1520 3356 inopportuna
1545 3317 1572 3349 E
1600 3320 1636 3349 et
1658 3316 1803 3350 fortasse
1828 3318 1869 3350 B.

122 3363 258 3397 Dubiae
285 3368 400 3396 tamen
425 3364 636 3396 auctoritatis
663 3363 866 3396 vocabulum
893 3368 956 3396 est.
985 3362 1054 3395 Ct'r.
1082 3361 1160 3395 Lib.
1188 3363 1222 3402 2,
1249 3363 1283 3402 5,
1310 3363 1367 3395 20.
1395 3379 1438 3385 --
1474 3363 1531 3397 38.
1560 3364 1756 3399 consedetur
1781 3364 1824 3397 R.
