2117 3762
791 220 890 261 LIB.
926 221 957 261 1.
1021 221 1064 262 C.
1100 224 1139 264 9.
1179 225 1242 264 10.
1871 236 1897 274 7

143 326 346 373 randum,
381 339 432 367 ne
465 324 563 382 quid
592 327 855 382 perturbate,
889 340 939 367 ne
972 329 1068 382 qnid
1102 335 1314 378 contorte,
1362 344 1414 371 ne
1446 332 1542 385 qnid
1575 335 1767 386 ambigue
1789 368 1798 384 ,
1847 352 1896 378 no

141 389 238 444 quid
274 401 379 429 nove
411 388 623 437 dicamus,
674 403 725 429 ne
757 404 878 443 qnam
912 391 952 430 in
982 392 1103 431 aliam
1137 408 1222 433 rem
1258 399 1515 433 transeamus
1535 426 1545 442 ,
1587 410 1637 435 ne
1669 399 1720 435 ab
1752 399 1897 441 ultimo

139 462 404 510 repetamus,
453 467 504 493 ne
535 452 658 502 longe
690 466 1019 508 persequemin,
1067 469 1117 494 ne
1152 454 1276 511 quid,
1329 458 1439 511 qnod
1471 455 1521 497 ad
1554 473 1639 498 rein
1675 462 1896 511 pertineat,

140 525 452 573 praetereamus
473 547 482 562 ,
532 519 571 555 et
598 515 631 554 si
664 528 886 568 sequamur
917 531 963 556 ea
985 549 994 564 ,
1043 531 1147 572 qnae
1189 519 1239 558 de
1283 520 1485 559 brevitate
1518 528 1738 575 praecepta
1782 530 1896 573 sunt;

139 596 234 622 nam
267 595 348 637 quo
393 578 582 624 brevior,
635 589 686 617 eo
717 575 938 619 dilucidior
976 585 1016 619 et
1055 582 1221 632 cognitu
1264 580 1427 622 facilior
1471 585 1652 624 narratio
1683 584 1765 626 liet.
1831 590 1928 628 16.5

137 645 235 685 Veri
265 643 410 684 similis
442 640 623 681 narratio
655 641 760 688 erit,
810 642 873 689 si,
922 648 966 682 ut
997 656 1110 690 mos,
1158 649 1202 682 ut
1233 644 1402 696 opinio,
1451 650 1496 684 ut
1526 650 1669 686 natura
1700 651 1895 700 postulat,

139 708 351 753 dicemus;
386 705 420 744 si
443 703 572 759 spatia
595 707 828 755 temporum
849 735 858 751 ,
894 718 1165 759 personarum
1189 707 1409 759 dignitates
1427 738 1436 754 ,
1471 710 1739 750 consiliorum
1774 713 1898 754 ratio-

138 784 232 816 nes,
267 769 453 809 locorum
486 767 814 820 opportunitates
846 769 1122 815 constabunt3
1173 782 1224 807 ne
1262 770 1395 809 refelli
1431 772 1563 822 possit
1593 778 1662 812 aut
1697 776 1896 827 temporis

137 846 280 886 parum
313 831 438 871 fuisse
471 834 540 869 aut
580 841 744 868 causam
793 830 946 870 nullam
994 835 1062 869 aut
1106 831 1245 870 locum
1289 832 1485 872 idoneum
1533 847 1614 874 non
1657 835 1784 877 fuisse
1829 843 1898 877 aut

137 894 326 935 homines
372 893 484 946 ipsos
530 890 668 930 facere
708 897 778 931 ant
820 893 902 948 pati
935 905 1017 932 non
1048 893 1248 947 potuisse.
1326 894 1367 933 Si
1400 909 1496 934 vera
1527 909 1595 936 res
1626 899 1728 946 erit,
1763 900 1894 940 nihilo
1912 913 1946 937 r10

135 957 270 998 minus
300 957 401 996 haec
435 954 576 995 omnia
606 956 813 995 narrando
845 956 1130 995 conservanda
1162 960 1281 1005 sunt;
1315 970 1411 996 nam
1444 971 1566 1012 saepe
1598 961 1773 1009 veritas,
1817 962 1894 1001 nisi

134 1021 238 1060 haec
269 1022 429 1059 servata
461 1017 568 1063 sint,
618 1015 740 1057 tidem
786 1032 868 1058 non
910 1022 1045 1070 potest
1083 1018 1249 1058 facere:
1304 1019 1365 1058 sin
1399 1020 1476 1059 erit
1507 1019 1598 1061 licta
1619 1053 1630 1070 ,
1682 1036 1733 1063 eo
1765 1024 1895 1077 magis

134 1087 255 1123 erunt
299 1078 597 1120 conservanda.
660 1083 719 1121 De
752 1081 801 1120 iis
840 1082 964 1121 rebus
1005 1085 1123 1121 cante
1168 1081 1489 1131 contingendum
1531 1089 1615 1131 est,
1662 1087 1810 1138 quibus
1853 1088 1894 1127 in

132 1145 257 1185 rebus
288 1142 452 1183 tabulae
484 1148 553 1182 ant
585 1144 764 1183 alicuius
795 1141 913 1183 firma
944 1144 1168 1183 auctoritas
1200 1142 1409 1184 videbitur
1439 1146 1688 1188 interfuisse.
1750 1150 1894 1189 Adhuc

132 1220 238 1262 quae
279 1206 387 1246 dicta
431 1210 525 1245 sunt
573 1207 753 1247 arbitror
794 1207 897 1246 mihi
943 1211 1133 1247 constare
1168 1220 1260 1246 cum
1293 1208 1441 1248 ceteris
1472 1210 1570 1249 artis
1603 1211 1889 1264 scriptoribus,
1907 1224 1941 1249 ιε

131 1270 209 1311 nisi
241 1282 346 1324 quae
378 1269 428 1308 de
460 1269 808 1309 insinuationibus
848 1282 956 1310 nova
997 1270 1354 1323 excogitavimus,
1402 1273 1515 1325 quod
1557 1286 1625 1313 eas
1663 1274 1739 1314 soli
1785 1272 1888 1328 [nos]

130 1338 296 1388 praeter
338 1335 498 1371 ceteros
543 1332 585 1371 in
629 1332 706 1372 tria
746 1336 934 1386 tempora
972 1332 1217 1380 divisimus,
1268 1338 1314 1372 ut
1352 1334 1474 1388 plane
1515 1340 1668 1375 certam
1711 1337 1818 1377 viam
1852 1343 1893 1377 et

130 1396 392 1450 perspicuam
426 1393 627 1435 rationem
660 1395 927 1435 exordiorum
961 1395 1225 1435 haberemus,
1286 1396 1340 1436 X.
1375 1398 1517 1445 Nunc,
1551 1397 1662 1453 quod
1684 1399 1890 1454 reliquum

131 1463 218 1505 est,
269 1456 467 1511 quoniam
500 1455 549 1498 de
583 1471 720 1497 rerum
752 1458 992 1498 inventione
1025 1456 1318 1511 disputandum
1351 1464 1435 1507 est,
1487 1461 1529 1500 in
1562 1476 1643 1515 qua
1683 1463 1890 1515 singulare

130 1521 387 1561 consumitur
433 1521 609 1563 oratoris
651 1518 863 1567 officinm,
913 1520 1103 1560 dabimus
1149 1534 1346 1576 operam,
1392 1527 1439 1562 ut
1479 1523 1611 1565 nihilo
1653 1526 1787 1565 minus
1828 1527 1940 1566 in-20

130 1583 309 1630 dustrie,
343 1597 465 1639 quam
497 1584 556 1623 rei
586 1583 740 1622 utilitas
772 1583 1022 1637 postulabit,
1057 1584 1268 1638 quaesisse
1291 1585 1536 1635 videamur,
1570 1587 1603 1628 si
1625 1588 1740 1643 prius
1759 1601 1891 1643 pauca

131 1647 182 1687 de
213 1647 416 1689 divisione
449 1659 664 1687 causarum
698 1645 939 1685 dixerimus.

243 1710 308 1749 17.
345 1710 569 1750 Causarum
603 1706 750 1748 divisio
784 1708 824 1747 in
856 1708 955 1748 duas
987 1712 1124 1760 partes
1156 1708 1376 1750 distributa
1407 1714 1482 1751 est.
1552 1712 1735 1754 Primum
1766 1728 1889 1770 pero-

128 1777 214 1812 rata
243 1773 480 1813 narratione
513 1770 712 1811 debemus
745 1771 930 1825 aperire,
964 1769 1064 1826 quid
1095 1772 1216 1812 nobis
1248 1773 1468 1813 conveniat
1499 1787 1592 1815 cum
1622 1777 1885 1828 adversariis,

127 1838 168 1874 et
198 1834 230 1873 si
263 1848 332 1881 ea,
385 1848 490 1889 quae
531 1834 647 1874 utilia
687 1835 808 1874 nobis
851 1839 992 1880 erunt,
1047 1835 1321 1883 convenient,
1373 1836 1470 1890 quid
1516 1837 1557 1877 in
1604 1843 1936 1883 controversia&

126 1896 407 1951 relinquatur,
439 1898 519 1938 hoc
550 1897 704 1936 modo:
754 1896 1017 1936 Interfectam
1051 1910 1140 1936 esse
1188 1898 1238 1936 ab
1282 1898 1428 1939 Oreste
1472 1905 1645 1941 matrem
1693 1906 1887 1945 convenit

126 1959 228 1999 mihi
269 1973 363 1999 cum
409 1959 688 2000 adversariis:
741 1958 884 1999 iurene
930 1959 1076 1999 fecerit
1117 1963 1158 1999 et
1196 1959 1413 2001 licueritne
1445 1960 1607 2011 facere,
1656 1965 1697 2005 id
1744 1971 1805 2006 est
1844 1968 1886 2007 in

127 2023 425 2062 controversia.
502 2022 603 2061 Item
645 2035 667 2061 e
706 2022 937 2069 contrario,
985 2023 1342 2075 Agamemnonem
1384 2038 1474 2065 esse
1506 2039 1529 2065 a
1562 2026 1886 2080 Clytaemnestra

126 2086 309 2126 occisum
341 2084 612 2133 confitentum
661 2097 755 2124 cum
785 2084 826 2124 id
858 2085 914 2123 ita
945 2084 1019 2132 sit,
1054 2099 1121 2124 me
1152 2085 1295 2125 ulcisci
1327 2092 1542 2139 parentem
1574 2096 1726 2143 negant
1762 2104 1885 2146 opor-

125 2148 267 2188 tuisse.
327 2149 488 2188 Deinde
529 2160 621 2187 cum
666 2147 746 2187 hoc
793 2147 1037 2195 fecerimus,
1091 2147 1383 2189 distributione
1428 2151 1487 2189 uti
1536 2151 1750 2194 debemus.
1825 2156 1936 2195 Ea³0

126 2209 321 2251 dividitur
350 2211 393 2250 in
424 2212 525 2250 duas
569 2215 738 2264 partes,
788 2211 1145 2251 enumerationem
1186 2216 1227 2251 et
1263 2213 1582 2266 expositionem.
1659 2217 1884 2258 Enumera-

124 2273 239 2313 tione
277 2278 470 2321 utemur,
518 2286 611 2313 cum
652 2274 836 2313 dicemus
875 2286 1078 2321 numero,
1127 2278 1229 2329 quot
1269 2275 1319 2315 de
1361 2277 1487 2316 rebus
1530 2277 1678 2318 dicturi
1724 2292 1877 2320 sumus.

123 2336 225 2376 Eam
268 2336 360 2390 plus
401 2349 524 2390 quam
565 2336 691 2376 trium
731 2337 909 2391 partium
951 2350 1125 2377 numero
1170 2351 1260 2377 esse
1301 2350 1387 2378 non
1430 2344 1609 2393 oportet.
1695 2342 1797 2382 Nam
1843 2347 1882 2383 et

214 2475 248 2506 2.
274 2483 316 2506 ne
346 2476 427 2516 quid
450 2474 550 2516 nove]
577 2480 737 2515 suspecta
764 2476 849 2508 haec
875 2476 1122 2516 Oudendorpto
1148 2481 1252 2516 atque
1281 2478 1440 2509 Ernestio
1464 2487 1533 2510 om.
1558 2478 1656 2510 AFT.
1692 2497 1736 2501 —
1767 2480 1800 2511 lt.
1831 2489 1880 2512 se-

125 2529 268 2561 quemur
292 2522 400 2560 ΡΑΕ,
433 2532 677 2564 persequemur
703 2524 754 2561 B,
790 2525 942 2565 sequitur
968 2524 1011 2560 F,
1039 2533 1223 2565 sequamur
1248 2524 1321 2555 ΚΤ.
1352 2541 1390 2546 -
1432 2526 1465 2556 5.
1494 2525 1632 2558 brevior
1665 2531 1712 2558 est
1738 2527 1807 2558 FR.
1838 2544 1875 2550 —

125 2576 162 2599 eo
205 2576 272 2599 om.
309 2569 374 2600 PF.
422 2586 466 2591 -—-
520 2570 552 2602 8.
596 2571 721 2611 referri
763 2570 804 2601 de
847 2573 1047 2602 coniectura
1089 2571 1245 2602 Memmii
1290 2576 1324 2602 et
1364 2571 1483 2603 Aurati
1526 2572 1566 2603 L.
1609 2572 1689 2603 Sch.
1732 2590 1766 2596 -—
1820 2575 1874 2604 12.

123 2623 193 2646 non
216 2619 328 2655 potest
353 2616 466 2656 facere
492 2617 656 2648 I’ABFT:
696 2616 808 2656 facere
834 2626 903 2648 non
925 2622 1041 2656 potest
1066 2618 1140 2649 RE.
1172 2635 1208 2640 —
1237 2616 1316 2659 erit]
1345 2627 1413 2649 om.
1452 2619 1517 2650 Ert'.
1550 2619 1646 2657 prob.
1677 2619 1794 2655 Oud.;
1823 2629 1877 2652 ex-

125 2664 243 2700 punxit
271 2661 352 2693 Scb.
371 2687 379 2699 ,
408 2668 508 2695 erunt
534 2664 661 2695 PABF.
691 2661 759 2702 (sin
783 2672 862 2695 vero
889 2665 953 2695 erit
977 2665 1058 2705 ficta
1083 2663 1141 2703 T.)
1169 2681 1208 2687 —
1247 2665 1303 2696 13.
1331 2666 1383 2696 his
1407 2665 1574 2702 PABFT,
1604 2666 1641 2697 L.
1672 2682 1711 2688 —-
1751 2667 1877 2709 confin-

123 2709 273 2748 qendum
300 2708 410 2741 BRT:
439 2710 696 2753 confliyenalaeim
722 2710 825 2748 PFE,
861 2710 1137 2753 conflinqendum
1163 2711 1204 2742 A.
1257 2712 1294 2743 In
1322 2712 1351 2744 R
1378 2712 1454 2744 lect.
1482 2713 1744 2754 confinqendum
1770 2721 1787 2744 a
1822 2723 1874 2753 pr.

125 2763 229 2785 manu
270 2755 485 2795 adscriptum
522 2763 572 2789 est
608 2757 659 2789 vel
695 2756 993 2798 confrinyendum.
1023 2775 1061 2780 —
1107 2757 1162 2789 14.
1199 2759 1336 2790 tabulae
1362 2759 1404 2790 ab
1430 2760 1631 2791 adversario
1659 2765 1719 2791 aut
1752 2759 1793 2790 T.
1833 2777 1872 2783 —-

124 2799 180 2831 16.
208 2811 296 2842 quae
320 2803 472 2835 Duisb.:
501 2806 585 2846 quia
611 2804 831 2835 PABFRTE.
852 2821 891 2826 —
918 2813 981 2835 nos
1007 2813 1075 2836 om.
1104 2805 1273 2843 PAFRT;
1302 2807 1464 2845 quocirca
1490 2807 1704 2838 seclusimus.
1731 2823 1775 2828 ——
1816 2807 1872 2839 20.

124 2848 312 2889 artificium
339 2849 467 2882 PAFT.
489 2868 529 2873 —
555 2852 612 2882 21.
639 2851 837 2882 industriae
860 2851 957 2882 PFT.
989 2851 1112 2884 Graev.
1135 2869 1173 2875 —
1202 2853 1259 2883 22.
1287 2853 1453 2884 divisione
1471 2862 1656 2884 causarum
1673 2852 1871 2885 PABFRT:

123 2902 308 2926 causarum
333 2896 500 2929 divisione
528 2898 566 2930 E.
595 2914 638 2919 —
665 2897 721 2928 23.
757 2897 911 2928 Primum
938 2898 1107 2930 PBFRT:
1136 2898 1291 2930 Primum
1316 2900 1406 2930 enim
1433 2899 1504 2930 ΑΕ.
1533 2916 1572 2921 -
1597 2904 1765 2939 perorata
1790 2909 1873 2931 nar-

123 2941 274 2979 ratione]
298 2951 360 2981 per
386 2946 628 2976 narrationem
653 2944 677 2976 Ρ
694 2968 702 2981 ,
727 2952 790 2983 per
814 2946 1022 2977 narratione
1049 2955 1101 2985 pr.
1129 2945 1158 2977 Α
1174 2969 1182 2984 ,
1208 2951 1287 2985 post
1313 2946 1557 2977 narrationem
1581 2946 1638 2978 FR
1657 2970 1665 2984 ,
1690 2951 1768 2987 post
1787 2945 1869 2986 (om.

124 2984 385 3024 narrationem)
412 2991 453 3022 T.
483 2990 539 3031 (Ut
566 3001 651 3028 nos,
680 2999 768 3022 corr.
796 2990 823 3022 A
852 2996 886 3022 et
910 3001 975 3032 mg.
1005 2991 1062 3033 T.)
1102 3009 1142 3014 —
1184 2993 1240 3024 24.
1269 2992 1503 3030 adversariis,
1531 2994 1614 3034 quid
1639 2992 1743 3034 (quod
1769 2992 1811 3034 R)
1836 2996 1873 3025 in.

124 3035 367 3079 controversiis
391 3038 458 3073 sit,
498 3039 526 3069 si
551 3047 590 3069 ea
617 3047 703 3078 quae
721 3055 734 3060 -
751 3053 764 3058 -
781 3055 794 3061 -
812 3040 1028 3070 convenient.
1056 3039 1118 3071 hoc
1142 3040 1243 3070 modo
1270 3039 1328 3070 ΚΤ
1355 3043 1387 3070 et
1413 3037 1551 3078 (omisso
1577 3039 1636 3080 sit)
1662 3039 1698 3071 P.
1730 3057 1768 3062 —
1812 3041 1868 3072 25.

122 3080 225 3111 utilia
250 3081 348 3111 nobis
374 3088 473 3114 erunt
499 3084 670 3116 PAFRT:
710 3083 808 3115 nobis
834 3085 940 3116 utilia
967 3090 1067 3116 erunt
1095 3086 1118 3117 E
1135 3110 1143 3123 ‚
1182 3086 1284 3117 utilia
1308 3087 1388 3115 sunt
1419 3086 1517 3117 nobis
1555 3086 1593 3118 B.
1635 3104 1669 3109 —
1716 3088 1797 3126 quid
1834 3089 1871 3118 in

123 3128 366 3158 controversiis
390 3130 609 3170 relinquatur
630 3132 656 3162 Α
675 3155 682 3166 ,
725 3132 809 3171 quid
840 3132 877 3162 in
903 3134 1079 3163 traversiis
1104 3133 1323 3173 relinquatur
1350 3132 1371 3163 F
1388 3155 1396 3168 ‚
1439 3133 1522 3172 quid
1552 3134 1590 3164 in
1625 3134 1870 3166 controversiis

121 3174 280 3205 relictum
307 3175 350 3206 sit
377 3176 416 3206 B.
447 3193 484 3199 —
514 3177 570 3208 26.
598 3177 640 3208 ab
668 3177 783 3208 Oreste
808 3182 955 3208 matrem
979 3179 1156 3210 PABFRT
1173 3202 1181 3215 ,
1208 3179 1259 3209 L:
1286 3182 1430 3209 matrem
1456 3180 1498 3211 ab
1526 3179 1643 3211 Oreste
1669 3180 1706 3211 E.
1734 3197 1775 3202 —
1809 3180 1866 3212 27.

121 3220 198 3251 iure
223 3220 348 3252 PBFT.
380 3239 417 3244 —
446 3221 502 3254 32.
530 3232 644 3254 sumus
670 3223 837 3255 PBFnT:
875 3226 980 3256 simus
1007 3226 1031 3256 Ε
1059 3227 1150 3257 coni.
1169 3248 1177 3262 ,
1219 3233 1286 3256 om.
1314 3225 1354 3256 A.
1382 3239 1426 3246 ·—
1467 3226 1524 3258 33.
1551 3235 1694 3258 numero
1718 3235 1788 3258 non
1813 3235 1865 3265 pr.

122 3265 205 3303 ΡΑ,
242 3276 384 3299 numero
417 3270 471 3300 uti
500 3278 570 3301 non
605 3270 628 3300 F
654 3274 688 3302 et
724 3279 813 3302 corr.
853 3271 929 3303 ead.
958 3280 1005 3303 m.
1032 3272 1081 3311 P,
1123 3280 1265 3304 numero
1291 3272 1461 3305 contineri
1483 3281 1554 3306 non
1591 3282 1678 3306 corr.
1704 3273 1756 3312 Α,
1798 3282 1868 3306 esse

122 3321 266 3345 numero
290 3322 362 3346 non
387 3315 428 3348 R.
