2117 3762
237 283 319 326 410
1007 288 1221 333 ORATOR

237 394 280 432 et
309 404 462 445 genera
491 393 611 446 plura
641 390 750 433 sint?
780 391 868 433 Hac
898 406 976 447 ego
996 392 1199 447 religione
1221 410 1305 438 non
1327 410 1418 438 sum
1439 394 1490 437 ab
1510 398 1590 438 hoc
1610 400 1761 439 conatu
1781 397 1989 454 repulsus,

237 453 557 509 existimavique
587 455 630 495 in
661 454 854 496 omnihus
883 454 1008 496 rebus
1049 469 1140 497 esse
1179 457 1333 513 aliquid
1364 459 1588 514 optimum,
1631 459 1792 502 etiamsi
1832 460 1992 510 lateret,

238 517 364 573 idque
395 515 446 558 ab
477 530 527 557 eo
559 528 707 570 posse,
739 515 810 571 qui
841 518 929 559 eius
960 517 1021 559 rei
1051 531 1203 572 gnarus
1234 527 1366 570 esset,
1399 522 1590 563 iudicari.

348 581 417 620 37.
451 580 532 620 Sed
563 578 760 632 quoniam
788 579 909 632 plura
938 586 1034 622 sunt
1064 583 1299 624 orationum
1328 598 1483 640 genera
1513 598 1645 639 eaque
1677 584 1840 627 diversa
1861 599 1995 642 neque

206 641 278 684 sin
307 655 431 683 unam
463 640 640 682 sormam
671 642 824 683 cadunt
854 644 1020 683 omnia:
1069 643 1377 695 laudationum,
1423 648 1697 702 scriptionum
1737 653 1777 689 et
1806 648 1997 689 historia-

233 718 328 747 rum
358 709 399 745 et
427 702 570 744 talium
601 704 864 753 suasionum,
909 707 1073 761 qualem
1103 708 1308 748 Isocrates
1339 707 1437 750 fecit
1465 711 1765 764 Panegyricum
1794 710 1996 765 multique

233 768 326 816 alii,
360 765 431 822 qui
459 770 555 807 sunt
583 766 786 808 nominati
815 768 1053 822 sophistae,
1096 769 1439 827 reliquarumque
1468 786 1612 814 rerum
1642 774 1845 821 formam,
1889 787 1996 827 quae

232 832 383 871 absunt
428 841 452 869 a
495 826 654 870 forensi
701 830 993 880 contentione,
1045 831 1218 887 eiusque
1267 832 1394 875 totius
1439 835 1632 888 generis,
1684 834 1795 891 quod
1838 837 1996 877 Graece

232 890 515 934 ἐπιδεικτικὸν
545 892 808 942 nominatur,
850 895 963 949 quod
993 897 1112 949 quasi
1143 894 1195 937 ad
1225 895 1530 951 inspiciendum
1561 896 1844 940 delectationis
1875 911 1998 940 causa

182 965 219 990 10
234 960 518 1010 comparatum
564 959 650 1003 est,
696 968 782 997 non
823 957 1078 1012 complectar
1117 960 1197 1000 hoc
1233 964 1453 1013 tempore:
1506 973 1590 1000 non
1631 974 1714 1014 quo
1746 959 1997 1014 negligenda

232 1020 312 1069 sit3
363 1023 425 1059 est
464 1018 574 1058 enim
604 1016 675 1058 illa
705 1018 823 1072 quasi
852 1022 994 1062 nutrix
1024 1022 1112 1062 eius
1144 1020 1343 1068 oratoris,
1393 1034 1517 1076 quem
1547 1020 1772 1063 informare
1803 1022 1998 1064 volumus

231 1088 272 1124 et
303 1082 355 1122 de
386 1094 468 1136 quo
500 1079 696 1121 molimur
736 1080 896 1135 aliquid
937 1084 1183 1138 exquisitius
1215 1083 1371 1124 dicere.
1432 1084 1528 1124 XII.
1574 1085 1637 1124 Ab
1669 1087 1744 1125 hac
1775 1090 1816 1126 et
1845 1087 1998 1127 verbo-

231 1158 323 1186 rum
364 1143 485 1199 copia
520 1142 646 1184 alitur
687 1148 729 1184 et
767 1157 916 1186 eorum
960 1146 1213 1188 constructio
1254 1152 1295 1188 et
1332 1159 1534 1187 numerus
1573 1144 1772 1188 liberiore
1817 1146 1996 1202 quadam

227 1206 382 1249 fruitur
418 1205 599 1247 licentia.
659 1207 727 1247 38.
775 1209 906 1249 Datur
946 1208 1071 1251 etiam
1109 1212 1231 1251 venia
1269 1209 1538 1249 concinnitati
1583 1210 1909 1259 sententiarum,
1957 1214 1998 1252 et

177 1277 215 1305 1⁵
230 1268 366 1325 arguti
395 1269 582 1324 certique
613 1273 655 1309 et
684 1270 985 1326 circumscripti
1015 1273 1243 1313 verborum
1273 1269 1450 1312 ambitus
1493 1273 1800 1320 conceduntur,
1847 1273 1898 1313 de
1935 1273 1998 1314 in-

229 1333 470 1387 dustriaque
500 1345 585 1372 non
615 1346 668 1372 ex
696 1333 856 1374 insidiis
875 1365 887 1382 ,
939 1336 1013 1375 sed
1052 1339 1193 1389 aperte
1232 1347 1280 1375 ac
1308 1333 1445 1389 palam
1476 1334 1740 1382 elaboratur,
1791 1339 1839 1374 ut
1866 1336 1999 1376 verba

227 1396 369 1437 verbis
420 1395 538 1450 quasi
589 1393 786 1436 demensa
831 1401 873 1437 et
914 1398 1030 1451 paria
1075 1398 1385 1450 respondeant,
1438 1402 1484 1438 ut
1528 1394 1679 1437 crebro
1725 1395 1997 1438 conferantur

227 1457 456 1514 pugnantia
486 1463 860 1513 comparenturque
890 1461 1118 1508 contraria,
1169 1465 1210 1501 et
1239 1465 1285 1501 ut
1314 1460 1471 1515 pariter
1502 1464 1689 1500 extrema
1719 1462 1997 1501 terminentur

228 1523 491 1576 eundemque
535 1520 719 1561 referant
756 1523 798 1562 in
839 1521 1024 1563 cadendo
1068 1535 1237 1573 sonum;
1288 1536 1395 1576 quae
1434 1524 1477 1562 in
1507 1523 1680 1563 veritate
1711 1535 1928 1564 causarum
1958 1526 2000 1564 et

179 1592 214 1618 20
228 1585 363 1627 rarius
392 1582 523 1625 multo
553 1582 725 1624 facimus
757 1589 798 1626 et
819 1590 932 1625 certe
955 1586 1176 1627 occultius.
1238 1587 1284 1626 In
1304 1585 1610 1625 Panathenaico
1634 1590 1772 1626 autem
1793 1585 1999 1626 Isocrates

229 1662 279 1689 ea
308 1646 493 1689 studiose
523 1652 805 1688 consectatum
835 1648 1012 1689 fatetur:
1059 1661 1144 1688 non
1175 1648 1285 1688 enim
1316 1647 1369 1689 ad
1398 1647 1650 1688 iudiciorum
1685 1653 1895 1688 certamen
1925 1646 2000 1689 sed

229 1713 281 1752 ad
322 1703 579 1763 voluptatem
622 1709 785 1751 aurium
829 1712 1065 1766 scripserat.
1144 1713 1213 1752 39.
1261 1712 1376 1751 Haec
1415 1715 1615 1751 tractasse
1646 1711 1999 1765 Thrasymachum

230 1772 553 1814 Calchedonium
583 1773 764 1827 primum
796 1778 837 1814 et
865 1774 1114 1815 Leontinum
1153 1772 1294 1814 ferunt
1325 1772 1548 1827 Gorgiam,
1601 1772 1870 1814 Theodorum
1899 1772 2000 1814 inde

227 1835 469 1892 Byzantium
517 1835 752 1890 multosque
797 1835 924 1893 alios,
975 1850 1079 1892 quos
1121 1837 1460 1891 λογοδαιὸάλους
1501 1835 1683 1891 appellat
1720 1836 1763 1876 in
1807 1837 1998 1877 Phaedro

177 1906 214 1932 25
229 1901 447 1947 Socrates;
482 1911 662 1953 quorum
693 1899 791 1939 satis
821 1904 968 1952 arguta
999 1899 1126 1940 multa
1145 1931 1155 1948 ‚
1197 1902 1269 1940 sed
1300 1905 1346 1941 ut
1375 1898 1502 1940 modo
1534 1901 1799 1954 primumque
1828 1912 2001 1940 nascen-

228 1961 285 2002 tia
315 1961 475 2002 minuta
513 1967 552 2001 et
595 1961 898 2002 versicolorum
943 1963 1096 2003 similia
1127 1964 1332 2016 quaedam
1362 1961 1620 2015 nimiumque
1652 1960 1830 2014 depicta.
1904 1963 1998 2011 Quo

227 2024 359 2078 magis
388 2029 483 2065 sunt
511 2025 753 2064 Herodotus
786 2023 1131 2079 Thucydidesque
1172 2025 1410 2073 mirabiles;
1462 2038 1643 2078 quorum
1685 2029 1799 2064 aetas
1830 2037 1925 2064 cum
1956 2024 1999 2064 in

229 2101 375 2129 eorum
403 2092 594 2142 tempora
623 2101 729 2141 quos
760 2088 972 2128 nominavi
1002 2088 1240 2135 incidisset,
1274 2087 1514 2140 longissime
1535 2091 1676 2127 tamen
1697 2085 1778 2141 ipsi
1800 2100 1824 2127 a
1846 2086 1998 2127 talibus

229 2149 388 2191 deliciis
420 2149 486 2191 vel
516 2150 653 2204 potius
685 2149 851 2204 ineptiis
882 2151 1090 2190 afuerunt.
1150 2150 1266 2190 Alter
1297 2151 1407 2190 enim
1440 2151 1528 2190 sine
1560 2149 1654 2190 ullis
1685 2147 1858 2190 salebris
1880 2150 1999 2204 quasi

177 2224 214 2253 ³0
227 2214 393 2255 sedatus
423 2212 555 2253 amnis
584 2210 692 2258 ssuit,
726 2211 830 2253 alter
858 2212 1067 2253 incitatior
1095 2210 1228 2253 fertur
1260 2218 1300 2253 et
1331 2214 1381 2253 de
1414 2211 1574 2252 bellicis
1594 2213 1720 2252 rebus
1742 2210 1854 2252 canit
1874 2211 1999 2252 etiam

228 2273 540 2330 quodammodo
570 2272 797 2324 bellicum;
829 2274 1058 2329 primisque
1088 2277 1139 2315 ab
1172 2276 1262 2323 bis,
1294 2280 1340 2316 ut
1370 2276 1426 2315 ait
1456 2276 1793 2328 Theophrastus,
1823 2275 1998 2316 historia

228 2342 437 2378 commota
477 2343 560 2385 est,
609 2343 654 2378 ut
693 2336 865 2378 auderet
904 2339 1077 2379 uberius
1117 2351 1241 2392 quam
1282 2337 1523 2392 superiores
1554 2341 1595 2378 et
1624 2337 1809 2378 ornatius
1840 2337 1994 2378 dicere.

226 2401 340 2441 XIII.
372 2401 439 2440 40.
468 2400 631 2440 Horum
663 2400 788 2440 aetati
818 2399 1019 2441 successit
1049 2402 1278 2448 Isocrates,
1313 2400 1384 2455 qui
1413 2404 1580 2455 praeter
1609 2404 1773 2440 ceteros
1805 2398 1995 2441 eiusdem

228 2462 393 2516 generis
421 2460 614 2503 laudatur
644 2475 809 2516 semper
839 2476 862 2503 a
882 2461 1028 2510 nobis,
1060 2475 1385 2517 nonnunquam,
1417 2466 1565 2510 Brute,
1596 2461 1747 2503 leniter
1771 2465 1812 2502 et
1834 2463 1997 2503 erudite

179 2537 216 2564 ³⁵
229 2530 488 2581 repugnante
518 2530 586 2574 te;
620 2527 692 2566 sed
723 2527 845 2565 cedes
876 2526 978 2565 mihi
1008 2524 1212 2574 sortasse,
1246 2526 1303 2573 si,
1338 2526 1437 2581 quid
1468 2526 1511 2566 in
1542 2538 1593 2566 eo
1624 2524 1811 2571 laudem,
1845 2537 1999 2578 cogno-

228 2587 353 2630 veris.
410 2589 515 2628 Nam
551 2600 646 2628 cum
688 2588 878 2628 concisus
916 2589 954 2628 ei
994 2587 1325 2644 Thrasymachus
1364 2587 1532 2628 minutis
1571 2587 1755 2628 numeris
1785 2584 1997 2627 videretur

229 2656 271 2692 et
316 2650 515 2704 Gorgias,
567 2649 636 2705 qui
677 2655 816 2690 tamen
855 2649 982 2705 primi
1022 2650 1245 2692 traduntur
1279 2656 1368 2692 arte
1407 2652 1584 2706 quadam
1622 2647 1752 2690 verba
1794 2647 1996 2698 vinxisse,

322 2774 355 2804 1.
382 2771 544 2812 depulsus
569 2771 691 2803 Lamb.
719 2788 760 2793 —
786 2772 820 2803 2.
848 2772 993 2812 aliquod
1019 2776 1196 2810 optumum
1224 2774 1322 2805 Eins.
1351 2790 1393 2795 —
1420 2772 1454 2804 3.
1480 2779 1590 2802 naras
1620 2770 1740 2801 Lamb.
1772 2786 1810 2793 -·
1851 2770 1886 2801 4.
1917 2779 1998 2801 ora-

230 2820 338 2852 tionis
364 2819 461 2850 Eius.
483 2836 520 2841 —
550 2819 584 2851 5.
611 2819 837 2854 suasionum,
870 2819 1099 2850 historiarum
1125 2824 1156 2850 et
1181 2820 1303 2851 talium
1328 2820 1558 2859 scriptionum
1577 2816 1700 2848 Lamb.
1730 2821 1848 2849 contra
1875 2816 1996 2856 libros,

230 2870 354 2906 utique
381 2866 553 2905 speciose.
572 2866 624 2888 '—
651 2865 685 2896 8.
714 2876 736 2896 α
765 2866 833 2896 Vit.
864 2865 958 2896 Eins.
979 2889 987 2903 ‚
1015 2866 1069 2897 R:
1098 2867 1140 2897 ab
1161 2867 1200 2897 E.
1230 2884 1268 2890 —-
1296 2868 1330 2898 9.
1359 2867 1447 2907 quia
1474 2865 1576 2904 quasi
1602 2863 1691 2895 Ven.
1721 2873 1772 2904 pr.
1802 2868 1837 2896 et
1861 2873 1931 2896 sec.
1956 2880 1997 2888 -

231 2914 469 2953 aspiciendum
494 2913 591 2944 Eins.
619 2927 662 2935 —
690 2913 747 2943 10.
777 2913 988 2951 complector
1013 2912 1080 2944 Gu.
1109 2915 1141 2944 1.
1169 2913 1203 2943 2.
1235 2931 1272 2936 -
1305 2913 1359 2945 16.
1385 2912 1439 2951 ac]
1468 2917 1497 2943 et
1523 2911 1566 2942 R.
1597 2927 1634 2933 —
1664 2910 1722 2942 17.
1749 2911 1905 2942 dimensa
1923 2911 1996 2944 Vit.

234 2961 277 2992 Ut
297 2969 372 2999 nos,
401 2961 508 2992 ceteri
539 2960 640 2998 libri,
668 2959 697 2990 R
725 2962 760 2991 et
785 2959 917 2991 Nonius
944 2962 978 2991 in
1004 2968 1037 2992 v.
1057 2960 1266 2992 demensum.
1297 2978 1334 2984 —
1362 2960 1544 2999 conserant
1567 2974 1581 2980 -
1606 2960 1876 2997 comparentque
1903 2958 1995 2996 libri,

233 3008 279 3045 R,
311 3008 431 3039 Lamb.
483 3006 527 3038 Ut
552 3015 639 3043 nos,
678 3007 773 3039 Man.
803 3006 932 3045 Gryph.
961 3014 1031 3037 sce.
1062 3023 1100 3029 --
1145 3007 1202 3037 21.
1230 3016 1270 3038 ea
1295 3016 1329 3039 se
1353 3006 1508 3037 studiose
1534 3004 1613 3036 Am.
1641 3012 1736 3041 sec.,
1780 3013 1821 3035 ea
1845 3004 1999 3036 studiose

230 3062 264 3085 se
288 3055 382 3086 lunt.
409 3062 480 3085 sec.
499 3069 535 3076 —
565 3058 802 3085 consectatum
829 3053 896 3084 Vit.
925 3053 1020 3085 Eins.
1048 3052 1108 3084 Dr.
1139 3052 1206 3084 Gu.
1236 3055 1268 3084 1.
1298 3055 1330 3086 2.
1360 3053 1524 3089 (testibus
1551 3052 1677 3085 Petet-0
1705 3056 1739 3083 et.
1755 3051 1926 3087 Kleinio),
1955 3052 1994 3090 R,

231 3100 379 3133 Lamb.:
408 3103 627 3132 consecutum
654 3100 742 3132 Ven.
771 3109 823 3138 pr.
853 3100 893 3130 Ε.
924 3117 959 3122 -
1008 3100 1065 3131 22.
1093 3100 1139 3131 ad
1165 3105 1245 3132 ante
1270 3100 1486 3140 voluptatem
1513 3107 1581 3130 om.
1610 3097 1655 3129 R.
1692 3114 1733 3120 -
1772 3098 1831 3129 23.
1861 3098 1998 3129 Calche-

231 3147 375 3177 donium
400 3148 468 3178 vit.
497 3147 564 3178 Gu.
592 3149 624 3179 1.
652 3147 709 3178 2.;
739 3147 1004 3179 chalcedonium
1031 3147 1104 3178 RE.
1132 3146 1202 3178 Cfr.
1231 3147 1274 3180 de
1301 3146 1398 3178 Orat.
1419 3147 1438 3178 3
1455 3170 1464 3182 ,
1492 3145 1548 3176 32.
1579 3143 1660 3176 128.
1687 3145 1788 3176 Brut.
1807 3144 1849 3182 8,
1876 3144 1934 3175 30.
1956 3161 1992 3168 -

233 3192 390 3232 Gorgian
416 3194 510 3225 Eius.
537 3194 597 3226 Dr.
617 3216 626 3230 ,
654 3194 696 3225 R.
728 3210 767 3217 -
796 3193 854 3225 26.
879 3194 1127 3225 versicolorum
1155 3193 1242 3225 Vit.·.
1286 3193 1548 3224 versicoloriam
1570 3190 1718 3228 Lamb.,
1747 3190 1996 3222 versiculorum

233 3248 312 3271 cum
340 3240 462 3271 ceteris
491 3240 585 3271 tibris
612 3241 686 3273 RE.
723 3255 764 3262 -·
805 3240 862 3272 28.
901 3241 969 3280 ipsi
996 3249 1065 3272 om.
1100 3240 1171 3271 vit.
1212 3255 1250 3262 —
1297 3241 1356 3272 30.
1385 3243 1415 3272 et
1439 3240 1564 3271 bellicis
1590 3236 1676 3275 (om.
1702 3238 1758 3279 de)
1785 3238 1825 3269 R.
1853 3252 1894 3258 —
1936 3238 1994 3270 34.

234 3286 362 3318 leniter
387 3286 447 3316 Dr.
476 3286 541 3319 Gu.
571 3288 603 3318 1.
633 3288 691 3318 2.:
731 3287 850 3319 leviter
876 3286 944 3319 vn.
972 3287 1067 3318 Eins.
1087 3310 1096 3324 ,
1122 3286 1198 3319 RE.
1226 3303 1267 3309 —
1310 3288 1367 3319 35.
1396 3287 1492 3318 cedes
1518 3284 1729 3316 Schutzius:
1768 3283 1881 3314 credes
1908 3283 1994 3322 vit„

232 3333 353 3365 credas
380 3332 473 3363 Eins.
501 3332 586 3367 Dr..
615 3334 669 3373 R,
705 3334 807 3366 cedas
832 3334 915 3366 Ern.
944 3335 1037 3366 coni.
1069 3350 1105 3357 —
1135 3332 1192 3366 37.
1220 3335 1374 3366 iunxisse
1399 3334 1470 3367 vit.
1496 3332 1618 3372 Eius„
1655 3331 1699 3364 R.
1743 3330 1787 3363 Ut
1813 3338 1897 3369 n08,
1926 3330 1994 3363 Gu.

233 3381 266 3413 1.
295 3380 327 3412 2.
357 3383 390 3412 et
416 3378 484 3412 duo
509 3378 631 3412 Lamb.
