2117 3762
249 256 332 297 224
946 256 1016 295 DE
1049 253 1295 296 ORATORE

250 363 383 405 diam:
431 362 530 418 quid
569 362 679 404 enim
719 367 789 402 tua
817 364 954 414 potest
986 360 1175 400 oratione
1205 365 1275 401 aut
1314 358 1505 401 subtilius
1552 362 1622 399 aut
1661 360 1847 402 ornatius
1888 364 2006 403 esse?

197 446 199 449 ⁴
249 427 323 467 sed
354 426 440 467 sive
472 425 648 472 iudicio,
680 429 724 464 ut
754 422 863 462 soles
896 420 1058 469 dicere,
1102 422 1214 470 sive,
1256 427 1300 463 ut
1330 422 1399 462 ille
1432 426 1551 476 pater
1582 420 1845 475 eloquentiae
1879 422 1929 464 de
1960 436 2004 464 se

248 488 450 528 Isocrates
493 485 655 541 scripsit
692 484 799 538 ipse,
845 485 1005 537 pudore
1037 497 1061 523 a
1090 481 1264 524 dicendo
1297 490 1339 525 et
1369 483 1588 524 timiditate
1619 484 1800 536 ingenua
1829 487 2007 539 quadam

247 548 459 603 refugisti,
501 548 610 596 sive,
643 552 687 587 ut
716 548 805 598 ipse
835 544 964 586 iocari
996 546 1127 595 soles,
1175 559 1302 586 unum
1331 546 1484 600 putasti
1515 547 1613 587 satis
1644 559 1734 586 csse
1764 561 1850 587 non
1880 546 2005 588 modo

217 611 289 652 sin
319 625 399 652 una
428 610 583 652 familia
612 610 826 649 rhetorem
856 610 929 649 sed
959 621 1090 663 paene
1120 607 1162 648 in
1193 613 1277 648 tota
1307 609 1496 658 civitate,
1547 622 1629 650 non
1660 614 1797 650 tamen
1828 609 2008 651 arbitror

246 673 321 714 tihi
351 675 428 715 hos
458 673 588 713 libros
617 670 659 711 in
691 684 740 711 eo
771 670 863 711 fore
894 684 1072 724 genere,
1116 668 1228 725 quod
1258 670 1405 711 merito
1438 676 1608 726 propter
1639 685 1812 721 eorum,
1855 671 1926 726 qui
1957 673 2008 712 de

247 735 408 777 dicendi
439 736 600 775 ratione
640 734 926 788 disputarunt,
973 732 1234 775 ieiunitatem
1270 734 1474 773 bonarum
1518 734 1666 775 artium
1708 733 1842 787 possit
1873 732 2004 774 illudi.

249 801 314 839 11.
348 797 455 839 Nihil
486 798 597 837 enim
627 796 730 837 mihi
756 795 925 850 quidem
951 795 1119 838 videtur
1157 797 1198 836 in
1234 794 1370 837 Crassi
1409 800 1449 836 ct
1488 797 1655 838 Antonii
1688 809 1881 837 sermone
1917 808 2008 836 esse

244 861 532 915 praeteritum,
565 861 677 913 quod
710 858 928 914 quisquam
955 860 1127 900 summis
1156 858 1357 912 ingeniis,
1394 859 1607 901 acerrimis
1641 860 1809 908 studiis,
1851 859 2008 912 optima

195 934 231 958 10
246 923 454 972 doctrina,
485 922 666 962 maximo
695 935 774 963 usu
804 923 997 976 cognosci
1026 935 1073 962 ac
1100 921 1262 976 percipi
1289 920 1475 976 potuisse
1496 924 1794 973 arbitraretur3
1829 923 1943 976 quod
1964 926 2009 961 tu

243 985 437 1027 facillime
471 984 627 1040 poteris
666 983 866 1033 iudicare,
915 985 985 1040 qui
1021 983 1283 1039 prudentiam
1330 984 1616 1038 rationemque
1657 986 1820 1027 dicendi
1858 1000 1935 1039 per
1969 988 2009 1025 te

242 1050 399 1103 ipsum,
445 1062 567 1089 usum
596 1053 735 1089 autem
766 1061 843 1103 per
874 1061 951 1089 nos
984 1048 1202 1101 percipere
1237 1045 1418 1087 voluisti.
1479 1047 1581 1094 Sed,
1632 1061 1715 1102 quo
1756 1047 1877 1090 citius
1908 1048 2007 1095 hoc,

243 1113 355 1166 quod
379 1109 653 1166 suscepimus,
685 1123 769 1151 non
794 1111 1007 1151 mediocre
1028 1124 1178 1151 munus
1205 1107 1410 1150 conficere
1436 1108 1662 1164 possimus,
1695 1110 1846 1152 omissa
1866 1114 2010 1151 nostra

243 1171 560 1222 adhortatione,
593 1174 645 1213 ad
666 1185 835 1222 eorum,
867 1187 971 1229 quos
992 1170 1308 1228 proposuimus,
1340 1185 1575 1213 sermonem
1604 1172 2008 1227 disputationemque

191 1243 228 1269 1⁵
243 1236 470 1279 veniamus.

356 1300 423 1340 12.
466 1299 640 1339 Postero
677 1296 802 1352 igitur
834 1296 920 1346 die,
972 1311 1095 1352 quam
1128 1298 1198 1340 illa
1233 1302 1352 1340 erant
1383 1302 1495 1346 acta,
1543 1300 1648 1340 hora
1685 1297 1773 1341 fere
1806 1300 2006 1348 secunda,

241 1375 335 1403 cum
368 1362 489 1402 etiam
518 1366 606 1401 tum
637 1361 679 1400 in
714 1361 823 1401 lecto
856 1362 1025 1403 Crassus
1058 1368 1166 1403 esset
1205 1367 1245 1403 et
1284 1360 1393 1417 apud
1433 1375 1529 1403 eum
1561 1361 1767 1415 Sulpicius
1815 1361 2003 1411 sederet,

239 1425 442 1468 Antonius
463 1429 600 1464 autem
621 1421 897 1464 inambularet
927 1438 1020 1464 cum
1053 1426 1170 1466 Cotta
1195 1425 1236 1465 in
1257 1425 1444 1478 porticu,
1477 1430 1649 1477 repente
1679 1439 1729 1465 eo
1762 1425 1814 1474 Q.
1839 1424 2004 1467 Catulus

241 1501 370 1528 senex
403 1500 496 1528 cum
528 1488 570 1528 C.
603 1485 709 1526 Iulio
736 1484 863 1526 fratre
894 1485 1022 1527 venit.
1085 1485 1208 1535 Quod
1238 1487 1309 1528 ubi
1340 1485 1517 1534 audivit,
1569 1491 1802 1528 commotus
1835 1489 2004 1529 Crassus

192 1562 228 1587 ἰο
242 1550 422 1591 surrexit
447 1561 675 1603 omnesque
701 1547 891 1588 admirati
921 1549 1124 1590 maiorem
1160 1548 1339 1603 aliquam
1371 1563 1461 1590 esse
1488 1563 1653 1590 causam
1685 1562 1831 1590 eorum
1854 1551 2008 1591 adven-

242 1618 307 1652 tus
344 1612 539 1666 suspicati
575 1615 683 1652 sunt.
748 1612 813 1650 13.
859 1611 940 1659 Qui
975 1625 1069 1651 cum
1110 1610 1218 1652 inter
1257 1627 1325 1661 se,
1372 1618 1417 1654 ut
1459 1612 1646 1665 ipsorum
1688 1625 1787 1653 usus
1828 1611 2007 1660 ferebat,

241 1674 490 1714 amicissime
537 1674 891 1714 consalutassent:
945 1672 1051 1722 Quid
1086 1687 1161 1715 vos
1210 1673 1398 1722 tandem,
1447 1676 1636 1722 Crassus,
1683 1673 2005 1730 numquidnam,

240 1735 397 1790 inquit,
430 1736 556 1777 novi?
607 1735 718 1776 Nihil
746 1749 866 1784 sane,
899 1736 1034 1791 inquit
1069 1735 1260 1778 Catulus:
1305 1735 1457 1777 etenim
1478 1738 1596 1778 vides
1632 1750 1723 1778 esse
1748 1737 1886 1788 ludos;
1935 1737 2009 1777 sed

243 1798 321 1853 (vel
355 1805 399 1839 tu
440 1812 516 1839 nos
556 1799 720 1852 ineptos
751 1798 872 1847 licet,
923 1797 1110 1854 [inquit,]
1161 1798 1227 1839 vel
1258 1798 1457 1840 molestos
1487 1798 1620 1853 putes)
1654 1814 1745 1839 cum
1786 1801 1838 1840 ad
1871 1813 1937 1839 me
1965 1799 2009 1839 in

191 1874 226 1900 25
242 1860 539 1910 Tusculanum,
582 1861 740 1916 inquit,
789 1861 882 1902 heri
916 1863 1081 1917 vesperi
1128 1862 1307 1902 venisset
1349 1861 1500 1901 Caesar
1537 1862 1589 1901 de
1630 1863 1864 1902 Tusculano
1908 1873 2006 1908 suo,

241 1923 343 1966 dixit
376 1924 477 1964 mihi
510 1938 534 1965 a
557 1937 601 1965 se
635 1924 875 1965 Scaevolam
910 1925 1005 1964 hinc
1050 1929 1217 1966 euntem
1255 1937 1345 1964 esse
1374 1928 1651 1972 conventum,
1701 1938 1753 1964 ex
1789 1937 1873 1978 quo
1903 1924 2008 1964 mira

241 1985 445 2042 quaedam
482 2000 525 2028 se
555 1986 717 2027 audisse
749 1986 933 2036 dicebat3
983 1991 1043 2034 te,
1090 2000 1213 2040 quem
1244 2000 1322 2040 ego
1352 1986 1475 2027 toties
1509 1987 1621 2026 omni
1651 1987 1813 2027 ratione
1845 1990 2006 2026 tentans

240 2051 292 2090 ad
325 2048 615 2104 disputandum
648 2048 800 2090 elicere
830 2062 914 2091 non
934 2049 1188 2104 potuissem,
1220 2048 1426 2102 permulta
1454 2049 1505 2089 de
1534 2049 1773 2102 eloquentia
1803 2061 1895 2090 cum
1924 2050 2008 2089 An-

239 2113 355 2153 tonio
389 2111 632 2154 disseruisse
665 2117 706 2153 et
733 2118 942 2167 tamquam
972 2112 1013 2152 in
1045 2111 1188 2152 schola
1214 2124 1346 2166 prope
1371 2110 1422 2152 ad
1452 2113 1706 2152 Graecorum
1740 2109 2007 2151 consuetudi-

192 2187 336 2216 sonem
365 2173 610 2229 disputasse.
675 2177 739 2219 14.
784 2176 843 2216 Ita
876 2189 942 2215 me
976 2173 1105 2215 frater
1143 2173 1331 2215 exoravit
1359 2187 1410 2214 ne
1439 2174 1573 2228 ipsum
1609 2174 1778 2227 quidem
1815 2187 1837 2214 a
1867 2173 2005 2214 studio

240 2235 436 2278 audiendi
466 2236 588 2278 nimis
619 2235 936 2283 abhorrentem,
968 2238 1041 2277 sed
1067 2235 1306 2277 mehercule
1337 2240 1577 2283 verentem,
1610 2249 1662 2276 ne
1690 2233 1854 2277 molesti
1881 2233 2001 2276 vobis

240 2299 610 2348 interveniremus,
656 2305 701 2340 ut
730 2301 810 2340 huc
847 2312 987 2340 secum
1022 2300 1222 2340 venirem.
1284 2298 1447 2340 Etenim
1485 2297 1726 2339 Scaevolam
1766 2298 1823 2340 ita
1866 2299 2005 2339 dicere

241 2362 401 2410 aiebat,
444 2363 597 2403 bonam
625 2367 785 2418 partem
813 2362 1016 2403 sermonis
1045 2362 1087 2402 in
1120 2363 1231 2402 hunc
1257 2359 1366 2402 diem
1407 2374 1498 2402 esse
1531 2359 1713 2402 dilatam.
1772 2361 1864 2401 Hoc
1894 2364 1939 2401 tu
1970 2358 2005 2400 si

241 2423 430 2479 cupidius
455 2423 609 2466 sactum
642 2426 876 2473 existimas,
909 2423 1073 2466 Caesari
1101 2422 1324 2473 attribues3
1364 2423 1399 2464 si
1432 2422 1697 2471 familiarius,
1735 2424 1900 2478 utrique
1930 2435 2005 2462 no·-

193 2501 228 2526 35
243 2489 390 2529 strum.
450 2489 534 2529 Nos
569 2487 759 2542 quidem,
804 2485 883 2528 nisi
912 2485 1020 2528 forte
1054 2487 1218 2528 molesti
1251 2485 1575 2535 intervenimus,
1617 2486 1781 2527 venisse
1810 2484 1999 2525 delectat.

243 2551 313 2594 IV.
346 2551 413 2591 15.
454 2551 559 2591 Tum
590 2552 780 2592 Crassus:
827 2550 1054 2603 Equidem,
1099 2562 1371 2603 quaecunque
1402 2563 1476 2591 vos
1507 2563 1630 2591 causa
1662 2551 1743 2589 huc
1778 2546 2000 2595 attulisset,

242 2612 445 2663 laetarer,
479 2626 572 2654 cum
604 2614 712 2669 apud
742 2625 809 2653 me
832 2611 1019 2654 viderem
1050 2610 1239 2653 homines
1263 2612 1363 2652 mihi
1384 2610 1618 2653 carissimos
1643 2616 1683 2651 et
1705 2611 2001 2662 amicissimos;

336 2784 370 2815 1.
393 2786 506 2824 potest
530 2791 598 2816 esse
622 2787 685 2815 tua
709 2799 723 2806 —
749 2798 764 2805 ·
789 2782 980 2815 ornatius?
1006 2782 1050 2814 R.
1076 2798 1120 2803 —
1164 2781 1197 2812 2.
1224 2783 1282 2814 sed
1307 2782 1334 2813 B
1360 2781 1515 2823 aliique:
1542 2781 1600 2813 sed
1627 2781 1794 2821 quoniam
1820 2789 1898 2814 cum
1926 2781 2000 2814 aliis

242 2827 297 2870 R,
323 2831 383 2861 sed
406 2839 615 2872 quamquam
640 2829 835 2863 Ernestius.
866 2845 904 2852 —-
932 2829 1016 2861 soles
1042 2829 1118 2860 libri
1145 2830 1265 2867 (etiam
1293 2826 1359 2868 B),
1387 2829 1438 2860 R:
1466 2829 1556 2860 soleo
1575 2828 1718 2860 Pearcio
1738 2833 1879 2861 auctore
1899 2828 1940 2860 E.
1959 2843 2000 2850 —

243 2877 278 2908 5.
304 2886 376 2908 non
401 2875 531 2918 tamen]
559 2877 618 2910 sed
643 2881 759 2908 tamen
782 2885 853 2906 nori
880 2876 1020 2908 Bakius.
1049 2893 1089 2898 —
1127 2876 1161 2907 7.
1190 2877 1373 2907 ieiunitate
1397 2875 1471 2906 BR.
1501 2891 1542 2898 —-
1564 2876 1700 2915 possint
1725 2875 1765 2906 B.
1800 2890 1833 2896 —
1872 2874 1906 2907 8.
1932 2883 2001 2907 ser-

240 2932 342 2954 mone
368 2933 435 2957 om.
464 2924 505 2955 Β.
532 2941 568 2947 -
613 2925 669 2956 10.
698 2924 753 2962 αο]
780 2927 843 2954 aut
867 2923 907 2955 Β.
933 2940 979 2945 —-
1019 2923 1074 2954 12.
1104 2921 1233 2963 autem]
1260 2931 1343 2953 vero
1368 2923 1412 2954 R.
1451 2937 1491 2944 ——·
1531 2921 1587 2953 14.
1625 2922 1864 2953 exhortatione
1888 2922 1928 2954 B.
1960 2935 1996 2942 -·

245 2970 301 3001 16.
329 2970 399 3009 fere
425 2972 511 3003 hora
536 2971 577 3003 B.
605 2986 647 2995 —
688 2971 744 3002 17.
773 2975 804 3002 et
831 2974 904 3002 tum
929 2970 967 3003 B.
995 2987 1038 2991 —
1082 2970 1140 3000 22.
1166 2970 1374 3001 salutassent
1400 2969 1441 3000 Β.
1468 2983 1508 2992 -
1546 2977 1610 2999 nos
1638 2969 1678 3000 B.
1706 2985 1748 2991 —
1785 2968 1842 3000 24.
1882 2968 1999 3007 inquit

247 3016 373 3048 delevit
399 3017 581 3050 Schiitzius
608 3022 642 3051 et
674 3017 823 3050 Ellendt.
873 3016 942 3049 Nos
968 3017 1190 3049 seclusimus.
1226 3033 1271 3037 —
1309 3016 1365 3047 25.
1402 3016 1517 3055 inquit
1551 3015 1693 3047 seclusit
1731 3015 1928 3047 Ernestius.
1957 3028 1998 3036 -·

245 3061 303 3094 28.
329 3063 370 3093 de
394 3064 586 3104 eloquentia
612 3068 710 3105 ponit
735 3068 813 3105 post
839 3072 869 3095 v.
897 3064 1094 3095 disseruisse
1120 3063 1161 3094 R.
1191 3079 1232 3085 —
1259 3062 1315 3093 30.
1343 3063 1399 3094 Ita
1422 3071 1474 3093 ‘me
1499 3061 1610 3102 frater
1636 3063 1797 3094 cameravit
1820 3069 1862 3093 ne
1886 3062 1999 3100 ipsum

244 3109 382 3150 quidem
407 3126 420 3132 -
443 3112 546 3143 nimis
572 3121 589 3144 e
629 3111 739 3144 Codd.
777 3110 982 3142 Schutziusz
1024 3111 1082 3142 Ita
1109 3118 1160 3140 me
1190 3107 1303 3149 frater
1328 3109 1488 3140 emoravit
1512 3117 1564 3140 me
1588 3107 1665 3148 (sic)
1690 3110 1806 3148 ipsum
1829 3116 1901 3139 non
1924 3107 2000 3148 qui-

246 3155 322 3186 dem
347 3171 360 3177 -
384 3157 488 3187 nimis
512 3158 559 3197 B,
602 3159 725 3199 Itaque
750 3157 860 3198 frater
883 3158 1045 3189 eaeoravtt
1069 3165 1122 3189 me
1156 3157 1294 3195 ipsum:
1334 3164 1406 3187 non
1439 3156 1579 3196 quidem
1602 3172 1617 3178 -
1641 3156 1743 3187 nimis
1775 3156 1805 3186 R
1822 3177 1831 3193 ,
1873 3154 1999 3196 Itaque

245 3203 360 3244 frater
385 3205 542 3234 exoravit
565 3215 636 3244 me,
670 3206 784 3245 ipsum
809 3204 944 3244 quidem
967 3219 981 3224 —
1004 3212 1077 3235 non
1100 3203 1202 3234 nimis
1237 3202 1278 3233 E.
1315 3217 1357 3224 -
1393 3201 1450 3233 31.
1485 3206 1656 3235 verentem
1681 3205 1795 3234 tamen
1818 3200 1927 3232 Aldus
1963 3203 1998 3232 et

246 3248 335 3280 Edd.
363 3253 442 3281 ante
469 3250 508 3281 E.
537 3267 573 3274 —
617 3251 674 3286 32.
701 3252 838 3284 Etenim
863 3250 1064 3283 Scaevolam
1090 3250 1202 3282 Havn.
1230 3249 1264 3280 1.
1292 3248 1327 3281 2.
1353 3248 1481 3289 aliique
1508 3249 1646 3281 Codd.:
1680 3248 1883 3280 Scaevolam
1908 3248 1997 3278 enim

245 3294 379 3328 BRET.
410 3312 447 3319 —
477 3295 532 3329 33.
562 3301 598 3328 tu
623 3300 652 3330 st
678 3299 775 3331 Erl'.:
804 3299 835 3329 si
859 3302 896 3330 tu
923 3297 1028 3329 BRE.
1070 3313 1112 3318 —-
1148 3295 1204 3327 35.
1232 3296 1533 3328 intervenissemus
1557 3296 1598 3327 B.
1639 3311 1680 3317 --
1717 3294 1774 3326 36.
1801 3303 1862 3326 vos
1886 3303 1996 3326 causa

246 3342 312 3375 huc
337 3342 499 3382 permulti
527 3342 636 3377 Codd.
664 3350 698 3377 et
727 3346 775 3377 R:
806 3354 914 3377 caasa
937 3353 997 3376 vos
1021 3344 1086 3376 huc
1111 3343 1181 3375 BE.
1210 3342 1276 3383 (Ιιίο
1302 3341 1358 3385 Β.)
1385 3359 1424 3366 -
1462 3342 1519 3375 37.
1547 3347 1579 3376 et
1603 3341 1830 3374 amicissimos
1856 3349 1924 3373 om.
1950 3341 1993 3373 B.
