2117 3762
244 296 326 337 1222
1023 291 1238 333 ORATOR

245 415 400 457 quens,
447 413 570 456 quem
599 409 808 452 nunquam
835 394 940 437 vidit
967 396 1182 438 Antonius.
1244 398 1346 449 Quis
1376 403 1437 441 est
1465 398 1592 453 igitur
1627 400 1692 441 is?
1745 399 2004 454 Complectar

242 463 382 513 brevi,
415 465 612 505 disseram
641 457 843 514 pluribus.
903 458 942 498 Is
974 463 1035 498 est
1065 459 1175 499 enim
1196 460 1423 516 eloquens,
1456 464 1526 517 qui
1549 468 1590 503 et
1610 461 1781 504 humilia
1803 461 2005 503 subtiliter

244 533 286 569 et
313 539 462 580 magna
492 523 672 578 graviter
702 525 742 561 et
773 518 1001 561 mediocria
1031 524 1258 575 temperate
1287 529 1424 578 potest
1455 523 1607 566 dicere.
1669 526 1765 565 101.
1798 526 1929 566 Nemo
1950 525 2000 573 is,

243 588 428 644 inquies,
477 597 659 639 unquam
688 583 781 624 fuit.
842 585 903 624 Ne
933 581 1075 624 fuerit.
1137 584 1226 637 Ego
1257 585 1388 635 enim,
1442 588 1542 641 quid
1582 586 1841 634 desiderem,
1892 600 2003 635 non,

216 653 345 707 squid
383 647 585 695 viderim,
634 646 824 701 disputo,
871 647 1086 700 redeoque
1126 647 1178 686 ad
1207 645 1320 688 illam
1348 648 1553 699 Platonis,
1599 651 1650 691 de
1681 664 1762 705 qua
1792 648 2003 697 dixeram,

244 715 307 756 rei
337 712 512 754 sormam
544 714 585 750 et
615 709 819 763 speciem,
863 721 1010 763 quam,
1051 709 1128 749 etsi
1158 721 1243 749 non
1273 712 1499 760 cernimus,
1531 718 1668 754 tamen
1699 713 1835 753 animo
1866 717 2006 752 tenere

243 786 477 832 possumus.
537 774 631 814 Non
672 773 782 813 enim
827 772 1093 826 eloquentem
1134 784 1291 827 quaero
1327 785 1464 827 neque
1502 774 1726 830 quidquam
1761 773 1936 816 mortale
1967 778 2009 815 et

245 837 468 884 caducum,
520 833 592 876 sed
622 833 722 875 illud
754 833 914 888 ipsum,
961 833 1076 873 cuius
1115 834 1187 887 qui
1217 832 1269 874 sit
1300 847 1494 890 compos,
1540 839 1592 879 sit
1623 838 1845 893 eloquens;
1896 837 2007 892 quod

243 900 347 942 nihil
379 904 442 940 est
470 897 584 940 aliud
614 897 691 938 nisi
723 896 960 951 eloquentia
989 896 1103 948 ipsa,
1136 909 1261 950 quam
1292 896 1416 937 nullis
1442 898 1521 938 nisi
1541 901 1691 941 mentis
1713 899 1843 942 oculis
1863 898 2007 941 videre

193 974 230 1000 ιο
243 974 478 1018 possumus.
540 961 579 1000 Is
601 958 680 1000 erit
699 957 825 1012 igitur
844 959 1045 1013 eloquens
1064 981 1120 988 -
1135 964 1180 1000 ut
1199 957 1311 998 idem
1332 958 1432 1000 illud
1454 959 1649 1003 iteremus
1666 986 1735 1012 —-,
1760 965 1830 1017 qui
1852 961 2008 1015 poterit

242 1037 370 1081 parva
400 1023 643 1071 summisse,
683 1021 845 1063 modica
875 1025 1129 1075 temperate,
1168 1034 1318 1074 magna
1348 1023 1530 1075 graviter
1560 1026 1713 1066 dicere.
1778 1027 1871 1066 102.
1905 1027 2009 1065 Tota

241 1087 343 1128 mihi
374 1101 497 1128 causa
525 1099 600 1141 pro
634 1085 809 1125 Caecina
840 1083 890 1125 de
921 1083 1060 1125 verbis
1091 1082 1300 1124 interdicti
1320 1082 1420 1126 fuit:
1454 1099 1520 1126 res
1540 1087 1750 1128 involutas
1772 1086 2008 1128 definiendo

244 1148 571 1205 explicavimus,
616 1148 681 1188 ius
713 1146 833 1188 civile
863 1148 1148 1194 laudavimus,
1194 1144 1324 1187 verba
1355 1147 1549 1200 ambigua
1580 1148 1854 1191 distinximus.
1915 1149 2010 1190 Fuit

243 1213 454 1254 ornandus
484 1212 527 1252 in
555 1209 722 1252 Manilia
750 1209 842 1264 lege
873 1210 1117 1265 Pompeius:
1152 1213 1386 1264 temperata
1416 1210 1609 1252 oratione
1641 1212 1813 1253 ornandi
1844 1212 2008 1266 copiam

193 1287 231 1314 as
243 1273 450 1330 persecuti
479 1287 638 1314 sumus.
698 1275 765 1314 Ius
797 1286 919 1314 omne
949 1273 1195 1314 retinendae
1225 1270 1454 1313 maiestatis
1484 1271 1640 1315 Rabirii
1672 1287 1795 1315 causa
1825 1274 2010 1316 contine-

241 1336 388 1379 batur:
437 1349 538 1390 ergo
579 1337 622 1377 in
661 1334 775 1377 omni
816 1348 969 1390 genere
1008 1333 1338 1390 amplificationis
1375 1336 1621 1378 exarsimus.
1684 1338 1779 1378 103.
1824 1338 1877 1377 At
1906 1339 2010 1378 haee

241 1398 454 1442 interdum
494 1399 766 1454 temperanda
806 1402 846 1438 et
885 1397 1083 1439 varianda
1129 1403 1237 1438 sunt.
1301 1398 1423 1447 Quod
1468 1399 1595 1452 igitur
1638 1399 1680 1440 in
1724 1399 2009 1441 Accusationis

242 1469 403 1517 septem
440 1461 555 1504 libris
595 1474 680 1502 non
716 1459 926 1514 reperitur
965 1463 1120 1514 genus?
1171 1461 1283 1514 quod
1325 1462 1366 1501 in
1395 1459 1530 1501 Aviti?
1580 1459 1693 1516 quod
1723 1464 1764 1503 in
1799 1462 2009 1504 Cornelii?

243 1525 356 1582 quod
384 1525 428 1566 in
457 1525 648 1580 plurimis
678 1524 833 1564 nostris
865 1521 1206 1564 defensionibus?
1259 1535 1363 1577 quae
1403 1522 1593 1576 exempla
1629 1525 1889 1578 selegissem,
1928 1525 2010 1566 nisi

193 1587 309 1630 20vel
350 1593 451 1629 nota
490 1600 581 1628 esse
621 1587 848 1627 arbitrarer
883 1585 951 1627 vel
987 1599 1111 1640 posse
1143 1586 1321 1638 eligere,
1370 1586 1440 1640 qui
1472 1592 1735 1639 quaererent.
1796 1587 1917 1630 Nulla
1947 1593 2011 1629 est

244 1651 356 1692 enim
386 1649 471 1691 ullo
501 1651 544 1691 in
574 1662 728 1704 genere
765 1647 855 1689 laus
894 1648 1099 1695 oratoris,
1151 1649 1268 1689 cuius
1298 1649 1340 1688 in
1370 1648 1524 1689 nostris
1555 1650 1812 1691 orationibus
1842 1664 1926 1692 non
1959 1650 2011 1693 sit

241 1713 378 1768 aliqua
409 1713 443 1754 si
472 1727 557 1754 non
585 1711 808 1768 perfectio,
841 1715 881 1751 at
910 1715 1081 1752 conatus
1112 1715 1251 1752 tamen
1281 1716 1403 1765 atque
1434 1710 1712 1754 adumbratio,
1774 1715 1868 1754 102.
1917 1715 2010 1755 Non

241 1777 522 1831 assequimur3
556 1779 597 1815 at
627 1774 727 1829 quid
758 1775 903 1815 deceat
931 1773 1136 1816 videmus.
1196 1776 1282 1815 Nee
1314 1774 1424 1814 enim
1454 1787 1565 1815 nunc
1597 1776 1648 1815 de
1678 1773 1824 1824 nobis,
1858 1775 1927 1817 sed
1959 1775 2010 1817 de

241 1855 287 1881 re
309 1838 505 1880 dicimus:
539 1837 582 1879 in
602 1851 683 1894 quo
714 1841 871 1878 tantum
903 1838 1046 1883 abest,
1079 1843 1123 1878 ut
1152 1842 1296 1878 nostra
1326 1838 1550 1886 miremur,
1584 1842 1629 1877 ut
1658 1851 1790 1893 usque
1822 1851 1873 1879 eo
1904 1837 2012 1879 diffi-

192 1919 229 1945 25
243 1902 341 1944 ciles
372 1916 418 1943 ac
449 1900 604 1943 morosi
636 1901 787 1947 simus,
831 1904 879 1939 ut
915 1900 1037 1940 nohis
1073 1912 1159 1940 non
1190 1898 1413 1940 satisfaciat
1441 1899 1531 1953 ipse
1561 1900 1889 1951 Demosthenes;
1940 1904 2009 1956 qui

243 1978 492 2021 quamquam
533 1977 641 2005 unus
685 1961 840 2003 eminet
879 1963 988 2003 inter
1028 1974 1172 2003 omnes
1211 1963 1254 2002 in
1294 1962 1407 2003 omni
1443 1975 1596 2016 genere
1629 1964 1818 2012 dicendi,
1872 1969 2010 2005 tamen

241 2043 325 2071 non
363 2041 526 2083 semper
561 2025 706 2079 implet
741 2039 863 2066 aures
902 2039 1038 2075 meas3
1085 2024 1144 2066 ita
1181 2030 1275 2066 sunt
1313 2027 1458 2066 avidae
1497 2030 1538 2066 et
1569 2039 1740 2080 capaces
1770 2031 1810 2066 et
1840 2039 2008 2080 semper

244 2090 400 2145 aliquid
443 2092 692 2131 immensum
736 2087 1023 2143 infinitumque
1066 2086 1316 2128 desiderant.
1389 2089 1524 2128 XXX.
1570 2090 1663 2129 105.
1717 2088 1798 2130 Sed
1847 2094 2008 2138 tamen,

244 2155 443 2209 quoniam
475 2157 516 2194 et
545 2154 653 2193 hunc
683 2156 728 2191 tu
766 2155 975 2191 oratorem
1016 2163 1110 2190 cum
1151 2150 1239 2190 eius
1283 2148 1584 2190 studiosissimo
1624 2152 1865 2199 Pammene,
1916 2165 2010 2193 cum

195 2232 230 2258 ³0
245 2230 356 2258 esses
385 2214 578 2258 Athenis,
609 2219 741 2254 totum
772 2211 1085 2266 diligentissime
1116 2212 1347 2267 cognovisti
1377 2226 1511 2267 neque
1543 2226 1638 2253 eum
1670 2212 1838 2254 dimittis
1869 2227 1892 2255 e
1921 2228 2009 2255 ma-

244 2278 365 2320 nibus
395 2284 436 2319 et
464 2283 601 2317 tamen
631 2282 775 2316 nostra
806 2277 928 2316 etiam
959 2273 1142 2323 lectitas,
1190 2275 1306 2315 vides
1347 2274 1534 2329 profecto
1575 2275 1690 2316 illum
1730 2277 1858 2317 multa
1887 2275 2010 2332 perfi-

245 2355 360 2386 cere,
391 2352 468 2381 nos
498 2339 628 2380 multa
657 2338 823 2388 conari3
859 2337 975 2379 illum
1004 2351 1150 2393 posse,
1182 2351 1257 2379 nos
1288 2337 1417 2386 velle,
1451 2351 1701 2392 quocunque
1732 2341 1856 2380 modo
1888 2352 2010 2381 causa

243 2403 444 2459 postulet,
491 2403 645 2442 dicere.
718 2402 799 2441 Sed
839 2400 907 2441 ille
946 2415 1142 2455 magnus3
1191 2414 1286 2441 nam
1326 2405 1366 2441 et
1404 2402 1602 2441 successit
1639 2402 1728 2454 ipse
1770 2404 1929 2456 magnis
1970 2407 2011 2442 et

245 2464 447 2508 maximos
478 2469 665 2506 oratores
694 2462 840 2505 hahuit
869 2463 1075 2518 aequales.
1136 2465 1217 2505 Nos
1249 2477 1443 2519 magnum
1472 2463 1739 2514 fecissemus,
1774 2465 1810 2506 si
1842 2464 2006 2520 quidem

340 2638 374 2668 1.
406 2636 549 2676 mitur?
575 2635 633 2666 sed
658 2635 866 2674 complectar
892 2635 989 2666 Mon.
1016 2635 1059 2666 R.
1091 2651 1128 2657 —
1165 2635 1199 2665 2.
1229 2634 1262 2664 1s
1289 2637 1339 2665 est
1363 2635 1452 2665 enim
1476 2634 1546 2665 Vit.
1576 2634 1673 2666 Eins.
1701 2634 1785 2672 Dru,
1813 2633 1882 2665 Gu.
1910 2635 1943 2666 1.
1970 2634 2005 2665 2.

247 2685 305 2717 R:
333 2685 367 2715 Is
393 2685 483 2714 enim
508 2686 556 2714 est
587 2682 627 2713 E.
654 2698 698 2702 —
724 2682 782 2722 qui
806 2682 954 2714 humilia
981 2681 1048 2713 Vit.
1078 2681 1173 2713 Eins.
1202 2680 1261 2712 Dr.
1281 2705 1290 2719 ‚
1320 2680 1385 2712 Gu.
1414 2684 1447 2713 1.
1467 2681 1500 2712 2.
1522 2682 1570 2719 R,
1598 2681 1713 2713 Peter.
1743 2698 1780 2704 —
1809 2681 1841 2713 3.
1859 2680 2005 2722 mayna]

250 2733 325 2764 alta
348 2730 392 2762 Α.
432 2729 510 2762 Vet.
538 2728 706 2768 Stephani
741 2733 798 2768 et,
840 2733 925 2761 teste
959 2728 1149 2765 Schutzio,
1186 2727 1252 2758 Gu.
1281 2727 1314 2759 3.
1351 2742 1392 2749 -
1432 2728 1466 2759 lt.
1496 2726 1556 2768 Ne]
1597 2736 1658 2758 nec
1683 2727 1725 2759 R.
1764 2744 1803 2750 —-
1847 2727 1881 2759 9.
1909 2728 2009 2759 aliud

250 2782 298 2810 est
324 2779 368 2808 R.
400 2793 440 2800 —-
484 2775 540 2807 14.
567 2777 605 2807 in
632 2784 700 2806 om.
728 2775 770 2807 R.
810 2791 850 2797 —
891 2775 947 2807 18.
975 2781 1102 2815 septem
1126 2774 1204 2807 libri
1232 2783 1350 2806 omnes
1368 2798 1376 2810 .
1416 2777 1518 2807 etiam
1553 2782 1673 2806 recens
1708 2775 1821 2807 collati
1849 2775 1899 2810 Α,
1939 2774 2005 2806 Gu.

249 2831 318 2858 tres
345 2823 440 2864 apud
466 2823 667 2858 Kleinium,
706 2822 755 2853 R:
799 2823 948 2862 quinque
982 2823 1024 2854 de
1061 2824 1152 2853 coni.
1181 2821 1339 2854 Lambini
1366 2821 1406 2852 E.
1450 2821 1560 2862 (Lect.
1590 2826 1716 2861 septem
1742 2824 1825 2854 scite
1852 2821 2009 2853 defendit

250 2874 355 2906 etiam
388 2870 541 2903 Cramer.
571 2868 611 2900 V.
641 2869 705 2899 «ad
733 2868 880 2900 Gellium
908 2876 1112 2901 excursuum
1140 2869 1276 2900 Trias.»
1317 2867 1429 2899 Kiliae
1463 2867 1565 2899 1827.
1597 2876 1629 2906 p.
1663 2868 1735 2903 33.)
1759 2884 1787 2890 -
1821 2868 1875 2899 19.
1905 2877 2007 2907 quae-

250 2928 317 2961 que
342 2919 371 2950 A
388 2942 397 2958 ‚
426 2917 495 2949 Gu.
524 2916 557 2947 3.
585 2932 629 2937 -—
655 2916 710 2947 20.
739 2923 807 2947 esse
833 2919 1036 2947 accusarent
1061 2916 1112 2947 vel
1135 2920 1274 2955 possent
1302 2915 1410 2954 leqere
1435 2914 1464 2945 Α
1490 2922 1528 2944 ac
1555 2915 1728 2952 similiter,
1764 2915 1862 2953 peius
1889 2917 2007 2953 etiam,

253 2966 320 2997 Gu.
348 2965 381 2996 3.
410 2963 481 2996 Erl.
510 2962 613 3003 (Satis
640 2962 770 2994 clarum
795 2964 997 3001 specimen,
1039 2971 1143 3002 quam
1171 2962 1385 2994 horribiliter
1411 2961 1638 2998 interpolator
1665 2964 1698 2993 in
1725 2961 1829 2992 huius
1858 2961 2006 2993 familiae

253 3010 438 3044 Codicibus
466 3014 636 3051 grassatus
662 3010 737 3044 sit.)
764 3025 807 3030 —-
833 3009 890 3040 21.
921 3011 1080 3041 oratoria
1107 3013 1200 3040 reete
1227 3008 1408 3040 Bentleius
1435 3009 1468 3038 in
1490 3007 1591 3038 Curis
1617 3007 1780 3039 secundis
1801 3008 1842 3039 ad
1862 3008 2004 3039 Tuscul.

253 3060 294 3096 1,
326 3057 357 3089 3.
387 3074 425 3080 -
462 3056 519 3088 23.
548 3061 585 3088 at
613 3057 694 3096 quid
719 3054 849 3095 deceat]
879 3056 926 3088 Ex
954 3056 1218 3088 incredibilibus
1259 3054 1368 3086 Codd.
1399 3058 1432 3084 et
1459 3054 1547 3084 Edd.
1577 3059 1659 3086 vett.
1688 3054 1798 3086 turbis
1826 3054 1928 3087 Peter
1954 3062 2007 3086 se-

254 3105 336 3144 legit
359 3104 447 3135 Ven.
477 3112 546 3136 sec.
575 3103 681 3134 lect.:
723 3105 762 3134 at
784 3103 867 3142 quid
891 3103 936 3133 sit
961 3103 1054 3144 quod
1079 3104 1193 3135 deceat
1234 3100 1304 3133 (cui
1333 3108 1441 3139 prope
1468 3101 1604 3133 accedit
1629 3101 1659 3131 R
1692 3102 1792 3141 atqui
1826 3102 1908 3140 quid
1932 3099 2004 3140 d.);

256 3151 329 3182 Eri.
356 3150 486 3189 habet,
516 3149 610 3190 quod
638 3151 729 3181 coni.
759 3148 855 3180 dedit
880 3149 1019 3191 Meyer:
1063 3155 1102 3181 at
1126 3150 1155 3180 si
1180 3148 1264 3188 quid
1290 3147 1419 3178 deceat.
1471 3147 1595 3179 Nostra
1622 3148 1746 3186 lectio,
1776 3155 1879 3186 quam
1906 3149 2005 3186 equi-

256 3197 336 3229 dem
361 3198 431 3228 istis
457 3196 615 3236 praefero
642 3195 719 3236 (cst.
747 3193 782 3236 §-
811 3193 927 3233 123.),
956 3196 1107 3235 prosecta
1137 3200 1189 3228 est
1214 3195 1256 3227 ab
1282 3194 1384 3225 Aldo.
1413 3209 1453 3215 —
1480 3194 1535 3225 24.
1564 3197 1596 3224 et
1619 3202 1726 3234 usque
1749 3208 1762 3214 —
1786 3209 1800 3216 -
1823 3202 1943 3224 sumus
1960 3193 2004 3231 A,

255 3243 325 3276 Eri.
356 3259 392 3264 -
431 3243 487 3274 27.
515 3247 545 3275 et
569 3252 669 3283 saepe
694 3243 755 3274 Di·-
783 3242 827 3274 R.
870 3257 909 3264 —
950 3243 1007 3274 29.
1043 3239 1221 3284 quoniam]
1262 3241 1354 3281 quod
1378 3241 1449 3271 iam
1477 3248 1555 3272 cum
1582 3240 1652 3271 Vit.
1682 3241 1778 3272 Eins.
1805 3239 1866 3270 Dr.
1887 3262 1895 3275 ‚
1936 3238 2002 3270 Gu-

257 3291 291 3321 1.
317 3288 415 3321 Mon.
441 3289 556 3322 Peter.
606 3290 649 3321 Ut
674 3298 756 3327 ηος,
796 3297 874 3321 cum
911 3289 984 3322 aliis
1011 3289 1066 3328 R;
1106 3293 1139 3319 et
1172 3288 1255 3319 illud
1296 3295 1434 3326 prorsus
1462 3287 1583 3320 salsum
1610 3291 1672 3318 est.
1705 3302 1739 3307 -
1769 3286 1826 3317 30.
1857 3285 1886 3324 e]
1910 3294 1932 3316 a
1958 3286 2001 3322 A,

259 3336 326 3368 Gu.
354 3334 388 3366 3.
431 3352 468 3358 —
512 3336 568 3367 34.
595 3344 658 3367 nos
683 3337 797 3369 minus
819 3344 987 3378 magnum
1010 3337 1061 3376 A,
1099 3335 1166 3368 Gu.
1200 3335 1233 3367 3.
1249 3357 1260 3374 ,
1297 3342 1359 3366 nos
1384 3343 1455 3366 non
1478 3335 1592 3365 minus
1615 3341 1780 3375 maynum
1804 3331 1875 3363 Eri.
1895 3354 1904 3371 ,
1941 3340 2004 3363 nos

257 3382 360 3415 nimis
384 3389 550 3423 maynum
573 3382 765 3416 Manutius.
