2117 3762
268 231 348 271 1042
1038 222 1252 263 ORATOR

268 335 376 377 enim
408 339 495 377 erat
524 332 687 375 tertium
715 352 791 376 —-‚
827 327 860 369 si
888 326 1041 383 placet,
1072 325 1350 380 explicemus:
1386 340 1490 382 quae
1522 325 1746 382 disputatio
1776 339 1860 368 non
1889 328 2014 369 huius

265 399 440 440 instituti
478 395 677 439 sermonis
719 396 779 432 est
818 392 890 431 sed
931 389 1030 430 artis
1069 388 1252 432 intimae.
1311 391 1463 439 Quaeri
1503 389 1612 430 enim
1650 394 1804 443 potest,
1856 391 1925 443 qui
1964 391 2016 430 sit

267 462 460 503 orationis
490 469 703 501 numerus,
750 458 791 494 et
821 451 891 493 ubi
923 451 975 492 sit
1004 450 1163 504 positus
1195 455 1235 491 et
1263 458 1383 494 natus
1415 466 1466 492 ex
1497 464 1600 505 quo,
1633 456 1674 491 et
1703 450 1737 491 is
1769 465 1927 492 unusne
1959 453 2016 492 sit

265 538 316 565 an
338 525 418 564 duo
440 536 489 563 an
518 522 672 576 plures,
707 528 872 572 quaque
903 515 1062 555 ratione
1094 518 1367 566 componatur
1397 519 1436 554 et
1461 512 1510 554 ad
1534 526 1655 567 quam
1679 526 1769 554 rem
1791 518 1831 554 et
1852 516 2016 570 quando

237 591 307 627 set
336 598 416 640 quo
445 585 537 625 loco
568 586 608 621 et
637 577 985 635 quemadmodum
1016 574 1224 616 adhibitus
1255 574 1411 630 aliquid
1441 575 1660 629 voluptatis
1691 575 1851 618 aflerat.
1916 578 2010 618 180.

267 649 346 688 Sed
379 651 421 687 ut
444 647 485 685 in
515 644 722 699 plerisque
753 642 898 687 rebus,
936 640 994 680 sic
1022 639 1065 679 in
1092 639 1169 678 hac
1201 636 1354 690 duplex
1383 642 1444 679 est
1473 637 1762 679 considerandi
1791 639 1882 687 via,
1916 652 2019 694 qua-

264 724 353 751 rum
380 707 504 748 altera
535 710 596 747 est
622 702 807 757 longior,
848 703 1017 743 brevior
1047 699 1199 747 altera,
1245 698 1389 740 eadem
1416 701 1538 740 etiam
1571 700 1747 755 planior.
1805 702 1910 743 LIV.
1944 703 2018 742 Est

265 777 398 814 autem
425 767 624 822 longioris
653 768 788 822 prima
816 765 884 806 illa
917 762 1129 820 quaestio,
1171 762 1277 803 sitne
1308 761 1477 802 omnino
1507 762 1590 803 ulla
1614 776 1834 804 numerosa
1866 765 2014 804 oratio.

266 830 518 884 Quibusdam
553 829 662 872 enim
693 842 776 869 non
807 827 990 875 videtur,
1023 825 1119 880 quia
1149 825 1253 866 nihil
1280 823 1377 864 insit
1402 824 1444 864 in
1473 837 1520 864 ea
1542 826 1643 865 certi
1665 830 1709 866 ut
1738 827 1779 866 in
1799 824 2014 873 versibus,

217 908 251 933 10
265 902 304 936 ct
332 893 443 948 quod
470 892 572 948 ipsi,
618 893 688 947 qui
724 890 931 932 affirment
959 903 1049 930 esse
1078 901 1150 929 eos
1186 899 1407 934 numeros,
1454 888 1655 929 rationem
1683 903 1757 930 cur
1786 890 1887 936 sint,
1933 901 2018 929 non

266 963 416 1013 queant
436 954 626 997 reddere.
687 956 869 1002 Deinde,
902 952 937 993 si
971 953 1023 993 sit
1049 963 1245 992 numerus
1271 950 1313 990 in
1343 950 1554 998 oratione,
1588 952 1719 1005 qualis
1743 951 1796 993 sit
1820 956 1889 993 aut
1920 965 2020 1006 qua-

264 1022 343 1067 les,
376 1023 417 1060 et
447 1033 468 1059 e
493 1018 720 1073 poeticisne
748 1015 930 1057 numeris
960 1028 1010 1055 an
1032 1028 1084 1054 ex
1110 1012 1191 1054 alio
1214 1024 1368 1066 genere
1398 1012 1598 1066 quodam,
1630 1017 1691 1060 et,
1723 1012 1758 1053 si
1783 1026 1805 1054 e
1824 1014 2016 1069 poeticiS,

264 1083 354 1137 quis
385 1094 530 1123 eorum
560 1079 612 1121 sit
641 1084 712 1120 aut
742 1078 828 1133 qui.
892 1080 1077 1131 Namque
1116 1075 1206 1116 aliis
1244 1088 1351 1115 unus
1392 1072 1540 1121 modo,
1590 1073 1679 1115 aliis
1718 1076 1878 1128 plures,
1931 1075 2019 1117 aliis

264 1158 408 1186 omnes
440 1142 565 1184 iidem
597 1141 803 1183 videntur.
863 1141 1047 1188 Deinde,
1096 1139 1332 1193 quicunque
1363 1142 1457 1178 sunt
1487 1136 1573 1178 sive
1603 1150 1709 1178 unus
1740 1140 1826 1179 sive
1855 1138 2018 1193 plures,

213 1222 248 1248 15
265 1218 559 1248 communesne
589 1204 670 1245 sint
701 1204 813 1245 omni
835 1201 980 1257 generi
1002 1200 1201 1243 orationis
1242 1223 1296 1230 -
1326 1199 1521 1255 quoniam
1552 1198 1663 1240 aliud
1687 1213 1816 1254 genus
1839 1207 1899 1243 est
1927 1215 2021 1242 nar-

262 1270 402 1316 randi,
435 1269 545 1309 aliud
577 1267 878 1321 persuadendi,
912 1265 1022 1306 aliud
1063 1262 1337 1312 docendi—3
1372 1277 1424 1303 an
1461 1263 1648 1317 dispares
1680 1264 1843 1304 numeri
1874 1264 2021 1319 cuique

264 1331 462 1373 orationis
494 1329 636 1384 generi
666 1330 1043 1370 accommodentur.
1105 1326 1147 1367 Si
1177 1339 1439 1374 communes,
1488 1326 1557 1378 qui
1588 1325 1692 1375 sint3
1743 1326 1776 1366 si
1812 1325 2020 1379 dispares,

263 1394 363 1452 quid
401 1393 584 1441 intersit,
632 1397 672 1433 et
710 1406 784 1433 cur
824 1405 904 1433 non
946 1403 1080 1445 aeque
1119 1391 1162 1430 in
1203 1390 1391 1430 oratione
1430 1393 1552 1442 atque
1590 1387 1634 1428 in
1670 1401 1790 1429 versu
1824 1403 2020 1430 numerus

263 1461 475 1513 appareat.
538 1457 631 1496 181.
665 1453 842 1501 Deinde,
874 1456 985 1510 quod
1016 1453 1168 1493 dicitur
1196 1451 1239 1493 in
1271 1453 1457 1493 oratione
1489 1464 1782 1500 numerosum,
1816 1451 1857 1493 id
1879 1457 2020 1493 utrum

213 1535 249 1561 20
264 1533 437 1561 numero
469 1519 604 1559 solum
635 1516 855 1564 efficiatur,
896 1530 948 1557 an
979 1515 1102 1556 etiam
1133 1514 1198 1557 vel
1229 1513 1532 1568 compositione
1563 1515 1738 1569 quadam
1769 1514 1836 1556 vel
1867 1528 2021 1569 genere

265 1584 500 1624 verborum.
558 1581 620 1620 An
652 1585 713 1620 est
742 1592 860 1620 suum
891 1577 1118 1634 cuiusque?
1167 1582 1213 1618 ut
1243 1591 1441 1618 numerus
1471 1576 1720 1624 intervallis,
1772 1578 2021 1633 compositio

262 1645 461 1692 vocibus,
494 1655 622 1697 genus
653 1645 789 1697 ipsum
818 1640 1043 1682 verborum
1075 1640 1192 1696 quasi
1223 1642 1427 1695 quaedam
1458 1639 1595 1681 forma
1626 1644 1667 1680 et
1696 1638 1837 1681 lumen
1868 1642 2023 1682 oratio-

263 1708 324 1748 nis
365 1711 582 1761 appareat,
634 1704 769 1759 sitque
810 1705 995 1745 omnium
1040 1704 1133 1744 fons
1173 1702 1420 1758 compositio
1473 1716 1527 1743 ex
1571 1716 1702 1758 eaque
1746 1708 1787 1743 et
1825 1716 2023 1744 numerus

265 1769 467 1812 efficiatur
497 1775 537 1810 et
567 1782 636 1816 ea,
688 1781 791 1822 quae
825 1766 1017 1808 dicuntur
1047 1766 1247 1807 orationis
1278 1766 1395 1819 quasi
1426 1765 1586 1805 formae
1618 1770 1658 1806 et
1689 1764 1865 1817 lumina,
1898 1779 2020 1821 quae,

215 1839 307 1874 zsut
337 1835 448 1882 dixi,
494 1832 640 1875 Graeci
669 1835 819 1872 vocant
858 1829 1076 1883 σχήματα.
1139 1830 1231 1870 182.
1277 1830 1329 1868 At
1369 1840 1452 1868 non
1500 1833 1562 1868 est
1602 1842 1730 1868 unum
1770 1841 1846 1868 nec
1882 1829 2020 1877 idem,

265 1898 375 1952 quod
405 1908 506 1937 voce
537 1894 762 1935 iucundum
793 1897 875 1940 est,
923 1893 1036 1947 quod
1075 1890 1361 1932 moderatione
1393 1888 1628 1931 absolutum
1660 1895 1700 1931 et
1730 1890 1842 1944 quod
1872 1890 2025 1931 illumi-

263 1965 404 2000 natum
434 1971 586 2012 genere
616 1954 863 2004 verborum,
915 1968 1161 2009 quamquam
1201 1955 1243 1994 id
1282 1955 1450 2009 quidem
1480 1951 1700 1993 finitimum
1732 1958 1793 1994 est
1822 1967 2022 2002 numero,

265 2023 359 2077 quia
398 2036 474 2075 per
512 2034 555 2061 se
592 2019 836 2075 plerumque
875 2017 1109 2073 perfectum
1156 2022 1239 2067 est;
1289 2015 1537 2069 compositio
1577 2021 1710 2056 autem
1751 2015 1802 2056 ab
1839 2021 2021 2072 utroque

267 2083 427 2132 dissert,
461 2096 564 2139 quae
595 2087 680 2123 tota
710 2082 837 2122 servit
867 2080 1055 2135 gravitati
1085 2093 1234 2121 vocum
1266 2084 1335 2119 aut
1364 2079 1569 2120 suavitati.
1628 2080 1743 2120 Haec
1773 2080 1899 2134 igitur
1930 2078 2020 2121 fere

216 2156 253 2182 ³0
267 2152 379 2194 sunt,
412 2146 454 2186 in
485 2144 633 2199 quibus
664 2143 724 2185 rei
756 2150 898 2185 natura
930 2144 1169 2197 quaerenda
1199 2143 1262 2184 sit.

238 2214 249 2217 ‘
377 2210 459 2249 LV.
498 2210 589 2248 183.
622 2209 722 2248 Esse
744 2219 843 2259 ergo
867 2206 909 2246 in
940 2207 1128 2246 oratione
1160 2219 1376 2246 numerum
1410 2206 1617 2260 quendam
1647 2218 1731 2245 non
1763 2210 1826 2246 est
1857 2203 2024 2246 difficile

268 2283 531 2325 cognoscere.
588 2271 743 2310 Iudicat
781 2269 890 2308 enim
931 2281 1094 2316 sensus;
1142 2267 1183 2308 in
1224 2261 1535 2323 quo'iniquum
1575 2272 1657 2316 est,
1707 2269 1819 2322 quod
1850 2267 2021 2317 accidit,

267 2348 351 2375 non
381 2345 627 2387 agnoscere,
674 2332 730 2377 si,
778 2345 850 2371 cur
879 2330 921 2370 id
953 2330 1128 2377 accidat,
1176 2331 1358 2384 reperire
1398 2344 1672 2384 nequeamus.
1736 2332 1880 2386 Neque
1912 2330 2022 2371 enim

267 2398 354 2451 ipse
384 2410 529 2438 versus
560 2395 719 2435 ratione
751 2398 812 2433 est
843 2394 1052 2446 cognitus,
1085 2393 1157 2433 sed
1189 2398 1335 2432 natura
1365 2398 1486 2446 atque
1515 2406 1660 2441 sensu,
1695 2407 1817 2448 quem
1839 2392 2025 2434 dimensa

217 2470 253 2495 ³⁵
268 2458 374 2499 ratio
395 2458 554 2505 docuit,
589 2458 687 2512 quid
708 2456 913 2496 acciderit.
975 2458 1032 2496 lta
1063 2456 1217 2496 notatio
1250 2460 1419 2496 naturae
1451 2460 1492 2495 et
1522 2456 1827 2496 animadversio
1858 2455 2024 2510 peperit

268 2526 413 2562 artem.
476 2522 555 2562 Sed
597 2519 639 2560 in
679 2520 866 2560 versibus
911 2532 976 2559 res
1022 2524 1083 2559 est
1124 2520 1329 2573 apertior,
1379 2531 1630 2572 quamquam
1667 2517 1787 2559 etiam
1828 2531 1852 2558 a
1890 2516 2025 2558 modis

268 2582 510 2639 quibusdam
551 2588 671 2623 cantu
715 2586 875 2621 remoto
914 2580 1049 2622 soluta
1085 2595 1174 2622 esse
1214 2581 1400 2622 videatur
1438 2581 1570 2621 oratio
1609 2580 1873 2636 maximeque
1908 2581 1951 2621 id
1982 2580 2026 2622 in

269 2646 425 2699 optimo
469 2657 634 2700 quoque
673 2658 818 2684 eorum
858 2649 1098 2697 poetarum,
1151 2643 1220 2698 qui
1265 2646 1432 2698 λυρικοὶ
1470 2657 1494 2684 a
1532 2644 1695 2684 Graecis
1734 2642 2021 2692 nominantur,

269 2722 372 2761 quos
403 2721 495 2749 cum
526 2712 647 2748 cantu
678 2706 940 2760 spoliaveris,
974 2705 1083 2747 nuda
1111 2719 1245 2760 paene
1276 2711 1461 2747 remanet
1493 2706 1640 2747 oratio.
1705 2706 1799 2746 184.
1835 2707 2024 2755 Quorum

221 2779 254 2804 40
270 2770 417 2811 similia
447 2777 539 2811 sunt
570 2768 771 2824 quaedam
803 2771 925 2810 etiam
957 2767 1066 2823 apud
1096 2775 1282 2816 nosti-08,
1311 2769 1424 2811 velut
1455 2768 1523 2809 ille
1554 2768 1595 2808 iu
1626 2770 1830 2823 Thyeste:

495 2864 711 2914 Quemnam
741 2868 776 2903 te
805 2876 883 2902 esse
912 2863 1072 2902 dicam?
1101 2863 1169 2915 qui
1199 2863 1315 2903 tarda
1345 2863 1388 2902 in
1417 2868 1606 2903 senectute
1636 2886 1689 2893 -

364 3031 396 3061 3.
423 3041 438 3063 e
463 3041 526 3072 quo
554 3033 650 3064 Eins.
681 3032 748 3063 Gu.
778 3034 809 3063 1.
837 3033 870 3063 2.
900 3033 941 3063 R.
973 3048 1012 3054 —
1040 3033 1096 3064 10.
1124 3032 1306 3073 affirmant
1332 3032 1384 3069 Α,
1414 3031 1479 3063 Gu.
1510 3031 1543 3063 3.
1577 3048 1611 3053 -
1654 3040 1722 3063 esse
1749 3040 1805 3062 eos
1831 3031 1899 3066 Vit,
1929 3031 2022 3062 Eins.

274 3076 333 3108 Dr.
363 3077 427 3108 Gu.
450 3083 515 3110 tres
543 3080 594 3111 R:
625 3088 680 3110 eos
701 3088 770 3109 esse
789 3079 828 3110 E.
861 3096 893 3100 —
926 3079 980 3110 14.
1009 3084 1088 3110 sunt
1116 3088 1192 3110 cuin
1219 3079 1338 3116 libris,
1367 3084 1504 3117 praeter
1529 3079 1639 3114 Eins..
1661 3080 1711 3110 R:
1739 3081 1808 3109 sint
1826 3078 1908 3109 Ern.
1930 3079 2023 3109 coni.

277 3123 403 3162 (Habet
428 3126 474 3155 sic
499 3124 610 3164 Eius.)
640 3141 677 3146 -
721 3125 778 3156 21.
807 3126 858 3157 An
884 3130 932 3156 est
958 3134 1034 3156 cum
1063 3126 1157 3157 libris
1186 3129 1275 3156 nolis
1302 3126 1354 3156 R:
1386 3135 1433 3156 <m
1458 3127 1502 3155 sit
1529 3134 1604 3157 cuin
1634 3125 1755 3157 Lamb.
1783 3126 1832 3161 E,
1861 3132 1952 3155 anne
1979 3125 2024 3154 sic

274 3170 406 3210 Meyer.
427 3185 466 3192 —-
493 3172 549 3201 23.
577 3175 662 3203 sitve
688 3172 881 3204 Schwzius.
904 3187 943 3193 ·-
974 3173 1029 3203 25.
1057 3182 1126 3203 ηοη
1153 3172 1235 3212 (om.
1265 3172 1326 3210 est)
1353 3172 1419 3203 Vit.
1450 3172 1490 3203 R.
1516 3189 1555 3195 —
1582 3173 1639 3203 26.
1668 3172 1761 3213 quod
1785 3171 2026 3202 moderatione

277 3216 346 3247 Vit.
374 3217 466 3247 Eins.
494 3218 553 3249 Dr.
583 3218 647 3250 Gu.
676 3222 708 3250 1.
736 3220 768 3249 2.
798 3221 849 3250 R:
877 3222 908 3250 et
934 3220 1024 3258 quod
1050 3220 1141 3249 mod.
1172 3218 1267 3258 (cum
1297 3218 1362 3249 Erl.
1394 3218 1459 3250 Gn.
1491 3217 1538 3258 3.)
1566 3220 1604 3250 E.
1635 3236 1672 3241 —
1700 3219 1756 3249 32.
1785 3217 1925 3248 Indicas
1953 3216 2021 3247 Gu.

277 3264 310 3294 1.
328 3285 335 3299 ,
364 3267 400 3293 ut
425 3262 604 3294 Schmznus
632 3268 721 3295 coni.
752 3282 790 3286 —
818 3265 873 3296 33.
903 3274 1091 3305 agnoscere
1115 3266 1182 3296 Vit.
1214 3266 1309 3296 Eius.
1338 3265 1397 3297 Dr.
1425 3265 1497 3297 Erl.
1526 3265 1593 3298 Gu.
1623 3267 1652 3298 1.
1681 3266 1714 3297 3.
1742 3265 1792 3296 R:
1821 3271 2024 3304 coynoscere

277 3309 317 3341 E.
349 3326 384 3331 —
413 3309 470 3341 40.
498 3309 552 3341 illc
577 3310 646 3343 Vit.
674 3311 767 3343 Evns.
795 3311 854 3342 Dr.
882 3312 978 3345 Mon.
1007 3312 1059 3343 R:
1089 3312 1151 3343 illa
1180 3312 1248 3344 ΕΗ.
1277 3312 1316 3343 Ε.
