2117 3762
254 215 337 256 470
1034 201 1227 245 TOPICA

257 320 347 362 fere
387 331 531 360 omnes
571 314 684 357 locos
723 311 904 354 incidere
942 309 987 350 in
1024 321 1190 350 omnem
1225 308 1508 364 quaestionem
1540 310 1580 349 et
1609 305 1857 361 quibusdam
1888 321 2014 364 quae-

260 380 461 424 stionibus
491 380 615 425 alios,
647 372 890 429 quibusdam
911 371 1014 412 alios
1045 383 1135 412 esse
1165 373 1347 424 aptiores
1382 368 1543 426 [locos].
1606 369 1908 420 Quaestionum
1929 371 2013 413 duo

262 442 383 499 [sunt]
433 453 604 496 genera,
654 438 830 477 alterum
874 432 1102 481 infinitum,
1153 432 1368 475 definitum
1412 433 1601 475 alterum.
1661 431 1884 474 Definitum
1928 440 2012 483 est,

259 506 371 561 quod
401 503 610 545 ὑπόθεσιν
642 499 807 545 Graeci,
839 509 914 538 nos
944 508 1136 544 causam;
1167 493 1390 545 infinitum,
1422 499 1534 551 quod
1563 500 1686 538 θέσιν
1705 494 1766 536 illi
1788 494 2012 551 appellant,

230 581 336 609 snos
376 563 631 619 propositum
670 572 891 614 possumus
929 556 1159 599 nominare.
1217 557 1286 598 80.
1321 557 1452 601 Causa
1489 559 1611 600 certis
1640 559 1854 614 personis,
1887 557 2015 607 locis,

259 625 534 681 temporibus,
579 622 831 670 actionibus,
878 619 1056 674 negotiis
1092 618 1274 661 cernitur
1305 625 1375 661 aut
1403 622 1446 662 in
1476 623 1669 663 omnibus
1701 625 1771 662 aut
1798 619 1841 662 in
1870 620 2017 676 pleris-

261 703 341 746 que
371 701 540 738 eorum3
573 687 833 741 propositum
863 688 1000 724 autem
1026 681 1070 723 in
1091 681 1229 737 aliquo
1254 694 1399 723 eorum
1419 685 1551 725 autin
1570 682 1760 739 pluribus
1780 696 1856 725 nec
1879 689 2017 726 tamen

259 754 302 793 in
331 751 533 792 maximis.
591 751 736 802 Itaque
778 746 1039 801 propositum
1079 758 1172 801 pars
1210 749 1272 786 est
1311 757 1473 786 causae.
1535 745 1618 788 Sed
1654 745 1788 788 omnis
1829 746 2016 801 quaestio

259 826 400 855 corum
431 812 566 868 aliqua
597 813 647 853 de
677 825 722 852 re
754 814 836 858 est,
870 806 1020 863 quibus
1052 821 1199 849 causae
1230 807 1514 857 continentur,
1546 815 1618 851 aut
1636 823 1717 850 una
1737 812 1808 850 aut
1828 807 2016 864 pluribus

209 891 245 917 10
259 880 327 917 aut
356 887 653 930 nonnunquam
683 870 891 915 omnibus.
954 873 1022 912 81.
1072 870 1370 920 Quaestionum
1401 875 1562 919 autem,
1609 885 1857 925 quacunque
1891 873 1941 912 de
1969 885 2017 913 re

257 937 357 984 sint,
389 936 470 979 duo
505 935 625 992 [sunt]
659 948 830 990 genera:
864 947 991 975 unum
1013 932 1287 988 cognitioniS‚
1319 932 1494 974 alterum
1515 932 1704 975 actionis.
1766 936 1833 976 82.
1865 933 2017 987 Cogni-

256 999 379 1041 tionis
409 1004 503 1041 sunt
531 1012 623 1047 eae,
653 1011 829 1054 quarum
861 1001 922 1037 est
950 995 1041 1037 finis
1073 995 1264 1044 scientia,
1310 1000 1378 1044 ut,
1413 996 1447 1036 si
1477 1001 1723 1051 quaeratur,
1756 1011 1780 1038 a
1809 1002 2013 1039 naturane

257 1066 320 1106 ius
348 1062 582 1117 profectum
612 1062 684 1108 sit,
725 1074 777 1102 an
807 1058 859 1100 ab
890 1058 1028 1114 aliqua
1058 1059 1176 1114 quasi
1207 1058 1446 1099 conditione
1478 1057 1696 1099 hominum
1726 1064 1766 1100 et
1806 1058 2012 1114 pactione.

257 1126 442 1167 Actionis
471 1130 606 1166 autem
637 1121 871 1166 huiusmodi
901 1122 1095 1176 exempla
1125 1126 1239 1162 sunt:
1288 1121 1400 1161 Sitne
1440 1120 1640 1174 sapientis
1677 1123 1729 1162 ad
1761 1135 1849 1163 rem
1878 1123 2016 1177 publi-

208 1205 243 1233 1⁵
259 1202 347 1231 cam
378 1186 593 1230 accedere.
656 1184 910 1240 Cognitionis
940 1183 1204 1239 quaestiones
1234 1182 1468 1238 tripertitae
1508 1188 1622 1225 sunt:
1671 1189 1742 1225 aut
1772 1183 1901 1232 sitne,
1947 1188 2018 1225 aut

259 1250 359 1306 quid
378 1252 452 1300 sit,
486 1254 557 1292 aut
577 1250 697 1305 quale
720 1248 791 1295 sit,
824 1246 1048 1303 quaeritur.
1109 1248 1274 1288 Horum
1295 1246 1474 1301 primum
1496 1247 1756 1294 coniectura,
1789 1245 2017 1288 secundum

260 1312 522 1360 definitione,
555 1311 723 1354 tertium
752 1310 855 1351 iuris
887 1314 927 1350 et
956 1308 1131 1350 iniuriae
1153 1308 1414 1350 distinctione
1436 1310 1682 1364 explicatur.
1745 1309 2017 1351 Coniecturae

259 1377 365 1418 ratio
397 1377 440 1416 in
470 1380 661 1431 quattuor
691 1378 831 1428 partes
862 1371 1079 1413 distributa
1109 1377 1194 1421 est,
1228 1384 1400 1428 quarum
1429 1385 1512 1413 una
1542 1376 1625 1420 est,
1658 1385 1753 1413 cum
1783 1371 2015 1428 quaeritur,

261 1437 366 1480 sitne
397 1437 574 1494 aliquid;
626 1438 778 1484 altera,
819 1437 929 1476 unde
959 1440 1098 1476 ortum
1128 1436 1200 1485 sit3
1250 1433 1389 1483 tertia,
1435 1449 1541 1490 quae
1570 1434 1614 1477 id
1650 1449 1774 1477 causa
1810 1434 2016 1486 effecerit3

209 1519 247 1546 20
262 1506 430 1559 quarta,
462 1502 504 1542 in
534 1514 615 1556 qua
645 1499 696 1541 de
725 1500 952 1540 mutatione
981 1497 1045 1539 rei
1075 1499 1302 1554 quaeritur.
1366 1498 1449 1547 Sit,
1489 1511 1620 1539 necne
1649 1499 1722 1541 sit:
1772 1499 2018 1554 ecquidnam

261 1564 314 1606 sit
341 1566 584 1614 honestum;
615 1561 763 1617 ecquid
793 1574 971 1615 aequum
1001 1573 1046 1602 re
1076 1574 1197 1610 vera3
1232 1574 1283 1602 an
1313 1559 1416 1602 haec
1445 1565 1605 1603 tantum
1631 1562 1674 1603 in
1695 1562 1889 1617 opinione
1919 1562 2014 1602 sint.

260 1629 375 1669 Unde
405 1631 545 1668 autem
574 1626 627 1666 sit
648 1630 806 1665 ortum:
837 1629 904 1671 ut,
936 1636 1030 1665 cum
1051 1624 1283 1678 quaeritur,
1316 1629 1461 1666 natura
1481 1638 1531 1665 an
1553 1623 1742 1666 doctrina
1760 1624 1891 1680 possit
1909 1622 2018 1666 effici

262 1691 410 1730 virtus.
474 1689 607 1729 Causa
637 1692 774 1728 autem
805 1684 988 1727 efficiens
1018 1686 1094 1727 sic:
1147 1687 1385 1740 quaeritur,
1432 1688 1582 1742 quihus
1617 1688 1744 1728 rebus
1781 1685 2019 1742 eloquentia

262 1750 476 1793 efficiatur.
536 1752 597 1792 De
629 1748 951 1791 commutatione
981 1750 1062 1790 sic:
1103 1749 1294 1790 Possitne
1324 1749 1563 1805 eloquentia
1592 1750 1914 1792 commutatione
1946 1750 2019 1790 ali-

210 1830 247 1857 25
262 1828 340 1869 qua
371 1815 558 1855 converti
588 1815 629 1853 in
658 1810 888 1853 infantiam.
941 1812 1076 1852 XXII.
1111 1814 1178 1853 83.
1214 1812 1315 1853 Cum
1347 1819 1507 1861 autem,
1540 1814 1639 1869 quid
1670 1812 1745 1863 sit,
1779 1813 2015 1869 quaeritur,

259 1875 377 1918 notio
420 1873 664 1929 explicanda
705 1878 766 1915 est
805 1878 846 1914 et
882 1875 1118 1929 proprietas
1158 1879 1198 1915 et
1237 1874 1384 1917 divisio
1424 1881 1466 1917 et
1509 1875 1694 1929 partitio.
1755 1877 1868 1916 Haec
1907 1875 2019 1915 enim

261 1944 356 1980 sunt
393 1936 621 1980 definitioni
659 1935 880 1987 attributa3
931 1936 1102 1978 additur
1140 1938 1263 1978 etiam
1304 1937 1547 1993 descriptio,
1596 1952 1720 1992 quam
1758 1939 2017 1993 χαρακτῆρα

263 2000 406 2043 Graeci
436 2004 597 2042 vocant.
655 2000 778 2040 Notio
810 2000 868 2040 sic
901 1998 1135 2053 quaeritur:
1167 2000 1273 2040 sitne
1303 2000 1345 2041 id
1375 2014 1575 2055 aequum,
1606 2002 1718 2055 quod
1743 2000 1803 2057 ei,
1836 2000 1906 2056 qui
1925 2001 2018 2054 plus

260 2068 423 2117 potest,
453 2063 554 2105 utile
585 2067 662 2104 est.
722 2062 960 2117 Proprietas
991 2062 1071 2104 sic:
1101 2061 1144 2103 in
1173 2063 1439 2104 hominemne
1471 2063 1606 2104 solum
1637 2065 1777 2110 cadat,
1810 2076 1862 2103 an
1893 2063 2018 2104 etiam

213 2127 304 2170 soin
331 2124 472 2167 beluas
513 2125 747 2180 aegritudo.
807 2124 970 2167 Divisio
1009 2131 1049 2166 et
1086 2127 1234 2166 eodem
1269 2131 1391 2178 pacto
1427 2125 1617 2180 partitio:
1668 2127 1818 2167 Triane
1863 2139 2016 2179 genera

260 2190 464 2229 honorum
494 2187 589 2229 sint.
627 2188 885 2243 Descriptio:
920 2187 1062 2237 Qualis
1093 2189 1145 2229 sit
1173 2201 1342 2236 avarus,
1374 2189 1507 2242 qualis
1537 2193 1768 2230 assentator
1797 2193 2018 2244 ceteraque

262 2249 444 2291 eiusdem
474 2251 660 2304 generis,
699 2252 742 2291 in
773 2248 924 2305 quibus
954 2246 1104 2291 natura
1135 2256 1176 2291 et
1205 2251 1288 2292 vita
1319 2250 1579 2293 describitur.
1640 2252 1708 2293 84.
1749 2251 1851 2292 Cum
1881 2257 2018 2293 autem

261 2313 494 2367 quaeritur,
526 2312 646 2368 quale
676 2311 776 2367 quid
806 2312 881 2361 sit,
915 2318 984 2354 aut
1013 2313 1257 2368 simpliciter
1286 2315 1501 2369 quaeritur
1531 2319 1601 2356 aut
1631 2319 1887 2370 comparate:
1920 2313 2018 2355 sim-

260 2375 442 2430 pliciter,
483 2378 776 2432 Expetendane
807 2377 859 2417 sit
889 2375 1044 2429 gloria3
1097 2383 1358 2431 comparate,
1402 2379 1753 2432 Praeponendane
1784 2376 1837 2417 sit
1865 2375 2016 2418 divitiis

212 2456 247 2484 35
266 2437 409 2492 gloria.
450 2438 707 2494 Simplicium
728 2440 806 2480 tria
827 2452 981 2494 genera
1002 2444 1117 2481 sunt:
1152 2441 1202 2480 de
1224 2442 1454 2495 expetendo
1477 2439 1784 2496 fugiendoque3
1809 2438 1860 2480 de
1882 2451 2016 2493 aequo

263 2505 303 2542 et
330 2500 493 2556 iniquo;
524 2503 575 2542 de
604 2503 782 2543 honesto
812 2506 852 2542 et
881 2503 1008 2556 turpi.
1071 2503 1433 2558 Comparationum
1473 2509 1611 2544 autem
1649 2504 1753 2544 duo:
1805 2514 1934 2543 unum
1965 2499 2017 2542 de

263 2564 408 2604 eodem
439 2567 480 2605 et
509 2562 612 2615 alio;
643 2563 819 2606 alterum
850 2566 901 2606 de
930 2565 1090 2606 maiore
1121 2570 1161 2606 et
1181 2566 1358 2607 minore.
1417 2568 1479 2607 De
1500 2567 1731 2621 expetendo
1753 2569 1794 2606 et
1812 2564 2014 2620 fugiendo

353 2735 387 2766 1.
415 2738 447 2765 et
471 2734 679 2776 quibusdam
703 2735 958 2776 quaestionibus
983 2735 1090 2769 alios,
1134 2735 1338 2775 quibusdam
1364 2736 1451 2768 alios
1476 2744 1546 2768 esse
1570 2735 1724 2775 aptiores
1752 2731 1871 2775 [locos]
1902 2733 2012 2766 Codd.

267 2783 375 2813 nostri
401 2781 481 2820 (nisi
509 2781 602 2822 quod
629 2781 661 2812 b.
693 2790 761 2813 om.
790 2791 821 2814 v.
849 2781 972 2820 locos),
1012 2785 1094 2814 item
1122 2782 1211 2812 Edd.
1247 2787 1326 2814 ante
1354 2782 1404 2819 E,
1445 2785 1505 2821 qui
1540 2782 1673 2814 edidit:
1717 2781 1777 2812 secl
1811 2780 2016 2822 quibusdam

265 2827 518 2867 quaestionibus
545 2829 634 2859 alios
659 2836 727 2860 esse
752 2828 903 2867 aptiores
930 2829 1032 2860 locos.
1061 2828 1148 2860 Vide
1177 2829 1240 2860 Ed.
1267 2838 1298 2861 a.
1329 2829 1431 2861 1830.
1458 2829 1527 2861 Nos
1554 2838 1584 2861 v.
1613 2829 1704 2860 locos
1731 2827 1951 2861 seclusimus.
1975 2844 2012 2850 —

266 2874 299 2905 3.
326 2877 404 2905 sunt
429 2883 496 2906 om.
525 2874 640 2908 abde
666 2875 714 2912 B,
743 2876 938 2914 transponit
964 2876 996 2911 s;
1025 2877 1188 2916 quocirca
1214 2877 1434 2908 seclusimus.
1463 2892 1505 2898 —-
1532 2875 1711 2917 definitum
1735 2875 1885 2907 alterum
1909 2883 1928 2905 a
1945 2875 1965 2906 d
1982 2873 2012 2906 f:

268 2920 414 2951 alterum
437 2921 617 2962 definitum
645 2922 671 2953 E
699 2929 775 2953 cum
804 2926 885 2955 cett.
916 2939 955 2944 —
995 2922 1028 2954 8.
1058 2927 1105 2954 est
1130 2931 1256 2954 causae
1283 2931 1301 2954 a
1319 2923 1337 2953 b
1354 2923 1373 2953 d
1392 2923 1422 2961 f,
1464 2922 1547 2954 BV:
1591 2930 1717 2954 causae
1743 2927 1791 2953 est
1818 2931 1835 2954 e
1852 2944 1861 2959 ‚
1905 2920 2014 2959 Valla,

267 2965 308 2997 E.
337 2982 375 2988 —
402 2966 435 2998 9.
465 2975 582 2999 eorum
606 2967 683 3007 ab,
710 2968 832 3001 Valla:
872 2977 990 3000 earum
1017 2969 1069 3002 de
1087 2969 1137 3000 rE
1168 2978 1245 3001 cum
1273 2971 1396 3001 ceteris
1424 2969 1512 3000 Edd.
1539 2974 1676 3008 praeter
1701 2969 1847 3000 Vallam.
1879 2982 1914 2988 -
1957 2969 2012 2999 11.

268 3015 348 3043 sunt
372 3015 610 3053 transponitur
636 3015 677 3046 ab
704 3015 783 3052 ab,
814 3025 882 3048 om.
914 3016 954 3046 ab
982 3016 1163 3048 Ascensio.
1214 3016 1283 3048 Nos
1310 3017 1526 3048 seclusimus.
1558 3032 1596 3038 —
1626 3016 1681 3047 12.
1710 3025 1768 3048 eae
1794 3015 1867 3047 ad:
1906 3014 2013 3046 haeE

270 3065 347 3090 cum
374 3063 452 3090 cett.
479 3078 523 3082 —
548 3068 595 3094 est
620 3062 698 3104 finis
724 3062 778 3093 ab
795 3062 866 3101 dr,
893 3062 990 3095 Valla
1008 3086 1017 3100 ‚
1043 3064 1126 3095 BV:
1155 3063 1232 3104 finis
1257 3067 1305 3095 est
1331 3063 1400 3094 eE.
1428 3079 1468 3085 —-
1504 3061 1559 3094 13.
1590 3062 1805 3094 condictione
1828 3061 2012 3094 Forcellini

269 3105 433 3142 suspicio.
463 3122 499 3127 —
527 3108 582 3140 15.
610 3110 802 3147 tripertitae
828 3109 874 3141 b:
915 3110 1118 3150 tripartitae
1142 3110 1169 3141 E
1198 3118 1276 3141 cum
1316 3114 1397 3141 cett.
1440 3127 1484 3131 —
1522 3113 1627 3140 sunt:
1670 3112 1731 3140 aut
1755 3110 1843 3140 sitne
1870 3107 2011 3140 abde:

269 3153 350 3182 sunt
374 3153 436 3182 aut
459 3153 504 3184 sit
529 3153 559 3190 s,
595 3160 698 3191 sunt,
737 3165 814 3187 cum
839 3165 888 3187 an
915 3158 960 3188 sit
984 3157 1058 3189 NE.
1107 3156 1265 3189 Nostram
1293 3158 1464 3188 rationem
1492 3157 1616 3195 probat.
1639 3157 1763 3195 Zumpt
1789 3153 1942 3186 Gramm.
1971 3152 2010 3194 §.

269 3197 349 3229 353.
378 3214 421 3218 —
445 3198 502 3230 21.
527 3201 573 3231 sit
597 3202 774 3234 honestum
800 3201 925 3242 abdi,
952 3203 1069 3241 Valla,
1097 3203 1180 3235 BV:
1208 3204 1387 3234 honestum
1411 3204 1457 3234 sit
1482 3203 1552 3235 eE.
1575 3221 1612 3226 —
1641 3203 1699 3234 23.
1726 3203 1802 3233 sic.-
1827 3201 2013 3242 quaeritur

271 3243 412 3282 abde,
451 3243 532 3289 Βρ,
567 3245 686 3279 Valla:
723 3250 792 3287 sic,
830 3253 868 3281 ut
892 3258 967 3282 cum
992 3252 1175 3290 quaeritur
1200 3249 1261 3281 ΥΕ.
1304 3266 1345 3272 -
1386 3250 1442 3282 27.
1479 3249 1709 3295 χαρακτῆρα
1741 3247 1864 3280 Graeci
1898 3247 2009 3279 abd:

270 3290 394 3325 Graeci
416 3291 643 3339 χαρακτῆρα
665 3294 692 3327 Ε
717 3303 795 3329 cum
819 3299 900 3329 cett.
931 3313 966 3320 -
996 3298 1052 3331 30.
1075 3297 1226 3337 partitio
1252 3306 1294 3336 a,
1325 3296 1407 3329 Gr.:
1432 3297 1581 3338 partitio
1606 3298 1653 3328 sic
1679 3296 1705 3328 E
1731 3303 1809 3328 cum
1834 3296 1914 3328 cett.
