2117 3762
213 253 294 294 298
917 250 988 292 DE
1020 250 1267 294 ORATORE

328 360 393 400 19.
427 361 529 400 Tum
555 358 724 399 Crassus
741 387 753 404 ‚
786 357 889 398 Cum
913 358 1135 398 auctoritas
1156 362 1278 413 atque
1299 356 1477 399 amicitia
1501 360 1660 404 vestra,
1691 361 1779 399 tum
1798 357 1967 400 Antonii

212 421 385 464 facilitas
406 423 580 477 eripuit,
613 420 771 474 inquit,
803 418 904 459 mihi
934 420 976 459 in
1007 418 1161 474 optima
1189 435 1281 463 mea
1310 434 1433 463 causa
1462 421 1700 461 libertatem
1730 423 1963 463 recusandi.

215 486 475 541 Quamquam
505 485 547 524 in
575 481 789 538 partienda
819 480 1097 535 disputatione
1127 488 1294 533 nostra,
1327 498 1420 525 cum
1451 482 1531 523 sibi
1564 484 1614 523 de
1643 483 1718 531 iis,
1752 496 1856 538 quae
1888 485 1967 525 dici

214 547 266 590 ab
297 553 460 590 oratore
492 549 729 599 oporteret,
763 549 969 592 sumeret,
1011 545 1115 585 mihi
1145 550 1281 587 autem
1311 545 1589 601 relinqueret,
1622 549 1668 585 ut
1698 546 1965 600 explicarem,

184 609 565 666 ⁵quemadmodum
593 606 665 648 illa
695 607 834 648 ornari
865 611 1101 662 oporteret,
1134 621 1184 649 ea
1214 607 1374 656 divisit,
1414 622 1519 663 quae
1551 606 1738 649 seiuncta
1768 620 1857 649 esse
1885 622 1970 650 non

212 677 399 730 possunt.
461 673 563 711 Nam
609 683 704 711 cum
747 670 881 710 omnis
921 682 974 710 ex
1012 683 1058 711 re
1098 675 1223 725 atque
1254 671 1391 712 verbis
1421 674 1579 712 constet
1616 669 1778 719 oratio,
1831 685 1968 727 neque

212 737 342 777 verba
371 731 511 775 sedem
541 730 698 774 habere
728 737 924 788 possunt,
970 733 1004 773 si
1034 746 1123 774 rem
1153 733 1431 782 subtraxeris,
1462 747 1598 788 neque
1629 747 1694 775 res
1725 733 1891 783 lumen,
1934 735 1969 775 si

211 799 339 839 verba
360 794 601 838 semoveris.
659 797 726 837 20.
756 796 815 835 Ac
845 795 946 837 mihi
976 795 1144 851 quidem
1173 800 1335 838 veteres
1364 794 1424 836 illi
1455 797 1585 837 maius
1606 795 1803 850 quiddam
1829 798 1966 838 animo

212 859 417 915 complexi
447 859 540 913 plus
571 857 701 899 multo
732 859 855 898 etiam
885 859 1038 900 vidisse
1077 857 1291 906 videntur,
1338 871 1462 913 quam
1501 865 1698 914 quantum
1730 864 1969 901 nostrorum

162 934 197 959 10
212 923 473 976 ingeniorum
504 921 612 962 acies
641 920 794 962 intueri
824 925 984 975 potest3
1020 919 1091 976 qui
1112 921 1252 963 omnia
1281 923 1411 969 haec,
1445 934 1551 975 quae
1581 936 1705 977 supra
1736 928 1776 963 et
1809 924 1966 971 subter,

211 997 340 1025 unum
385 996 476 1024 esse
518 988 560 1024 et
601 997 683 1025 una
721 984 762 1024 vi
800 990 923 1039 atque
961 997 1045 1025 una
1086 985 1360 1025 consensione
1399 989 1571 1025 naturae
1617 986 1838 1026 constricta
1880 998 1970 1026 esse

211 1046 423 1089 dixerunt.
484 1045 651 1088 Nullum
692 1051 755 1088 est
793 1046 904 1088 enim
936 1060 1065 1102 genus
1097 1061 1260 1096 rerum,
1307 1044 1420 1102 quod
1450 1051 1520 1087 aut
1548 1048 1736 1089 avulsum
1767 1062 1791 1089 a
1821 1049 1970 1090 ceteris

210 1123 285 1164 per
325 1123 371 1150 se
412 1108 548 1164 ipsum
591 1115 781 1151 constare
820 1114 911 1157 aut,
959 1123 1042 1164 quo
1083 1115 1221 1151 cetera
1260 1111 1295 1150 si
1334 1114 1527 1157 careant,
1574 1110 1658 1150 vim
1699 1124 1814 1152 suam
1845 1117 1970 1166 atque

210 1174 499 1214 aeternitatem
529 1185 779 1214 conservare
808 1174 982 1228 possint.
1043 1174 1113 1215 VI.
1155 1174 1223 1214 21.
1268 1173 1349 1213 Sed
1380 1172 1414 1212 si
1446 1173 1549 1212 haec
1581 1170 1716 1213 maior
1746 1187 1836 1215 esse
1865 1174 1970 1215 ratio

161 1245 195 1271 1⁵
212 1233 396 1283 videtur,
445 1247 567 1290 quam
604 1240 650 1276 ut
686 1236 906 1276 hominum
944 1238 1077 1289 possit
1117 1249 1239 1277 sensu
1269 1240 1340 1277 aut
1369 1233 1622 1288 cogitatione
1654 1238 1966 1290 comprehendi,

211 1302 274 1338 est
311 1297 436 1338 etiam
477 1296 546 1338 illa
584 1297 766 1339 Platonis
809 1311 907 1340 vera
946 1303 985 1339 et
1022 1299 1121 1347 tibi,
1170 1299 1338 1347 Catule,
1386 1303 1496 1338 certe
1536 1311 1622 1338 non
1650 1298 1835 1340 inaudita
1864 1313 1964 1348 VOX,

210 1373 376 1402 omnem
407 1359 638 1402 doctrinam
666 1362 811 1401 harum
842 1360 1116 1415 ingenuarum
1148 1366 1189 1402 et
1217 1363 1492 1402 humanarum
1511 1361 1661 1401 artium
1683 1374 1767 1402 uno
1789 1364 1970 1417 quodam

210 1424 418 1465 societatis
448 1422 613 1464 vinculo
645 1423 865 1465 contineri.
926 1423 1005 1466 Ubi
1048 1425 1157 1465 enim
1200 1429 1417 1479 perspecta
1453 1424 1515 1464 vis
1557 1428 1619 1464 est
1656 1423 1829 1464 rationis
1861 1424 1966 1473 eius,

211 1499 291 1541 qua
328 1499 476 1527 causae
514 1501 653 1528 rerum
694 1493 815 1542 atque
857 1487 991 1529 exitus
1032 1492 1359 1542 cognoscuntur,
1403 1487 1533 1527 mirus
1574 1487 1742 1541 quidam
1784 1487 1972 1529 omnium

160 1559 196 1584 20
212 1548 330 1605 quasi
374 1561 600 1591 consensus
638 1551 920 1591 doctrinarum
960 1557 1268 1605 concentusque
1307 1549 1531 1602 reperitur.
1603 1550 1672 1589 22.
1717 1549 1799 1590 Sed
1829 1550 1864 1590 si
1893 1552 1974 1590 hoc

211 1625 379 1667 quoque
409 1611 574 1653 videtur
603 1625 692 1654 esse
724 1614 870 1662 altius,
918 1627 1041 1668 quam
1080 1617 1126 1654 ut
1163 1612 1205 1654 id
1235 1626 1311 1653 nos
1341 1612 1459 1653 humi
1489 1612 1606 1652 strati
1636 1612 1848 1666 suspicere
1878 1626 1975 1668 pos-

212 1675 364 1724 simus,
396 1674 500 1715 illud
531 1680 643 1716 certe
674 1680 833 1723 tamen,
865 1674 978 1731 quod
1009 1676 1189 1730 amplexi
1220 1689 1382 1723 sumus,
1415 1676 1527 1729 quod
1558 1673 1825 1728 profitemur,
1860 1678 1974 1732 quod

212 1739 491 1794 suscepimus,
534 1750 657 1778 nosse
702 1742 743 1778 et
781 1744 923 1779 tenere
966 1736 1180 1779 debemus.
1243 1740 1329 1779 Una
1372 1742 1434 1778 est
1472 1737 1610 1786 enim,
1661 1739 1774 1793 quod
1814 1743 1855 1779 et
1896 1751 1972 1793 ego

211 1802 409 1842 hesterna
449 1802 514 1843 die
556 1799 643 1841 dixi
686 1806 728 1841 et
776 1800 933 1857 aliquot
978 1800 1080 1842 locis
1127 1801 1456 1842 antemeridiano
1497 1813 1689 1841 sermone
1730 1798 1975 1855 significavit

162 1873 196 1898 2⁵
212 1864 433 1913 Antonius,
465 1863 724 1919 eloquentia,
756 1878 1022 1920 quascunque
1052 1865 1094 1906 in
1125 1879 1218 1905 oras
1250 1864 1539 1917 disputationis
1568 1864 1816 1917 regionesve
1840 1865 1975 1905 delata

213 1932 288 1969 est.
350 1930 419 1969 23.
452 1930 555 1969 Nam
586 1927 673 1968 sive
704 1929 754 1968 de
786 1928 888 1969 caeli
917 1934 1063 1969 natura
1093 1929 1279 1983 loquitur
1309 1926 1396 1968 sive
1418 1928 1469 1967 de
1498 1931 1633 1967 terrae
1654 1926 1742 1968 sive
1765 1927 1815 1967 de
1836 1927 1974 1967 divina

211 1990 253 2032 vi
283 1989 369 2032 sive
400 1989 450 2031 de
481 1989 661 2032 humana
691 1991 778 2031 sive
810 2003 862 2031 ex
892 1989 1090 2032 inferiore
1119 1989 1212 2031 loco
1235 1989 1321 2031 sive
1343 2003 1395 2030 ex
1417 2002 1551 2043 aequo
1573 1987 1658 2029 sive
1681 2002 1735 2029 ex
1755 1990 1972 2044 superiore

213 2054 300 2094 sive
345 2057 390 2093 ut
436 2051 623 2106 impellat
667 2051 857 2094 homines
903 2054 990 2094 sive
1042 2058 1087 2093 ut
1145 2054 1292 2093 doceat
1336 2053 1423 2093 sive
1460 2057 1506 2091 ut
1546 2052 1754 2093 deterreat
1797 2051 1884 2093 sive
1929 2058 1974 2093 ut

214 2115 393 2156 concitet
436 2114 520 2156 sive
561 2120 608 2156 ut
661 2113 849 2156 reflectat
905 2115 992 2157 sive
1044 2120 1090 2155 ut
1142 2113 1336 2155 incendat
1388 2115 1474 2155 sive
1518 2119 1564 2155 ut
1606 2113 1734 2155 leniat
1792 2114 1878 2156 sive
1923 2117 1974 2155 ad

163 2187 199 2212 ³0
212 2190 366 2233 paucos
397 2178 484 2219 sive
513 2179 564 2218 ad
595 2176 747 2218 multos
778 2179 865 2219 sive
896 2177 1004 2219 inter
1034 2176 1194 2218 alienos
1225 2178 1311 2218 sive
1342 2191 1436 2218 cum
1466 2177 1550 2218 suis
1572 2176 1658 2217 sive
1679 2189 1840 2226 secum,
1874 2178 1974 2219 rivis

214 2246 277 2282 est
306 2239 473 2282 diducta
504 2241 664 2288 oratio,
697 2253 782 2281 non
811 2239 1025 2290 fontibus3
1069 2245 1128 2287 et,
1161 2252 1408 2294 quocunque
1440 2238 1694 2293 ingreditur,
1735 2240 1882 2282 eodem
1913 2245 1976 2282 est

212 2304 416 2345 instructu
460 2308 691 2358 ornatuque
731 2303 937 2344 comitata.
1009 2304 1078 2344 22.
1127 2304 1207 2344 Sed
1251 2305 1450 2359 quoniam
1492 2304 1682 2358 oppressi
1721 2306 1801 2345 iam
1833 2317 1974 2345 sumus

213 2366 480 2422 opinionibus
509 2379 594 2407 non
623 2367 750 2406 modo
781 2366 893 2420 vulgi
924 2380 1069 2408 verum
1101 2367 1224 2407 etiam
1255 2366 1471 2408 hominum
1502 2366 1650 2407 leviter
1695 2365 1970 2415 eruditorum,

213 2430 311 2485 qui,
345 2441 450 2484 quae
473 2429 691 2483 complecti
712 2434 795 2470 tota
816 2435 1047 2483 nequeunt,
1079 2432 1179 2470 haec
1198 2427 1359 2471 facilius
1381 2429 1542 2471 divulsa
1562 2435 1601 2470 et
1623 2428 1741 2484 quasi
1763 2429 1972 2482 discerpta

165 2508 198 2535 35
215 2496 493 2538 contrectant,
540 2496 580 2531 et
620 2493 690 2546 qui
729 2497 937 2548 tamquam
977 2494 1028 2533 ab
1068 2494 1206 2534 animo
1239 2507 1411 2546 corpus,
1458 2492 1516 2534 sic
1548 2506 1571 2533 a
1599 2493 1815 2534 sententiis
1846 2493 1974 2533 verba

214 2553 459 2608 seiungunt,
507 2567 684 2608 quorum
724 2556 812 2596 sine
851 2555 1021 2596 interitu
1060 2554 1150 2596 fieri
1190 2562 1383 2596 neutrum
1424 2561 1586 2609 potest,
1633 2569 1716 2596 non
1753 2555 1975 2610 suscipiam

215 2615 401 2658 oratione
421 2629 512 2657 mea
534 2617 625 2671 plus
639 2649 649 2666 ‚
684 2631 807 2672 quam
830 2618 929 2659 mihi
950 2618 1193 2672 imponitur.
1238 2621 1412 2660 Tantum
1434 2617 1676 2673 significabo
1696 2619 1814 2658 brevi
1839 2631 1974 2673 neque

215 2681 440 2720 verborum
470 2685 661 2721 ornatum
691 2681 869 2722 inveniri
896 2694 1017 2735 posse
1039 2695 1122 2722 non
1141 2680 1268 2736 partis
1291 2681 1579 2737 expressisque
1601 2681 1818 2721 sententiis
1838 2693 1974 2734 neque

216 2756 306 2783 esse
336 2741 463 2783 ullam
493 2742 740 2784 sententiam
770 2743 972 2784 illustrem
1004 2743 1092 2785 sine
1113 2744 1204 2785 luce
1225 2746 1468 2786 verborum.
1529 2745 1595 2784 25.
1629 2743 1709 2783 Sed
1731 2743 1974 2797 priusquam

167 2821 202 2847 40
217 2805 285 2847 illa
326 2820 458 2847 conor
498 2805 724 2859 attingere,
774 2805 925 2860 quibus
966 2806 1197 2848 orationem
1234 2808 1375 2848 ornari
1405 2813 1528 2862 atque
1558 2805 1785 2846 illuminari
1814 2811 1971 2861 putem,

216 2881 450 2923 proponam
480 2867 677 2916 breviter,
712 2868 810 2923 quid
840 2870 1013 2910 sentiam
1045 2868 1096 2911 de
1127 2871 1322 2911 universo
1355 2883 1509 2925 genere
1541 2868 1720 2909 dicendi.

327 2932 414 2973 VII.
461 2933 616 2973 Natura
653 2930 765 2972 nulla
806 2936 889 2980 est,
937 2937 983 2972 ut
1016 2931 1116 2973 mihi
1155 2932 1342 2982 videtur,
1391 2945 1497 2987 quae
1526 2944 1610 2972 non
1640 2932 1793 2972 habeat
1820 2931 1865 2971 in
1895 2943 1970 2971 suo

310 3067 343 3099 1.
369 3071 491 3100 nostra
516 3068 557 3100 B.
586 3085 625 3091 -
663 3068 696 3099 ⁶2.
724 3068 837 3109 inquit
862 3077 930 3100 om.
958 3068 998 3100 B.
1028 3085 1068 3091 —
1107 3068 1140 3100 3.
1168 3069 1218 3099 his
1245 3068 1283 3099 B.
1309 3082 1353 3091 —
1387 3067 1422 3100 4.
1449 3068 1534 3098 mihi
1557 3085 1571 3092 -
1595 3085 1608 3091 -
1634 3072 1809 3107 oporteret
1835 3076 1905 3099 om.
1930 3067 1970 3099 B.

225 3129 262 3137 -
288 3112 320 3145 8.
349 3116 595 3146 summoveris:
634 3119 672 3146 at
697 3115 739 3147 R.
771 3132 807 3138 —
852 3115 886 3147 9.
910 3115 989 3155 plus
1012 3117 1121 3148 multo
1147 3116 1173 3146 B
1199 3115 1326 3155 aliique
1344 3137 1352 3149 ,
1381 3115 1435 3146 R:
1471 3115 1578 3146 multo
1600 3115 1680 3155 plus
1707 3116 1746 3146 E.
1776 3132 1817 3137 —
1858 3115 1914 3145 11.
1943 3117 1975 3144 et

217 3168 326 3191 unum
350 3159 390 3190 B.
417 3177 461 3182 —
485 3164 541 3194 11.
568 3172 641 3194 una
667 3167 746 3195 ante
771 3164 991 3194 consensione
1016 3172 1084 3195 om.
1112 3163 1184 3194 BR.
1212 3176 1253 3184 --
1280 3161 1334 3192 12.
1360 3163 1389 3193 si
1414 3170 1483 3194 om.
1503 3162 1547 3193 R.
1576 3178 1616 3184 —
1643 3162 1699 3194 18.
1728 3161 1901 3193 orationis
1925 3160 1968 3191 R.

220 3222 261 3229 —
289 3206 346 3236 21.
373 3206 474 3238 aliter
500 3208 538 3239 B.
570 3226 607 3232 —-
651 3209 707 3241 23.
736 3213 767 3241 et
793 3213 872 3242 ante
899 3214 1011 3240 tenere
1038 3219 1105 3242 om.
1132 3209 1172 3240 B.
1203 3224 1243 3230 —
1271 3213 1303 3240 et
1328 3213 1407 3240 ante
1434 3217 1493 3251 eqo
1520 3218 1587 3241 om.
1616 3209 1660 3240 R.
1688 3222 1732 3233 -
1773 3208 1829 3240 25.
1858 3207 1972 3247 dispu-

219 3253 374 3285 tationes
400 3253 471 3284 BR.
506 3269 540 3275 -
575 3255 632 3287 27.
662 3264 703 3287 ea:
729 3260 808 3288 ante
833 3256 1009 3296 superiore
1036 3266 1105 3289 om.
1133 3256 1172 3287 B.
1202 3272 1241 3279 —
1281 3254 1337 3286 30.
1362 3254 1446 3296 suis]
1473 3257 1578 3287 sociis
1603 3257 1644 3288 B.
1672 3272 1712 3278 —
1739 3254 1794 3285 31.
1822 3254 1973 3285 deducta

218 3299 291 3331 BR.
319 3315 356 3321 —
383 3301 478 3330 ratio
503 3300 541 3331 B.
573 3318 609 3324 —
638 3302 694 3333 38.
718 3304 834 3341 partis
860 3304 977 3335 nescio
1005 3306 1080 3343 quis
1109 3301 1202 3343 apud
1228 3302 1431 3336 Pearcium:
1455 3304 1601 3343 partitis
1626 3311 1704 3336 cum
1730 3301 1826 3334 libris
1852 3301 1973 3340 (etiarn

219 3344 260 3389 B)
285 3345 359 3378 RE.
386 3343 544 3387 (repertis
570 3352 752 3388 proposuit
774 3348 994 3392 Lambinus.)
