2117 3762
242 265 325 305 242
938 260 1008 300 DE
1039 260 1287 303 ORATORE

240 369 394 412 factum
427 367 479 410 sit
507 373 575 410 aut
603 365 673 408 fiat
702 366 938 407 futurumve
959 365 1033 414 sit,
1067 372 1286 421 quaeratur
1306 371 1376 408 aut
1404 367 1526 422 quale
1557 365 1610 407 sit
1639 370 1710 407 aut
1739 365 1837 421 quid
1867 379 1992 408 voce-

241 439 322 474 tur.
378 433 508 474 XXV.
545 433 635 471 105.
677 430 735 469 Ac
765 432 930 468 nostrae
961 427 1048 468 sere
1081 442 1251 478 causae,
1283 444 1388 485 quae
1421 428 1588 484 quidem
1620 433 1716 470 sunt
1745 429 1990 477 criminum,

240 498 485 552 plerumque
516 492 756 534 infitiatione
783 488 1074 531 defenduntur.
1134 493 1235 532 Nam
1257 498 1298 534 et
1318 492 1368 534 de
1388 491 1575 548 pecuniis
1596 489 1853 546 repetundis,
1887 503 1993 545 quae

243 557 444 599 maximae
476 560 586 601 sunt,
618 553 807 606 neganda
836 552 923 593 fere
954 557 1048 593 sunt
1078 552 1241 603 omnia3
1275 560 1314 595 et
1335 557 1386 596 de
1407 556 1565 596 ambitu
1596 566 1692 595 raro
1721 552 1826 594 illud
1857 554 1991 602 datur,

212 626 286 662 sut
314 621 446 676 possis
476 616 763 659 liberalitatem
794 619 916 670 atque
946 615 1241 668 benignitatem
1271 619 1322 658 ab
1353 620 1508 659 ambitu
1538 622 1660 672 atque
1690 616 1908 670 largitione
1931 628 1994 656 se-

240 684 427 737 iungere.
487 682 547 720 De
569 677 749 726 sicariis,
781 679 831 718 de
852 675 1084 724 veneficiis,
1117 678 1168 718 de
1203 678 1396 733 peculatu
1424 679 1589 721 infitiari
1620 691 1789 720 necesse
1811 683 1887 719 est.
1948 675 1997 719 Id

241 751 302 788 est
335 744 459 798 igitur
496 755 625 794 genus
659 740 839 796 primum
870 753 1085 781 causarum
1115 739 1157 781 in
1186 739 1350 781 iudiciis
1382 755 1433 782 ex
1463 742 1748 784 controversia
1785 738 1902 790 facti;
1953 739 1996 780 in

240 806 608 850 deliberationibus
637 805 883 858 plerumque
915 816 969 844 ex
995 802 1145 850 futuri,
1191 815 1286 844 raro
1326 815 1378 843 ex
1406 804 1592 846 instantis
1623 809 1694 845 aut
1722 802 1832 845 facti.
1897 803 1992 843 106.

241 872 371 924 Saepe
403 866 526 908 etiam
557 880 624 907 res
654 880 763 914 non,
807 866 858 906 sit
888 878 1041 913 necne,
1081 863 1154 906 sed
1184 864 1316 921 qualis
1346 865 1419 913 sit,
1461 866 1695 920 quaeritur:
1745 871 1791 907 ut
1821 879 1912 906 cum
1943 866 2010 905 L.‘

187 947 225 974 10
240 931 394 985 Opimii
424 942 590 971 causam
621 927 870 969 defendebat
901 929 1011 983 apud
1040 926 1258 983 populum,
1302 928 1495 969 audiente
1526 944 1617 978 me,
1662 930 1707 970 C.
1732 930 1865 972 Carbo
1897 941 1997 968 con-

238 996 323 1042 sul,
369 991 471 1034 nihil
509 993 560 1032 de
591 990 637 1031 C.
663 989 838 1031 Gracchi
868 1004 971 1031 nece
1000 992 1200 1044 negabat,
1253 988 1327 1031 sed
1355 989 1398 1031 id
1431 991 1520 1031 iure
1556 1005 1632 1044 pro
1671 991 1801 1034 salute
1836 990 1996 1047 patriae

237 1056 391 1098 factum
433 1068 523 1096 esse
567 1051 751 1103 dicebat;
799 1057 847 1094 ut
882 1052 1016 1094 eidem
1055 1053 1234 1095 Carboni
1265 1051 1434 1094 tribuno
1465 1052 1599 1106 plebis
1631 1053 1711 1095 alia
1739 1060 1826 1096 tum
1857 1057 1997 1095 mente

239 1133 329 1161 rem
394 1115 605 1172 publicam
657 1117 889 1171 capessenti
937 1117 980 1156 P.
1017 1114 1236 1157 Africanus
1281 1117 1332 1157 de
1380 1116 1442 1156 Ti.
1494 1117 1678 1157 Graccho
1723 1113 1999 1170 interroganti

238 1183 511 1237 responderat
538 1179 629 1220 iure
660 1192 826 1220 caesum
855 1179 1002 1220 videri.
1060 1179 1155 1220 Iure
1186 1184 1322 1219 autem
1362 1179 1503 1219 omnia
1543 1177 1843 1227 defenduntur,
1891 1191 1997 1233 quae

187 1258 224 1285 ιε
239 1249 335 1287 sunt
365 1243 454 1285 eius
485 1243 674 1297 generis,
724 1246 770 1282 ut
809 1246 880 1282 aut
921 1242 1154 1296 oportuerit
1183 1246 1253 1282 aut
1280 1240 1445 1282 licuerit
1473 1245 1543 1281 aut
1572 1254 1744 1282 necesse
1773 1240 1900 1282 fuerit
1929 1243 2000 1281 aut

237 1305 517 1363 imprudentia
559 1309 630 1346 aut
671 1318 768 1346 casu
811 1302 919 1345 sacta
963 1317 1054 1345 esse
1097 1303 1329 1346 videantur.
1393 1305 1487 1344 107.
1540 1304 1627 1344 Iam
1667 1302 1766 1359 quid
1801 1307 1997 1356 vocetur,

238 1368 479 1426 quaeritur,
511 1381 632 1416 cum,
666 1381 748 1422 quo
779 1367 912 1409 verbo
944 1365 1042 1421 quid
1073 1366 1365 1422 appellandum
1397 1366 1473 1413 sit,
1508 1365 1793 1416 contenditur;
1823 1370 1870 1406 ut
1897 1364 1999 1406 mihi

237 1433 317 1489 ipsi
352 1445 445 1473 cum
485 1432 564 1472 hoc
605 1429 790 1483 Sulpicio
829 1428 907 1470 suit
935 1428 978 1470 in
1007 1430 1192 1471 Norbani
1223 1443 1347 1470 causa
1377 1443 1538 1470 summa
1569 1427 1797 1470 contentio.
1858 1429 2000 1469 Plera-

238 1511 319 1553 que
351 1497 462 1538 enim
493 1497 544 1536 de
574 1495 645 1543 iis,
679 1508 784 1549 quae
816 1495 866 1535 ab
896 1493 976 1534 isto
1009 1493 1336 1540 obiiciebantur‚
1374 1506 1468 1532 cum
1500 1490 1741 1540 confiterer,
1779 1496 1916 1532 tamen
1945 1490 1998 1530 ab

188 1573 225 1599 20
238 1560 310 1602 illo
340 1560 595 1600 maiestatem
626 1558 825 1598 minutam
855 1557 1082 1610 negabam;
1116 1568 1169 1597 ex
1199 1569 1281 1610 quo
1312 1553 1442 1596 verbo
1475 1553 1566 1609 lege
1596 1554 1799 1610 Appuleia
1822 1559 1908 1595 tota
1928 1551 2001 1594 illa

239 1636 362 1664 causa
390 1620 611 1678 pendebat.
674 1621 769 1661 108.
817 1622 951 1674 Atque
993 1620 1036 1660 in
1070 1619 1152 1659 hoc
1189 1630 1342 1671 genere
1375 1631 1591 1658 causarum
1621 1616 1810 1659 nonnulli
1840 1615 2001 1670 praeci-

237 1686 372 1742 piunt,
414 1690 459 1726 ut
487 1682 662 1726 verbum
692 1682 815 1731 illud,
859 1683 972 1736 quod
1002 1694 1168 1723 causam
1197 1679 1316 1727 facit,
1356 1679 1492 1721 lucide
1524 1681 1792 1734 breviterque
1820 1685 2000 1734 uterque

239 1746 419 1790 definiat.
481 1747 603 1796 Quod
648 1745 750 1786 mihi
796 1746 964 1801 quidem
1006 1757 1209 1798 perquam
1249 1744 1412 1797 puerile
1458 1743 1590 1784 videri
1630 1744 1747 1784 solet.
1806 1742 1897 1784 Alia
1938 1744 2001 1782 est

240 1810 378 1859 enim,
425 1823 519 1850 cum
549 1808 657 1849 inter
688 1810 834 1849 doctos
864 1807 1057 1849 homines
1089 1808 1140 1847 de
1170 1805 1220 1846 iis
1250 1806 1351 1860 ipsis
1382 1803 1529 1855 rebus,
1576 1820 1682 1861 quae
1712 1811 1930 1848 versantur
1958 1805 2002 1846 in

189 1885 225 1913 25
241 1872 421 1921 artibus,
455 1871 708 1925 disputatur,
742 1872 966 1913 verborum
998 1868 1210 1916 definitio,
1242 1873 1305 1916 ut,
1339 1882 1431 1908 cum
1459 1870 1691 1922 quaeritur,
1723 1869 1823 1922 quid
1844 1869 1897 1908 sit
1915 1880 1998 1915 ars,

240 1936 341 1992 quid
385 1935 436 1976 sit
477 1933 567 1982 lex,
619 1932 720 1988 quid
765 1933 819 1974 sit
861 1932 1020 1974 civitas.
1080 1934 1127 1972 In
1170 1931 1320 1984 quibus
1365 1929 1444 1971 hoc
1484 1931 1686 1985 praecipit
1729 1932 1835 1972 ratio
1878 1935 2001 1985 atque

241 1996 451 2045 doctrina,
484 2002 531 2037 ut
560 1995 622 2038 vis
654 1996 742 2036 eius
772 1994 852 2043 rei,
886 2009 1010 2050 quam
1041 1993 1234 2039 definias,
1267 1994 1324 2032 sic
1356 1993 1635 2047 exprimatur,
1668 1998 1714 2034 ut
1739 2006 1874 2048 neque
1895 1992 2003 2033 absit

239 2059 466 2117 quidquam
494 2072 630 2113 neque
661 2057 854 2113 supersit.
916 2058 1009 2098 109.
1058 2057 1181 2105 Quod
1212 2054 1379 2111 quidem
1410 2056 1451 2096 in
1480 2055 1551 2096 illa
1581 2069 1705 2097 causa
1734 2069 1870 2111 neque
1906 2053 1997 2097 Sul-

239 2122 371 2179 picius
414 2121 514 2163 fecit
553 2134 688 2176 neque
725 2134 802 2174 ego
844 2118 983 2160 facere
1026 2123 1196 2160 conatus
1237 2131 1342 2160 sum.
1404 2120 1529 2166 Nam,
1579 2123 1777 2174 quantum
1822 2123 2002 2172 uterque

191 2187 429 2228 sonostrnm
470 2184 626 2238 potuit,
676 2183 790 2224 omni
836 2183 955 2237 copia
993 2179 1158 2222 dicendi
1203 2181 1408 2229 dilatavit,
1461 2181 1561 2236 quid
1599 2186 1708 2222 esset
1744 2181 2003 2222 maiestatem

240 2249 444 2289 minuere.
504 2246 669 2287 Etenim
712 2243 898 2286 definitio
938 2242 1118 2298 primum
1156 2245 1413 2299 reprehenso
1453 2245 1585 2285 verbo
1620 2257 1705 2285 uno
1748 2248 1820 2285 aut
1860 2244 2000 2285 addito

241 2315 312 2352 aut
341 2312 507 2364 dempto
539 2321 662 2363 saepe
694 2312 969 2361 extorquetur
999 2320 1021 2347 e
1050 2304 1261 2356 manibus;
1294 2305 1443 2347 deinde
1474 2319 1625 2361 genere
1655 2306 1746 2360 ipso
1769 2305 2004 2348 doctrinam

239 2373 404 2415 redolet
434 2369 858 2425 exercitationemque
887 2382 1019 2425 paene
1049 2370 1275 2422 puerilem3
1308 2374 1394 2410 tum
1415 2370 1458 2410 in
1479 2382 1645 2411 sensum
1676 2374 1718 2411 et
1746 2371 1790 2412 in
1818 2373 2002 2410 mentem

240 2434 388 2478 iudicis
417 2435 575 2475 intrare
605 2446 689 2474 non
718 2438 871 2486 potest.
931 2434 1038 2473 Ante
1060 2432 1170 2473 enim
1189 2431 1528 2487 praeterlabitur,
1561 2446 1685 2488 quam
1705 2437 1904 2488 percepta
1926 2435 2001 2473 est.

192 2512 229 2541 35
355 2498 507 2539 XXVI.
543 2497 634 2537 110.
680 2496 762 2536 Sed
792 2496 834 2536 in
864 2508 915 2537 eo
946 2508 1124 2549 genere,
1156 2495 1199 2535 in
1230 2508 1338 2549 quo,
1371 2494 1491 2550 quale
1521 2495 1575 2536 sit
1605 2494 1726 2550 quid,
1757 2495 2001 2549 ambigitur,

243 2560 404 2603 exsistit
444 2558 566 2601 etiam
608 2570 660 2599 ex
700 2556 841 2612 scripti
877 2557 1218 2612 interpretatione
1260 2570 1383 2612 saepe
1421 2559 1652 2607 contentio,
1702 2558 1746 2598 in
1775 2571 1857 2614 quo
1888 2556 2003 2599 nulla

240 2627 376 2677 potest
405 2634 496 2663 esse
525 2620 604 2662 nisi
636 2635 688 2661 ex
717 2619 912 2674 ambiguo
945 2619 1242 2662 controversia.
1303 2622 1406 2662 Nam
1435 2620 1538 2663 illud
1567 2622 1728 2675 ipsum,
1761 2619 1874 2676 quod
1903 2619 2001 2662 scri-

334 2744 368 2776 1.
395 2741 619 2783 futurumque
644 2741 686 2772 R.
717 2757 754 2766 -
782 2740 817 2773 lt.
845 2740 885 2772 de
911 2745 990 2773 ante
1017 2740 1149 2773 ambitu
1176 2750 1245 2773 om.
1272 2740 1344 2772 AB.
1373 2757 1414 2763 —
1440 2741 1473 2773 5.
1502 2746 1605 2782 atque
1631 2740 1741 2773 Codd.
1768 2741 1841 2774 aL:
1869 2751 1910 2774 ac
1925 2741 1999 2773 RE.

248 2806 283 2811 —-
325 2795 430 2830 atque
456 2790 705 2830 benignitatem
731 2796 800 2820 om.
828 2787 900 2818 AB.
931 2804 970 2809 —
1000 2786 1056 2827 ab]
1083 2789 1124 2820 de
1147 2789 1191 2822 R.
1219 2805 1261 2811 -
1299 2788 1331 2820 6.
1361 2787 1527 2828 beneficiis
1553 2787 1602 2827 B,
1629 2789 1785 2830 veneficis
1810 2788 1854 2819 R.
1884 2805 1924 2811 —
1961 2787 1998 2820 7.

245 2835 299 2878 em]
328 2842 360 2869 et
384 2837 428 2868 R.
454 2853 499 2858 —
525 2835 627 2876 factis
651 2835 755 2866 ABR.
783 2851 824 2857 —
851 2832 907 2874 In]
934 2834 991 2865 Em
1015 2834 1057 2865 A.
1086 2852 1127 2858 -
1169 2835 1203 2867 8.
1231 2843 1315 2866 raro
1340 2834 1368 2865 Α
1394 2834 1548 2875 aliique:
1574 2843 1660 2867 raro
1686 2837 1790 2867 etiam
1815 2835 1855 2876 (B
1867 2833 1898 2876 i)
1923 2835 1998 2867 RE.

249 2901 284 2907 —-
314 2884 347 2915 9.
375 2885 479 2919 etiam
504 2883 531 2914 B
556 2882 713 2922 aliique:
752 2885 869 2913 autem
895 2880 937 2917 (A
951 2879 981 2921 Ἰ)
1009 2881 1085 2913 RE.
1115 2899 1153 2904 —
1197 2880 1282 2922 non]
1317 2890 1400 2912 num
1424 2881 1468 2912 R.
1496 2898 1540 2903 —
1577 2883 1633 2913 10.
1663 2882 1825 2915 audiente
1845 2880 1911 2922 me]
1937 2892 2002 2914 au-

247 2930 389 2962 dientem
407 2931 435 2961 A
451 2953 460 2966 ,
487 2930 651 2961 audiente
677 2937 745 2960 om.
774 2937 825 2960 me
852 2927 891 2958 B.
914 2943 952 2949 —
982 2928 1038 2959 1-72.
1067 2929 1275 2969 respondeat
1301 2928 1399 2960 Voss.
1427 2927 1526 2960 Leid.
1543 2951 1552 2966 ‚
1580 2929 1622 2968 A,
1647 2929 1881 2970 respondebat
1900 2929 2000 2962 Lam-

247 2976 348 3009 binus
375 2976 474 3016 prob.
501 2976 623 3008 Bakio.
655 2992 692 2999 —
723 2974 778 3006 16.
808 2975 885 3006 Iam
911 2983 986 3005 cum
1012 2976 1096 3017 quid
1121 2979 1280 3011 retento,
1308 2979 1346 3006 ut
1371 2975 1527 3012 videtur,
1558 2984 1632 3006 cum
1657 2981 1736 3009 ante
1764 2985 1831 3017 quo
1859 2976 1928 3008 AB.
1959 2990 1996 2997 —

246 3023 303 3054 20.
329 3024 552 3055 imminutam
577 3023 621 3055 R.
645 3039 687 3045 —
713 3021 884 3061 Appuleia
910 3020 1020 3053 Codd.
1049 3021 1114 3053 aL:
1141 3021 1250 3062 Apeia
1268 3021 1320 3059 A,
1346 3020 1493 3061 Apuleia
1510 3022 1581 3053 RE.
1605 3040 1642 3045 —
1671 3023 1728 3055 22.
1754 3023 1862 3064 facit,
1891 3022 2000 3053 lucide

248 3069 460 3110 breviterque
476 3074 620 3109 uterque
639 3068 781 3110 definiat
800 3067 910 3099 Codd.
927 3068 972 3099 ai.
990 3078 998 3100 :
1027 3068 1113 3109 facit
1131 3069 1343 3107 breviterque
1360 3068 1504 3110 definiat
1521 3069 1561 3106 B,
1580 3069 1681 3111 facit,
1700 3070 1844 3102 breviter
1858 3073 2000 3109 uterque

247 3116 388 3157 definiat
411 3116 461 3153 R,
489 3116 598 3155 facit,
626 3115 739 3147 lucide
765 3115 980 3153 breviterque
1007 3116 1149 3157 definiat
1174 3115 1223 3152 E,
1252 3118 1309 3152 et,
1338 3119 1377 3145 ut.
1402 3115 1538 3148 videtur
1555 3139 1563 3155 ,
1590 3116 1631 3148 A.
1670 3113 1726 3157 (—
1755 3116 1866 3148 lucide
1892 3115 1999 3147 brevi-

247 3166 365 3201 terque
398 3162 581 3202 definiatur
606 3162 715 3194 Paiat.
742 3162 794 3197 2.)
838 3161 988 3193 dilucide
1023 3170 1104 3194 sane
1139 3171 1178 3194 ex
1217 3160 1394 3194 Ciceronis
1432 3162 1687 3196 consuetudine
1723 3163 1805 3203 Lag.
1834 3163 1890 3193 15.
1926 3170 1996 3202 mg.

249 3208 341 3239 Crat.
372 3208 576 3249 Lambinus,
605 3210 747 3242 Bakius.
777 3224 816 3230 —
845 3207 902 3239 26.
929 3207 1044 3249 atque]
1074 3211 1104 3240 et
1128 3208 1190 3249 Lg.
1218 3207 1300 3248 aliq.
1329 3207 1385 3249 (Ut
1410 3217 1496 3248 nos,
1524 3209 1642 3245 ABR.)
1660 3225 1704 3232 -·
1728 3209 1785 3241 27.
1811 3216 1918 3250 neque
1942 3217 1999 3240 su-

243 3256 352 3295 persit
379 3263 446 3286 om.
473 3255 554 3293 AB,
593 3261 631 3287 ut
655 3255 722 3288 Gu.
751 3254 785 3286 3.
814 3271 855 3277 —
896 3254 954 3286 30.
982 3256 1102 3287 omnia
1126 3255 1168 3286 Α.
1195 3271 1239 3276 -
1277 3254 1333 3287 33.
1371 3258 1442 3287 tum
1466 3254 1515 3296 in]
1553 3255 1662 3289 Codd.
1699 3254 1768 3287 ab:
1807 3258 1878 3286 tum
1905 3260 1936 3288 et
1959 3255 1999 3286 in

247 3301 350 3334 BRE.
390 3299 481 3339 (cum
506 3305 536 3332 et
560 3302 596 3332 in
613 3327 622 3338 ‚
649 3306 689 3335 ut
714 3302 874 3338 videtur,
900 3302 962 3340 A.)
1000 3319 1039 3326 —
1077 3301 1134 3334 35.
1161 3301 1275 3344 qualis
1301 3301 1342 3334 R.
1373 3320 1409 3326 —
1450 3302 1508 3336 36.
1534 3303 1762 3336 incertatione
1785 3300 1828 3335 A.
1857 3318 1898 3326 —
1936 3302 1994 3335 37.

246 3348 343 3390 quod
368 3347 450 3379 AB:
476 3356 553 3380 cum
577 3348 648 3380 RE.
