2117 3762
797 194 839 235 C.
872 196 938 235 27.
972 196 1040 236 28.
1074 197 1141 236 29.
1767 199 1844 240 Ῑι93

103 302 173 348 sit,
219 299 342 341 debet
380 300 620 354 hortarique
651 301 701 341 ad
731 313 773 340 se
804 301 986 341 brexiter
1017 302 1220 342 dicentem
1252 301 1516 342 audiendum.
1578 303 1680 343 Tota
1711 311 1846 346 autem

103 361 238 404 oratio
269 362 446 415 simp1‹·x
478 369 517 404 et
547 363 682 416 gravis
712 368 750 403 et
782 363 994 404 sententiis
1025 362 1148 404 debet
1178 363 1364 404 ornatior
1393 376 1482 404 esse
1514 377 1636 418 quam
1667 366 1819 407 verbis,

214 427 405 468 xxvm.
456 427 523 466 98.
584 426 626 466 C.
661 425 705 464 F.
751 425 934 477 Cognovi
978 425 1058 466 iam
1102 425 1347 467 laudationis
1390 432 1430 466 et
1473 426 1675 467 suasionis
1718 428 1846 469 locos.

103 489 241 537 Nunc,
286 502 390 542 quae
429 486 590 529 iudiciis
628 489 934 528 accommodata
974 486 1077 535 sint,
1125 493 1341 543 exspecto;
1392 487 1515 543 idque
1554 489 1675 531 nobis
1723 503 1850 542 genus

104 557 258 591 restare
290 565 416 592 unum
448 555 563 603 puto.
625 550 669 590 C.
699 551 742 590 P.
778 552 901 590 Recte
932 550 1143 604 intelligis.
1204 553 1339 604 Atque
1373 552 1461 592 eius
1491 551 1655 607 quidem
1688 555 1881 606 generis⁵

103 612 197 653 finis
227 618 288 654 est
318 613 527 667 aequitas;
580 624 683 665 quae
724 626 807 653 non
838 612 1081 665 simpliciter
1111 618 1316 667 spectatur
1344 615 1414 654 sed
1456 629 1506 655 ex
1544 615 1851 669 comparatione

104 688 425 730 nonnunquam,
479 679 545 721 ut,
595 686 686 714 cum
732 673 781 715 de
813 674 1028 715 verissimo
1060 680 1298 715 accusatore
1336 674 1605 730 disceptatur,
1651 684 1722 719 aut
1759 692 1852 720 cum

105 736 345 779 hereditatis
384 736 471 777 sine
512 737 601 789 lege
643 743 713 778 aut
753 738 841 778 sine
881 743 1124 778 testamento
1165 738 1320 790 petitur
1349 739 1581 793 possessio:
1630 742 1671 782 in
1703 740 1853 796 quibus

105 800 260 849 causis,
302 799 400 853 quid
431 799 601 853 aequius
632 800 979 852 aequissimumve
1012 800 1086 848 sit,
1130 799 1365 853 quaeritur;
1406 815 1507 856 quas
1537 802 1587 844 ad
1620 817 1763 846 causas
1796 804 1856 847 fa-

105 862 231 904 cultas
269 860 423 916 petitur
460 862 862 914 argumentationum
894 875 945 902 ex
976 861 1047 910 iis,
1092 864 1142 902 de
1174 863 1324 917 quibus
1355 876 1453 905 mox
1484 863 1667 916 dicetur,
1713 869 1856 923 aequi·
1869 876 1904 901 ¹⁰

105 926 196 967 tatis
223 924 340 966 locis.
401 926 468 965 99.
503 928 634 979 Atque
664 924 786 965 etiam
818 929 912 964 ante
942 923 1141 964 iudicium
1172 926 1223 965 de
1255 925 1545 969 constituendo
1578 929 1666 983 ipso
1698 931 1851 972 iudicio

105 987 208 1030 solet
239 1000 330 1029 esse
361 988 598 1036 contentio,
647 1001 740 1027 cum
785 992 857 1027 aut
897 987 1001 1027 sitne
1031 987 1139 1028 actio
1170 986 1255 1035 illi,
1298 988 1367 1042 qui
1398 988 1507 1042 agit,
1541 997 1611 1032 aut
1640 993 1774 1035 iamne
1804 994 1856 1036 sit

104 1055 174 1092 aut
202 1064 300 1092 num
332 1049 410 1091 iam
443 1063 533 1091 esse
565 1050 734 1090 desierit
763 1054 833 1089 aut
863 1047 985 1089 illane
1015 1047 1130 1102 lege,
1165 1047 1282 1090 hisne
1313 1049 1452 1092 verbis
1482 1051 1536 1093 sit
1565 1054 1697 1104 actio,
1731 1070 1857 1111 quae-

103 1113 223 1155 ritur.
285 1113 402 1162 Quae
435 1112 594 1153 etiamsi
625 1117 742 1160 ante,
783 1124 906 1166 quam
946 1124 1014 1152 res
1050 1112 1093 1151 in
1123 1111 1319 1152 iudicium
1350 1113 1484 1161 venit,
1524 1121 1593 1156 aut
1623 1125 1855 1162 concertata

104 1181 175 1216 aut
204 1173 426 1216 diiudicata
457 1179 527 1215 aut
556 1172 743 1214 confecta
774 1186 859 1214 non
890 1178 1001 1221 sunt,
1033 1178 1171 1214 tamen
1201 1173 1242 1215 in
1273 1175 1372 1229 ipsis
1403 1175 1565 1218 iudiciis
1587 1191 1854 1235 permagnum
1871 1188 1905 1214 ¹⁵

105 1251 228 1293 saepe
258 1236 409 1279 habent
436 1237 622 1291 pondus,
667 1249 759 1276 cum
790 1235 846 1276 ita
877 1234 1054 1276 dicitur:
1104 1235 1199 1278 Plus
1231 1236 1397 1290 petisti;
1444 1252 1539 1281 sero
1570 1243 1729 1295 petisti;
1772 1259 1855 1286 non

104 1300 182 1342 suit
212 1306 279 1341 tua
307 1299 473 1355 petitio;
523 1311 606 1339 non
646 1311 669 1338 a
700 1311 791 1346 me,
838 1312 923 1339 non
954 1299 1030 1340 hac
1060 1298 1175 1353 lege,
1220 1313 1304 1340 non
1347 1299 1409 1342 bis
1448 1301 1611 1352 verbis,
1657 1319 1740 1348 non
1777 1308 1859 1350 hoc

105 1362 274 1406 iudicio.
338 1363 431 1403 100.
466 1360 648 1410 Quarum
679 1373 896 1402 causarum
928 1374 1057 1414 genus
1087 1367 1149 1403 est
1178 1362 1358 1415 positum
1390 1363 1433 1404 in
1464 1365 1554 1406 iure
1576 1367 1711 1418 civili,
1746 1372 1858 1425 quod

106 1432 167 1467 est
195 1426 237 1467 in
267 1422 518 1480 privatarum
550 1436 596 1464 ac
625 1420 889 1477 publicarum
919 1437 1059 1465 rerum
1089 1425 1182 1477 lege
1213 1429 1284 1465 aut
1324 1439 1442 1467 more
1482 1427 1688 1481 positum;
1742 1433 1858 1474 cuius

106 1487 276 1529 scientia
306 1486 494 1541 neglecta
533 1483 584 1526 ab
624 1486 864 1527 oratoribus
905 1486 1115 1541 plerisque
1145 1488 1266 1528 nobis
1296 1490 1348 1529 ad
1379 1487 1598 1532 dicendum
1627 1497 1859 1537 necessaria
1873 1506 1909 1531 2⁰

107 1550 285 1592 videtur.
349 1550 486 1599 Quare
531 1547 582 1589 de
627 1547 925 1590 constituendis
955 1547 1211 1599 actionibus,
1262 1550 1513 1604 accipiendis
1553 1556 1860 1614 subeundisque

107 1613 293 1662 iudiciis,
342 1611 392 1654 de
435 1609 680 1665 excipienda
718 1610 932 1666 iniquitate
968 1611 1167 1661 actionis,
1220 1611 1270 1653 de
1312 1617 1589 1669 comparanda
1634 1620 1856 1675 aequitate,

107 1675 218 1731 quod
250 1688 300 1717 ea
329 1673 415 1716 fere
447 1673 609 1728 generis
640 1673 730 1714 eius
762 1679 876 1720 sunt,
907 1680 976 1724 ut,
1009 1688 1257 1731 quamquam
1289 1676 1331 1717 in
1362 1678 1496 1732 ipsum
1517 1679 1713 1723 iudicium
1736 1697 1859 1739 saepe

108 1736 374 1785 delabantur,
419 1741 555 1777 tamen
584 1741 678 1776 ante
709 1735 908 1778 iudicium
938 1739 1147 1779 tractanda
1177 1740 1417 1789 videantur,
1462 1742 1688 1796 paullulum
1719 1760 1767 1787 ea
1797 1760 1862 1788 se-

107 1813 209 1857 paro
250 1813 272 1840 a
316 1797 480 1839 iudiciis
521 1804 708 1850 tempore
757 1801 886 1853 magis
932 1802 1080 1855 agendi
1131 1814 1255 1855 quam
1297 1801 1631 1847 dissimilitudine
1679 1810 1856 1862 generis.
1874 1817 1909 1844 ²⁵

108 1865 211 1904 Nam
241 1860 403 1910 omnia,
450 1873 555 1916 quae
595 1862 646 1901 de
684 1861 776 1902 iure
818 1861 928 1903 civili
967 1868 1038 1905 aut
1079 1865 1129 1905 de
1167 1877 1301 1919 aequo
1340 1870 1380 1906 et
1418 1868 1531 1909 bono
1562 1870 1858 1924 disceptantur,

108 1924 262 1968 cadunt
298 1925 342 1965 in
381 1937 471 1965 eam
507 1922 712 1972 sormam,
762 1924 804 1965 in
844 1938 945 1979 qua,
995 1927 1116 1981 quale
1146 1928 1245 1982 quid
1276 1926 1356 1977 sit,
1403 1930 1651 1985 ambigitur,
1701 1933 1751 1975 de
1782 1948 1863 1990 qua

110 1987 260 2029 dicturi
280 2000 443 2035 sumus,
475 1999 580 2042 quae
610 1986 652 2027 in
682 1988 891 2042 aequitate
923 1993 966 2029 et
995 1987 1087 2029 iure
1108 1989 1288 2030 maxime
1310 1991 1509 2034 consistit.
1573 1997 1727 2038 XXIX.
1764 2000 1857 2039 101.

109 2051 157 2091 In
187 2049 378 2091 omnibus
420 2049 547 2103 igitur
585 2051 719 2091 causis
749 2055 833 2090 tres
864 2055 960 2090 sunt
990 2049 1165 2104 gradus,
1219 2066 1270 2094 ex
1301 2052 1450 2108 quibus
1480 2069 1586 2098 unus
1616 2057 1765 2114 aliquis
1797 2074 1865 2102 ca·-

110 2114 286 2167 piendus
316 2118 400 2161 est,
433 2113 467 2153 si
496 2113 636 2167 plures
667 2125 751 2153 non
783 2125 909 2167 queas
927 2143 938 2161 ,
982 2114 1034 2154 ad
1063 2114 1353 2158 resistendum.
1412 2120 1514 2160 Nam
1545 2125 1615 2162 aut
1642 2122 1699 2164 ita
1730 2123 1865 2165 consi·
1879 2131 1914 2158 ³⁰

112 2175 299 2218 stendum
339 2179 423 2223 est,
473 2180 521 2216 ut
557 2173 623 2223 id,
669 2173 781 2230 quod
818 2174 1032 2223 obiicitur,
1081 2175 1236 2219 factum
1275 2192 1422 2234 neges;
1468 2187 1539 2223 aut
1580 2182 1705 2234 illud,
1753 2185 1865 2241 quod

112 2238 266 2280 factum
296 2236 474 2286 fateare,
504 2250 632 2291 neges
663 2250 754 2278 eam
785 2239 869 2279 vim
899 2238 1053 2280 habere
1084 2245 1208 2295 atque
1237 2242 1279 2283 id
1311 2256 1423 2291 esse,
1455 2246 1568 2299 quod
1599 2248 1863 2290 adversarius

114 2300 383 2351 criminetur;
429 2305 526 2349 aut,
576 2299 610 2341 si
640 2313 776 2354 neque
808 2302 858 2342 de
888 2299 997 2343 facto
1027 2316 1164 2358 neque
1195 2303 1246 2346 de
1277 2303 1372 2346 facti
1403 2307 1682 2362 appellatione
1712 2308 1864 2365 ambigi

112 2369 272 2420 potest,
305 2365 371 2412 id,
413 2361 525 2418 quod
555 2375 754 2417 arguere,
799 2377 926 2418 neges
957 2363 1035 2405 tale
1064 2378 1179 2415 esse,
1212 2367 1332 2422 quale
1361 2367 1431 2409 ille
1461 2368 1592 2420 dicat,
1635 2377 1676 2413 et
1704 2377 1864 2414 rectum

114 2440 226 2477 esse,
257 2425 369 2483 quod
392 2424 568 2474 feceriS,
602 2425 962 2468 concedendumve
993 2425 1206 2470 defendas.
1271 2431 1364 2471 102.
1404 2432 1465 2473 Ita
1495 2432 1653 2486 primus
1683 2433 1754 2475 ille
1785 2440 1864 2476 sta·
1878 2443 1913 2471 ³⁵

114 2496 178 2531 tus
224 2495 265 2531 et
305 2489 422 2544 quasi
464 2489 670 2531 conflictio
715 2503 807 2530 cum
851 2490 1090 2531 adversario
1135 2490 1374 2534 coniectura
1414 2493 1614 2549 quadam,
1658 2496 1865 2538 secundus

116 2558 252 2594 autem
297 2551 538 2594 definitione
586 2557 710 2607 atque
749 2550 1029 2608 descriptione
1074 2560 1144 2595 aut
1187 2553 1481 2598 informatione
1530 2559 1674 2607 verbi,
1722 2560 1866 2601 tertius

116 2617 236 2669 aequi
267 2620 308 2656 et
338 2616 426 2657 veri
458 2621 498 2656 et
526 2615 630 2656 recti
661 2620 701 2656 et
730 2615 901 2657 humani
932 2617 983 2656 ad
1014 2618 1310 2671 ignoscendum
1332 2617 1606 2672 disputatione
1633 2623 1866 2663 tractandus

118 2682 193 2718 est.
253 2679 304 2719 Et
332 2678 526 2733 quoniam
557 2691 720 2733 semper
760 2679 819 2727 is,
867 2677 937 2732 qui
969 2677 1177 2728 defendit,
1225 2692 1311 2721 non
1341 2683 1476 2723 solum
1506 2684 1671 2724 resistat
1700 2688 1867 2737 oportet

118 2740 259 2794 aliquo
289 2744 396 2781 statu
425 2746 495 2782 aut
523 2739 736 2782 infitiando
766 2746 836 2782 aut
865 2740 1098 2783 definiendo
1129 2746 1200 2783 aut
1230 2743 1437 2797 aequitate
1469 2748 1742 2800 opponenda,
1793 2747 1865 2788 sed
1879 2757 1916 2783 (σο

120 2802 244 2843 etiam
273 2802 476 2845 rationem
505 2803 693 2845 subiiciat
721 2803 992 2846 recusationis
1023 2818 1143 2853 suae,
1189 2807 1348 2860 primus
1389 2807 1460 2848 ille
1501 2814 1626 2849 status
1657 2809 1865 2850 rationem

119 2861 245 2906 habet
274 2865 405 2921 iniqui
435 2865 616 2908 criminis
647 2866 779 2922 ipsam
809 2868 1070 2921 negationem
1100 2866 1469 2926 infitiationemque
1489 2868 1611 2922 facti;
1643 2870 1864 2922 secundus,

117 2979 1868 2997 ———————————-————-———-——————-—-—-—-———————

213 3051 246 3082 1.
274 3048 401 3091 autem]
427 3051 508 3084 haec
534 3050 574 3085 V.
595 3067 636 3075 --
662 3051 698 3084 [ι.
725 3055 804 3084 sunt
828 3051 899 3084 RV.
931 3067 969 3075 -·
996 3051 1032 3084 7.
1058 3053 1272 3093 disceptatur
1289 3054 1317 3085 Y
1333 3077 1342 3092 ,
1370 3054 1513 3087 Lamb.:
1540 3055 1740 3096 disputatur
1764 3056 1864 3091 RVE.

123 3108 164 3119 -ὰ
193 3096 226 3129 9.
254 3096 408 3138 aequius]
435 3106 582 3138 aequum
606 3099 679 3130 RV.
709 3114 748 3122 -
777 3098 834 3130 13.
861 3100 1028 3131 destiterit
1053 3099 1125 3131 RV.
1154 3115 1193 3122 -·
1220 3101 1276 3132 15.
1302 3110 1374 3132 non
1398 3102 1526 3134 delevit
1550 3103 1671 3134 Lamb.
1689 3121 1698 3136 .
1726 3105 1868 3138 seclusit

123 3143 206 3176 ΕΠ).
233 3144 278 3175 At
303 3144 380 3176 vide
405 3143 601 3176 Schutzium
628 3148 661 3177 in
689 3146 754 3177 Ed.
782 3147 862 3178 mai.
893 3161 929 3168 —
960 3146 1016 3178 16.
1044 3146 1208 3177 dicuntur
1226 3147 1298 3178 RV.
1321 3164 1358 3172 —
1387 3148 1442 3179 21.
1472 3150 1647 3189 capiendis
1664 3150 1705 3182 V.
1735 3151 1866 3184 Eadem

123 3194 269 3224 varietas
294 3188 332 3230 §-
358 3191 417 3223 77.
450 3208 484 3214 —
527 3192 583 3223 23.
611 3193 683 3224 eius
708 3193 843 3232 ,qeneris
868 3192 908 3223 V.
943 3209 976 3215 —
1019 3193 1076 3224 27.
1103 3194 1246 3224 candem
1271 3194 1311 3225 V.
1341 3209 1380 3216 —-
1413 3196 1564 3234 sormam
1587 3206 1771 3229 causarum
1797 3199 1864 3230 (iu.

123 3237 164 3269 V.
190 3241 272 3279 (non
296 3236 353 3278 lt.)
382 3253 418 3260 —
446 3238 502 3269 31.
528 3238 566 3268 id
591 3247 659 3270 om.
687 3239 758 3270 RV.
790 3254 829 3261 —
856 3238 912 3270 38.
939 3244 971 3270 et
995 3239 1137 3270 humant
1161 3243 1192 3271 et
1219 3242 1303 3271 recti
1328 3241 1368 3273 V.
1395 3242 1472 3275 (Vv.
1497 3248 1529 3276 ec
1555 3245 1641 3276 recti
1666 3253 1734 3276 om.
1753 3244 1808 3287 B.)
1825 3261 1863 3267 —-

125 3284 183 3318 40.
209 3286 327 3326 aliquo
351 3288 442 3318 certo
467 3289 562 3317 statu
588 3285 628 3316 Y.
657 3301 696 3308 —
722 3285 779 3317 41.
809 3293 891 3317 suae
916 3294 982 3317 om.
1012 3286 1077 3318 Gu.
1105 3285 1187 3327 (non
1213 3287 1303 3326 RV.)
