2117 3762
775 296 820 335 C.
855 298 922 337 77.
957 298 1024 337 78.
1059 299 1126 338 79.
1748 305 1828 344 389

185 403 274 443 Hoc
303 400 397 443 loco
416 401 594 449 Atticus,
629 402 817 442 Putarem
849 407 909 448 te.
945 402 1096 458 inquit,
1130 402 1394 445 ambitiosum
1414 418 1528 452 esse,
1562 404 1619 453 si,
1654 411 1699 446 ut
1726 408 1830 448 dixi-

72 466 145 512 sti,
177 464 229 511 ii,
263 478 368 519 quos
399 464 551 505 iamdiu
583 463 765 516 colligis,
809 465 1009 505 viverent.
1073 468 1227 507 (hunos
1257 468 1366 507 enim
1398 480 1722 515 commemora3‚
1760 469 1827 522 qui

71 526 160 569 ausi
192 526 413 581 aliquando
444 532 536 567 sunt
565 531 717 566 stantes
748 525 884 581 loqui,
919 534 962 567 ut
994 527 1091 568 milii
1117 528 1356 581 imprudens
1386 531 1442 570 M.
1469 530 1689 571 Servilium
1711 544 1831 585 prae-

71 590 216 631 terisse
247 589 430 630 videare.
491 589 714 629 Lxxvssl.
748 591 842 629 270.
885 592 996 637 Non,
1029 591 1218 644 inquam,
1259 605 1337 642 ego
1368 591 1473 633 istuc
1502 594 1676 645 ignoro,
1710 595 1830 634 Pom-

69 652 190 707 poni,
235 652 386 694 multos
423 650 569 698 fuisse,
616 651 686 704 qui
728 650 899 693 verbum
938 666 1148 707 nunquam
1190 654 1230 693 in
1270 653 1434 707 publico
1465 652 1681 703 fecissent,
1734 669 1859 696 cums

69 715 216 757 melius
247 714 455 769 aliquanto
487 719 655 767 possent
685 727 806 767 quam
840 714 906 755 isti
938 722 1147 761 oratores,
1187 728 1291 768 quos
1322 715 1501 767 colligo,
1545 718 1709 758 dicere:
1757 716 1830 758 sed

69 780 134 820 his
177 774 551 820 commemorandis
593 777 713 816 etiam
756 776 854 817 illud
895 790 1112 832 assequor,
1164 783 1207 817 ut
1248 777 1484 831 intelligatis
1522 779 1727 834 primum,
1775 793 1829 821 ex

70 841 183 881 omni
213 851 388 881 numero
418 851 539 892 quam
572 851 654 879 non
684 838 800 879 multi
832 840 919 879 ausi
945 840 1025 879 sint
1046 839 1206 887 dicere,
1239 838 1411 888 deinde,
1443 840 1564 882 exiis
1586 843 1683 896 ipsis
1704 856 1827 896 quam

67 903 187 959 pauci
216 901 369 943 suerint
398 899 519 941 laude
551 900 678 953 digni.
741 903 834 941 271.
868 903 1009 955 ltaque
1041 916 1092 942 ne
1125 900 1199 942 hos
1231 901 1398 956 quidem
1421 903 1580 956 equites
1602 906 1825 954 Romanos,

67 966 220 1007 amicos
250 969 432 1009 nostros,
480 963 549 1017 qui
580 977 711 1017 nuper
741 963 894 1003 mortui
926 969 1040 1010 sunt,
1086 965 1128 1004 P.
1151 964 1382 1005 Cominium
1415 967 1696 1019 Spoletinum,
1743 981 1825 1021 quo
1841 983 1879 1008 ιο

67 1032 283 1069 accusante
323 1024 488 1066 defendi
531 1028 574 1067 C.
611 1026 871 1075 Cornelium3
922 1027 963 1067 in
1007 1040 1087 1080 quo
1128 1031 1168 1066 et
1197 1027 1472 1081 compositum
1503 1027 1664 1069 dicendi
1696 1042 1827 1083 genus

67 1096 107 1131 et
144 1102 237 1130 acre
276 1094 316 1129 et
353 1088 588 1143 expeditum
628 1088 726 1130 suit:
777 1091 823 1129 T.
859 1089 1027 1131 Accium
1068 1089 1382 1138 Pisaurensem,
1430 1090 1546 1131 cuius
1577 1091 1828 1132 accusationi

65 1150 260 1205 respondi
291 1164 365 1206 pro
399 1154 444 1192 A.
476 1150 688 1199 Cluentio;
734 1153 802 1206 qui
835 1158 875 1192 et
904 1156 1092 1192 accurate
1123 1149 1288 1191 dicebat
1319 1157 1359 1192 et
1389 1153 1488 1193 satis
1519 1154 1687 1207 copiose
1718 1160 1826 1194 erat-

64 1228 145 1271 que
175 1220 387 1270 praeterea
419 1215 563 1255 doctus
594 1216 878 1268 Hermagorae
908 1213 1166 1266 praeceptis,
1200 1213 1350 1268 quibus
1381 1214 1455 1255 etsi
1483 1221 1722 1256 ornamenta
1744 1229 1827 1257 non

63 1276 159 1319 satis
190 1278 329 1330 opima
360 1275 548 1324 dicendi,
582 1282 742 1324 tamen,
775 1281 819 1316 ut
839 1277 980 1316 hastae
1002 1276 1197 1317 velitibus
1218 1282 1473 1326 amentatac,
1507 1277 1565 1319 sic
1584 1285 1677 1332 apta
1699 1291 1876 1333 quae-1⁵

63 1338 157 1381 dam
187 1344 228 1380 et
256 1344 395 1394 parata
425 1337 597 1391 singulis
630 1352 846 1379 causarum
889 1336 1110 1391 generibus
1152 1345 1397 1393 argumenta
1436 1339 1668 1382 traduntur.
1727 1343 1823 1381 272.

63 1401 208 1444 Studio
236 1406 389 1442 *autem
429 1400 637 1441 neminem
676 1414 750 1441 nec
791 1400 993 1442 industria
1034 1401 1194 1441 maiore
1235 1404 1436 1454 cognovi,
1488 1416 1734 1457 quamquam
1775 1416 1827 1444 ne

62 1464 230 1518 ingenio
261 1463 428 1519 quidem
460 1462 530 1516 qui
561 1462 828 1517 praestiterit,
869 1462 989 1504 facile
1022 1464 1226 1512 dixerim,
1263 1464 1306 1506 C.
1328 1463 1494 1513 Pisoni,
1529 1477 1682 1519 genero
1713 1477 1823 1506 meo.

61 1525 224 1568 Nullum
257 1532 419 1579 tempus
449 1524 507 1565 illi
538 1538 720 1579 unquam
752 1527 923 1566 vacabat
953 1531 1023 1566 aut
1052 1538 1075 1566 a
1104 1524 1260 1566 forensi
1281 1526 1462 1568 dictione
1482 1533 1552 1568 aut
1572 1541 1594 1568 a
1617 1541 1828 1568 commen-

62 1589 217 1630 tatione
257 1587 483 1628 domestiea
522 1593 590 1628 aut
629 1601 651 1628 a
683 1587 904 1629 scribendo
946 1593 1014 1628 aut
1044 1601 1066 1628 a
1097 1586 1332 1641 cogitando.
1393 1590 1536 1645 Itaque
1567 1594 1701 1631 tantos
1731 1603 1876 1644 pro-20

62 1665 201 1693 cessus
223 1648 448 1697 efficiebat,
480 1655 525 1690 ut
546 1651 738 1699 evolare,
772 1664 855 1691 non
886 1663 1109 1691 excurrere
1138 1650 1376 1700 videretur3
1410 1658 1579 1707 eratque
1599 1650 1826 1694 verborum

62 1720 103 1755 et
132 1712 315 1754 delectus
346 1711 512 1765 elegans
543 1717 583 1752 et
613 1719 707 1766 apta
738 1718 778 1753 et
809 1713 926 1766 quasi
958 1714 1134 1754 rotunda
1166 1713 1442 1764 constructi0;
1490 1728 1667 1771 cumque
1707 1728 1826 1770 argu-

61 1781 199 1818 menta
245 1773 586 1827 excogitabantur
626 1773 677 1815 ab
717 1789 766 1815 eo
808 1774 935 1816 multa
976 1780 1016 1815 et
1044 1774 1161 1817 firma
1192 1778 1243 1816 ad
1273 1775 1559 1831 probandum,
1608 1784 1692 1819 tum
1723 1791 1823 1819 con-

60 1841 205 1880 cinnae
235 1842 464 1892 acutaeque
497 1839 748 1887 sententiae;
781 1844 1004 1892 gestusque
1035 1842 1182 1879 natura
1211 1839 1266 1879 ita
1288 1845 1503 1886 venustus,
1534 1844 1580 1880 ut
1600 1853 1664 1881 ars
1687 1843 1824 1886 etiam,

61 1914 165 1955 quae
187 1913 269 1940 non
291 1905 399 1947 erat,
434 1905 473 1939 et
496 1914 517 1939 e
539 1899 754 1953 disciplina
774 1905 910 1940 motus
942 1899 1109 1954 quidam
1141 1898 1353 1941 videretur
1384 1900 1595 1944 accedere.
1652 1903 1822 1951 Vereor,
1838 1918 1874 1944 2⁵

59 1976 112 2003 ne
143 1975 285 2003 amore
314 1961 458 2002 videar
488 1961 630 2014 plura,
666 1975 787 2016 quam
819 1962 972 2003 fuerint
1002 1962 1043 2003 in
1076 1962 1173 2011 illo,
1208 1962 1368 2004 dicere:
1402 1964 1514 2019 quod
1535 1979 1620 2006 non
1649 1967 1705 2006 ita
1737 1971 1821 2015 est3

60 2025 138 2066 alia
169 2025 277 2065 enim
310 2025 361 2065 de
391 2023 463 2064 illo
495 2026 653 2065 maiora
685 2024 765 2065 dici
797 2031 984 2079 possunt.
1045 2028 1146 2066 Nam
1176 2039 1253 2067 nec
1283 2026 1534 2068 continentia
1563 2041 1638 2069 nec
1672 2029 1824 2081 pietate

59 2102 135 2129 nec
174 2086 258 2129 ullo
300 2099 454 2141 genere
495 2087 659 2128 virtutis
700 2101 952 2143 quemquam
984 2089 1169 2129 eiusdem
1202 2089 1348 2130 aetatis
1380 2103 1473 2131 cum
1504 2091 1575 2130 illo
1608 2088 1826 2130 conseren-

60 2153 158 2192 dum
188 2155 304 2205 puto.
366 2151 556 2190 LXXIX.
590 2152 686 2191 273.
722 2152 804 2190 Nec
826 2163 927 2191 vero
958 2153 1013 2191 M.
1040 2150 1223 2192 Caelium
1254 2154 1600 2206 praetereundum
1622 2153 1822 2199 arbitror,

60 2225 333 2268 quaecunque
365 2213 454 2252 eius
484 2212 527 2253 in
559 2212 673 2253 exitu
703 2212 769 2253 vel
800 2211 966 2254 fortuna
997 2212 1064 2253 vel
1093 2227 1210 2254 mens
1240 2212 1339 2264 fuit;
1371 2215 1441 2269 qui
1463 2214 1659 2269 quamdiu
1685 2219 1825 2255 aucto·
1838 2230 1872 2255 ³0

60 2276 170 2316 rituti
200 2287 318 2315 meae
348 2275 501 2327 paruit,
534 2274 625 2315 talis
657 2275 847 2317 tribunus
879 2275 933 2328 pl.
957 2274 1056 2323 fuit,
1098 2280 1144 2316 ut
1175 2289 1297 2317 nemo
1329 2283 1474 2318 contra
1505 2277 1658 2318 civium
1688 2276 1824 2332 perdi-

61 2342 196 2379 torum
238 2335 483 2391 popularem
525 2339 889 2392 turbulentamque
935 2337 1185 2379 dementiam
1225 2353 1248 2380 a
1287 2345 1432 2381 senatu
1473 2345 1513 2380 et
1552 2353 1574 2380 a
1615 2341 1821 2381 honorum

60 2414 183 2441 causa
214 2400 374 2440 steterit
405 2401 683 2449 constantius;
736 2413 858 2455 quam
891 2400 980 2441 eius
1011 2400 1212 2442 actionem
1243 2402 1417 2443 multum
1449 2407 1585 2444 tamen
1617 2408 1658 2443 et
1687 2401 1823 2455 splen-

60 2464 155 2504 dida
197 2468 239 2503 et
277 2460 441 2516 grandis
480 2467 522 2503 et
560 2465 704 2503 eadem
746 2464 947 2517 imprimis
984 2462 1117 2503 faceta
1157 2469 1198 2504 et
1232 2463 1467 2519 perurbana
1505 2463 1820 2506 commendabat

61 2526 210 2566 oratio.
273 2525 425 2565 Graves
456 2525 544 2565 eius
575 2526 788 2565 contiones
826 2525 985 2580 aliquot
1020 2526 1212 2574 fuerunt,
1260 2539 1376 2568 acres
1416 2527 1698 2568 accusationes
1737 2532 1818 2566 tres
1833 2539 1866 2565 ³⁵

61 2601 219 2643 eaeque
250 2600 394 2628 omnes
425 2600 476 2627 ex
505 2586 566 2627 rei
597 2587 788 2641 publicae
819 2587 1086 2628 contentione
1125 2594 1367 2642 susceptae;
1420 2589 1698 2635 defensiones,
1744 2590 1819 2629 etsi

59 2650 131 2690 illa
161 2656 278 2690 erant
306 2649 347 2691 in
379 2662 429 2690 eo
460 2649 657 2698 meliora,
701 2663 807 2703 quae
841 2649 948 2696 dixi,
994 2664 1077 2692 non
1109 2653 1437 2693 contemnendae
1468 2657 1607 2693 tamen
1639 2665 1818 2706 saneque

61 2711 315 2753 tolerabiles.
375 2713 474 2761 Hic,
524 2727 615 2752 cum
656 2725 815 2752 summa
845 2714 1058 2754 voluntate
1089 2714 1297 2755 bonorum
1328 2713 1473 2755 aedilis
1505 2714 1659 2755 curulis
1690 2713 1818 2754 factus

60 2779 188 2821 esset,
228 2775 370 2815 nescio
403 2776 613 2828 quomodo
646 2773 830 2815 discessu
862 2788 955 2816 meo
987 2774 1175 2817 discessit
1203 2789 1227 2816 a
1249 2789 1348 2817 *sese
1380 2776 1630 2830 ceciditque,
1674 2782 1819 2828 postea

61 2849 181 2890 quam
212 2848 284 2876 eos
313 2836 465 2878 imitari
496 2838 652 2892 coepit,
684 2850 788 2891 quos
818 2838 906 2890 ipsc
937 2843 1206 2890 perverterat.
1268 2839 1364 2879 274.
1398 2838 1478 2879 Sed
1501 2840 1551 2878 de
1582 2840 1635 2879 M.
1661 2838 1815 2879 Calidio
1833 2849 1871 2875 40

61 2897 243 2939 dicamus
275 2898 451 2952 aliquid,
483 2901 552 2954 qui
584 2912 664 2939 non
696 2898 773 2939 suit
803 2906 945 2940 orator
976 2914 1078 2941 unus
1110 2914 1132 2941 e
1163 2900 1326 2949 multis,
1359 2902 1496 2955 potius
1528 2901 1636 2940 inter
1666 2900 1817 2942 multos

61 2973 193 3016 prope
235 2959 454 3013 singularis
494 2963 594 3011 fuit3
643 2962 698 3002 ita
739 2962 972 3002 reconditas
1011 2962 1318 3018 exquisitasque
1357 2963 1581 3003 sententias
1613 2962 1748 3003 mollis
1779 2968 1820 3004 et

60 3022 271 3078 pellucens
301 3025 501 3064 vestiebat
530 3026 678 3066 oratio.
737 3025 846 3064 Nihil
879 3030 961 3065 tam
992 3030 1179 3065 tenerum
1211 3039 1334 3079 quam
1365 3025 1474 3065 illius
1504 3025 1820 3079 comprehensio

62 3087 312 3132 verborum,
346 3084 447 3126 nihil
478 3092 558 3127 tam
591 3087 792 3134 flexibile,
826 3086 951 3134 nihil,
984 3086 1095 3142 quod
1125 3088 1255 3142 magis
1285 3089 1414 3142 ipsius
1444 3085 1615 3128 arbitrio
1643 3085 1820 3140 fingere-

155 3230 190 3261 9.
217 3238 260 3260 ne
285 3230 344 3260 hos
368 3229 520 3271 quidem]
549 3232 724 3264 «Verbum
753 3233 809 3264 hic
836 3232 933 3265 deest
960 3237 994 3264 ct
1019 3233 1219 3265 addendum
1242 3233 1306 3265 tale
1326 3233 1520 3273 quiddam:
1549 3234 1818 3272 praetereundos

63 3277 247 3309 arbitror.»
288 3276 474 3309 Errnsn'r.
519 3294 553 3300 —
599 3278 654 3309 16.
691 3280 902 3310 traduntur:
939 3278 1116 3310 studio„
1147 3280 1305 3319 coynovi.
1357 3280 1574 3321 Quamquam
1600 3280 1639 3312 E.
1680 3297 1719 3303 —
1761 3281 1816 3310 26.

62 3325 203 3365 suerunt
230 3322 300 3355 Gu.
320 3325 352 3354 1.
381 3324 414 3354 2.
443 3323 557 3355 Peter.
587 3341 626 3346 —
653 3325 711 3356 42.
737 3334 846 3364 prope
874 3334 950 3358 cum
979 3325 1022 3356 D.
1051 3324 1119 3357 Gu.
1137 3326 1169 3357 1.
1199 3326 1232 3358 2.
1259 3325 1385 3358 Dresd.
1413 3335 1480 3359 om.
1508 3326 1624 3360 Peter.
1675 3326 1718 3358 Ut
1742 3335 1816 3365 nos,

63 3371 123 3411 Lg.
151 3378 272 3402 omnes
298 3370 476 3411 ceterique
503 3370 664 3403 Ellendtii
681 3394 690 3411 ,
717 3373 798 3404 item
817 3372 859 3404 R.
