2117 3762
293 208 373 248 1148
1055 197 1268 239 ORATOR

398 312 502 359 Sed,
546 306 738 363 quoniam
768 302 1000 344 adhibenda
1029 315 1322 357 nonnunquam
1354 306 1432 349 est,
1476 301 1656 354 primum
1686 301 1909 343 videndum
1940 308 2030 352 est,

286 389 367 430 quo
396 375 514 419 loco,
548 370 694 412 deinde
726 378 847 420 quam
879 365 949 404 diu
979 362 1196 403 retinenda
1225 364 1298 413 sit,
1331 370 1418 406 tum
1450 368 1550 418 quot
1576 361 1709 403 modis
1731 367 2032 406 commutanda.

284 438 378 479 210.
408 433 646 475 Adhibenda
676 433 737 469 est
765 426 888 480 igitur
917 438 1140 466 numerosa
1171 425 1321 473 oratio,
1357 428 1389 467 si
1412 432 1482 467 aut
1501 423 1750 466 laudandum
1784 431 1847 466 est
1876 426 2033 482 aliquid

286 498 486 542 ornatius,
532 499 576 535 ut
605 505 679 532 nos
709 491 749 530 in
780 486 1062 530 Accusationis
1093 489 1273 528 secundo
1306 488 1356 530 de
1390 488 1551 530 Siciliae
1584 487 1705 528 laude
1736 487 1941 537 diximus,
1988 494 2033 529 ut

256 561 325 601 sin
357 564 496 600 senatu
527 555 576 596 de
608 550 821 594 consulatu
852 563 972 598 meo,
1006 554 1076 590 aut
1107 552 1353 604 exponenda
1382 550 1591 598 narratio,
1639 564 1744 605 quae
1775 549 1868 605 plus
1899 550 2032 605 digni-

285 623 373 663 tatis
403 618 606 661 desiderat
636 627 755 669 quam
786 612 966 661 doloris,
999 617 1043 653 ut
1072 611 1114 651 in
1146 617 1292 666 quarto
1323 613 1604 654 Accusationis
1635 611 1684 653 de
1716 612 1925 654 Hennensi
1957 613 2034 654 Ce-

283 698 397 731 rere,
441 681 490 722 de
522 681 740 730 Segestana
770 676 927 723 Diana,
973 673 1022 714 de
1055 675 1349 728 Syracusarum
1381 676 1461 716 situ
1491 676 1683 716 diximus.
1744 676 1876 730 Saepe
1909 676 2032 717 etiam

281 748 322 787 in
362 739 641 798 amplificanda
684 752 730 779 re
771 750 973 778 concessu
1012 737 1196 777 omnium
1234 735 1418 777 funditur
1454 750 1676 779 numerose
1719 742 1759 778 et
1790 736 2031 779 volubiliter

281 806 426 849 oratio.
487 803 531 844 Id
562 815 637 843 nos
658 799 832 841 fortasse
854 813 938 839 non
961 797 1228 853 perfecimus,
1262 798 1396 839 conati
1419 801 1585 853 quidem
1606 799 1846 855 saepissime
1866 814 2027 851 sumus;

231 883 266 907 ιο
281 868 389 925 quod
420 864 610 921 plurimis
640 864 744 904 locis
774 862 1060 917 perorationes
1090 866 1257 903 nostrae
1291 860 1472 903 voluisse
1503 875 1578 902 nos
1610 868 1733 918 atque
1764 865 1900 903 animo
1933 876 2032 904 con-

279 929 457 973 tendisse
487 928 708 970 declarant.
767 926 811 965 Id
842 930 977 965 autem
1009 929 1094 965 tum
1124 923 1256 973 valet,
1289 937 1381 965 cum
1411 923 1470 972 is,
1504 925 1574 978 qui
1605 924 1740 973 audit,
1779 927 1830 966 ab
1862 930 2029 966 oratore

277 994 357 1034 iam
389 995 580 1033 obsessus
611 993 672 1030 est
702 1002 749 1028 ac
777 992 953 1028 tenetur.
1014 989 1106 1028 Non
1138 989 1248 1027 enim
1278 985 1320 1027 id
1351 986 1454 1040 agit,
1494 992 1540 1026 ut
1569 986 1786 1028 insidietur
1816 993 1856 1029 et
1888 986 2031 1028 obser-

276 1060 365 1103 vet,
416 1055 487 1096 sed
528 1054 608 1093 iam
647 1050 759 1092 favet
798 1062 1121 1104 processumque
1164 1047 1252 1090 vult
1291 1047 1540 1102 dicendique
1577 1049 1659 1089 vim
1699 1048 1905 1091 admirans
1946 1063 2029 1090 non

275 1117 452 1171 anquirit
483 1116 581 1170 quid
610 1111 899 1168 reprehendat.
957 1114 1054 1153 211.
1101 1113 1216 1153 Haec
1253 1118 1391 1153 autem
1431 1110 1564 1152 forma
1598 1111 1814 1153 retinenda
1841 1126 1925 1154 non
1957 1111 2028 1153 diu

226 1192 260 1217 15
275 1185 358 1229 est;
404 1193 481 1220 nec
520 1179 612 1219 dico
650 1176 692 1217 in
731 1173 1016 1231 peroratione,
1064 1189 1185 1231 quam
1225 1174 1356 1230 ipsam
1393 1172 1588 1221 includit,
1635 1172 1707 1214 sed
1745 1173 1789 1214 in
1830 1173 2026 1215 orationis

274 1243 443 1297 reliquis
470 1239 669 1296 partibus.
730 1240 834 1278 Nam
875 1250 970 1278 cum
1009 1237 1064 1279 sis
1105 1237 1155 1279 iis
1191 1236 1296 1278 locis
1325 1250 1448 1284 usus,
1499 1234 1648 1292 quibus
1680 1235 1841 1277 ostendi
1873 1235 2024 1285 licere,

272 1301 553 1345 transferenda
581 1307 666 1343 tota
695 1299 819 1342 dictio
851 1305 913 1341 est
942 1299 992 1341 ad
1021 1300 1115 1349 illa,
1162 1313 1269 1355 quae
1299 1300 1440 1340 nescio
1473 1312 1571 1347 cur,
1618 1312 1711 1339 cum
1749 1299 1894 1340 Graeci
1923 1297 2029 1352 κόμ-

271 1384 388 1422 ματα
419 1371 460 1408 et
489 1368 604 1407 κῶλα
635 1363 872 1411 nominent,
923 1376 999 1404 nos
1029 1378 1115 1404 non
1144 1369 1256 1404 recte
1286 1362 1460 1404 incisa
1490 1366 1532 1402 et
1562 1359 1791 1402 membra
1824 1359 2023 1402 dicamus.

273 1431 414 1484 Neque
445 1427 554 1469 enim
585 1441 675 1468 esse
705 1430 876 1481 possunt
903 1427 1029 1467 rebus
1059 1425 1212 1481 ignotis
1241 1431 1339 1467 nota
1368 1425 1561 1473 nomina,
1595 1422 1667 1465 sed
1691 1436 1784 1465 cum
1806 1424 1933 1465 verba
1954 1427 2024 1464 aut

222 1491 480 1533 2osuavitatis
520 1495 590 1531 aut
626 1489 788 1543 inopiae
828 1502 951 1530 causa
991 1487 1219 1530 transferre
1261 1487 1498 1536 soleamus,
1547 1488 1590 1528 in
1634 1484 1826 1528 omnibus
1866 1487 1947 1527 hoc
1982 1484 2028 1526 fit

272 1554 447 1600 artibus,
478 1558 545 1601 ut,
579 1565 670 1593 cum
700 1550 741 1592 id
772 1549 1062 1604 appellandum
1094 1552 1165 1599 sit,
1207 1553 1319 1606 quod
1349 1556 1521 1605 propter
1549 1563 1690 1591 rerum
1721 1548 2025 1603 ignorationem

270 1614 450 1670 ipsarum
480 1614 635 1656 nullum
665 1612 856 1655 habuerit
885 1619 979 1655 ante
1008 1626 1182 1663 nomen,
1214 1614 1438 1655 necessitas
1468 1617 1588 1667 cogat
1616 1617 1685 1653 aut
1712 1624 1866 1653 novum
1886 1610 2024 1652 facere

269 1679 442 1719 verbum
474 1682 544 1718 aut
573 1691 596 1718 a
626 1676 750 1718 simili
779 1677 972 1717 mutuari.

379 1740 524 1780 LXIII.
553 1741 649 1780 212.
683 1739 774 1788 Quo
803 1745 941 1780 autem
972 1744 1094 1792 pacto
1127 1741 1272 1780 deceat
1299 1736 1428 1780 incise
1460 1736 1777 1780 membratimve
1807 1736 1909 1786 dici,
1941 1736 2022 1779 iam

220 1814 256 1840 2⁵
270 1799 523 1851 videbimus3
572 1815 707 1850 nunc,
753 1807 854 1856 quot
884 1800 1018 1843 modis
1048 1805 1260 1843 mutentur
1290 1800 1685 1856 comprehensiones
1715 1800 2024 1843 conclusiones-

269 1878 374 1919 que,
407 1864 624 1905 dicendum
655 1869 730 1905 est.
790 1863 899 1905 Fluit
929 1865 1099 1906 omnino
1130 1878 1327 1906 numerus
1358 1877 1381 1905 a
1406 1863 1542 1918 primo
1573 1869 1659 1904 tum
1689 1864 1897 1906 incitatius
1926 1865 2024 1905 bre-

267 1925 391 1968 vitate
419 1928 572 1982 pedum
602 1932 687 1968 tum
717 1926 967 1982 proceritate
997 1927 1168 1969 tardius.
1229 1928 1401 1969 Cursum
1427 1926 1712 1969 contentiones
1734 1928 1863 1982 magis
1882 1925 2023 1982 requi-

267 1994 382 2037 runt,
433 1989 716 2044 expositiones
761 2003 903 2031 rerum
947 1990 1194 2032 tarditatem.
1269 1989 1424 2030 Insistit
1471 1995 1608 2032 autem
1658 1988 1834 2032 ambitus
1884 1988 2019 2031 modis

267 2051 479 2105 pluribus,
527 2065 549 2093 e
578 2051 728 2107 quibus
758 2067 886 2093 unum
918 2059 979 2094 est
1007 2058 1148 2094 secuta
1177 2052 1274 2093 Asia
1303 2051 1503 2102 maxime,
1547 2053 1617 2107 qui
1650 2054 1868 2094 dichoreus
1897 2066 2021 2094 voca-

219 2131 255 2158 30
269 2118 352 2162 tur,
383 2127 475 2156 cum
507 2116 588 2156 duo
620 2116 798 2156 extremi
828 2116 967 2157 chorei
999 2120 1110 2163 sunt,
1142 2114 1183 2156 id
1214 2120 1298 2164 est,
1332 2128 1355 2156 e
1386 2115 1557 2169 singulis
1587 2114 1723 2169 longis
1744 2121 1785 2156 et
1804 2114 2018 2160 brevibus.

267 2178 578 2230 Explanandum
609 2182 671 2219 est
701 2179 833 2226 enim,
870 2179 982 2234 quod
1012 2179 1062 2219 ab
1093 2177 1182 2219 aliis
1211 2177 1336 2220 iidem
1366 2180 1494 2233 pedes
1525 2177 1612 2220 aliis
1642 2176 1856 2220 vocabulis
1885 2177 2020 2220 nomi-

266 2244 430 2281 nantur.
489 2242 582 2281 213.
630 2241 860 2282 Dichoreus
903 2254 986 2281 non
1032 2246 1093 2282 est
1129 2240 1200 2282 ille
1239 2242 1407 2296 quidem
1448 2254 1521 2282 sua
1565 2246 1710 2296 sponte
1756 2241 1931 2283 vitiosus
1973 2240 2017 2282 in

266 2300 478 2352 clausulis,
511 2304 584 2344 sed
613 2302 657 2344 in
688 2302 887 2345 orationis
916 2317 1091 2345 numero
1123 2303 1226 2345 nihil
1258 2309 1319 2345 est
1347 2308 1431 2344 tam
1459 2304 1653 2345 vitiosum
1683 2317 1805 2360 quam
1836 2303 1870 2345 si
1905 2318 2015 2349 sem-,-

264 2376 340 2419 per
368 2370 429 2406 est
456 2364 579 2407 idem.
640 2365 757 2407 Cadit
786 2371 923 2407 autem
952 2379 1030 2421 per
1058 2379 1103 2408 se
1133 2365 1221 2422 ipse
1242 2365 1310 2407 ille
1331 2365 1569 2420 praeclare,
1602 2379 1692 2421 quo
1707 2368 1830 2408 etiam
1851 2368 2016 2408 satietas

218 2427 525 2471 assormidanda
555 2432 617 2470 est
645 2428 789 2483 magis.
847 2430 914 2470 Me
953 2434 1086 2470 stante
1128 2431 1172 2472 C.
1212 2429 1368 2479 Carbo,
1420 2431 1462 2472 C.
1498 2431 1568 2478 F.‚
1617 2428 1807 2471 tribunus
1847 2428 1926 2484 pl.,
1971 2429 2015 2470 in

266 2490 456 2532 contione
488 2490 592 2532 dixit
620 2492 683 2533 his
713 2491 877 2541 verbis,
912 2491 945 2533 Ο
975 2493 1147 2533 Marce
1176 2494 1367 2542 Druse,
1398 2497 1601 2548 patrem
1631 2491 1868 2548 appello:
1911 2493 2014 2533 haec

357 2671 392 2704 4.
419 2675 457 2704 ut
480 2674 518 2704 in
541 2674 674 2713 senatu]
700 2674 831 2708 Firmat
856 2675 947 2708 hanc
972 2677 1063 2708 coni.
1103 2677 1139 2708 in
1164 2675 1274 2717 Marg.
1317 2677 1456 2716 Repett.
1497 2675 1618 2708 Lamb.
1655 2678 1868 2715 propositam
1906 2679 2012 2716 atque

266 2716 309 2748 ab
336 2718 416 2751 Ern.
445 2725 618 2760 receptam
646 2722 741 2754 Eins.
768 2721 844 2762 (aut
869 2723 908 2753 in
931 2732 959 2754 s.
986 2731 1066 2754 cum
1093 2726 1215 2755 ceteris
1240 2723 1376 2760 Peter.)
1402 2723 1564 2755 Ceterum
1591 2731 1696 2762 cave,
1731 2723 1817 2755 baec
1843 2731 1922 2754 cum
1947 2723 2013 2756 Pe·

268 2767 339 2796 tero
374 2766 500 2798 referas
540 2768 582 2799 ad
618 2768 926 2801 Pseudociceronis
954 2769 1012 2801 Or.
1055 2775 1132 2810 post
1168 2770 1317 2802 reditum
1344 2768 1381 2810 ἕ.
1408 2770 1470 2807 6.;
1513 2769 1573 2801 sed
1613 2768 1674 2800 cfr.
1715 2770 1757 2801 ad
1782 2771 1853 2801 Att.
1883 2771 1924 2809 1,
1952 2769 2008 2802 14.

265 2809 438 2844 Plutarch.
467 2815 500 2844 in
521 2813 642 2847 Crasso
669 2816 724 2847 15.
753 2820 838 2847 extr.
861 2832 896 2839 —-
927 2816 961 2848 6.
989 2817 1168 2848 Hennensi
1192 2817 1261 2850 Vit.
1289 2817 1384 2849 Eius.
1405 2817 1458 2849 R:
1484 2816 1640 2848 Ennensi
1659 2816 1699 2848 E.
1728 2816 1799 2849 Ctr.
1823 2816 1948 2856 Zumpt
1966 2815 2010 2848 ad

267 2856 364 2890 Verr.
393 2868 426 2898 p.
453 2859 531 2891 393.
563 2877 601 2883 -
630 2862 684 2892 10.
713 2860 844 2902 animo]
873 2864 1010 2894 omnino
1037 2865 1077 2896 R.
1108 2881 1144 2886 —
1184 2864 1240 2896 12.
1268 2869 1305 2895 ut
1330 2864 1556 2896 insidiantem
1581 2863 1738 2895 observet
1762 2863 1907 2896 Ascens.
1937 2871 2007 2895 sec.

269 2902 360 2935 Crat.
377 2927 385 2941 ,
411 2909 450 2936 ut
473 2907 710 2939 insidiatorem
737 2908 891 2941 observet
916 2910 1038 2942 Lamb.
1068 2911 1160 2942 coni.
1200 2927 1235 2933 —
1283 2910 1341 2942 14.
1366 2910 1522 2951 anquirit
1546 2910 1599 2941 R:
1637 2911 1794 2951 adquirit
1820 2910 1916 2942 Eins.
1944 2909 2008 2942 Dr.

269 2947 335 2979 Gu.
363 2951 394 2980 1.
422 2952 479 2990 2.‚
515 2954 660 2994 inquirit
686 2954 755 2986 Vit.
783 2955 822 2986 E.
865 2972 901 2978 -
947 2957 1032 2997 quid
1058 2957 1154 2990 Eius.
1181 2957 1241 2988 Dr.
1269 2957 1366 2989 Mon.
1395 2956 1460 2988 Gu.
1488 2956 1521 2987 1.
1549 2956 1605 2988 2.:
1649 2957 1742 2998 quod
1767 2957 1837 2989 vit.
1864 2956 1938 2989 RE.
1965 2973 2009 2980 —-

267 2995 455 3048 prehendat
481 2999 550 3031 Vit.
579 3000 646 3032 Gu.
674 3001 707 3032 1.
734 3001 767 3031 2.
795 3002 837 3033 R.
868 3018 904 3025 -
934 3004 990 3034 15.
1017 3005 1131 3042 ipsam
1159 3002 1384 3039 Gulielmius,
1413 3004 1467 3034 cui
1496 3003 1580 3035 Ern.
1609 3011 1671 3043 per
1695 3012 1828 3036 merum
1856 3011 2008 3037 errorem

269 3041 388 3073 tribuit
410 3046 506 3083 ipsa,
551 3056 654 3087 quem
682 3056 832 3080 errorem
860 3052 992 3088 recepit
1016 3050 1143 3082 Peter:
1181 3051 1254 3090 ipse
1279 3058 1356 3081 cum
1382 3050 1477 3082 libris
1511 3049 1593 3088 RE;
1637 3051 1854 3090 corruptelae
1891 3054 2007 3083 notam

267 3086 388 3141 Lamb.
416 3095 578 3129 apposuit
604 3103 658 3126 vv.
685 3104 790 3136 quam
816 3095 886 3134 ipse
909 3096 1072 3128 includit.
1101 3114 1137 3120 —
1183 3097 1356 3128 concludit
1383 3095 1450 3128 Gu.
1479 3097 1513 3127 1.
1541 3114 1578 3120 —
1610 3097 1665 3128 16.
1693 3099 1736 3129 iis
1762 3099 1860 3130 Eius.
1889 3097 2004 3130 Crat.:

267 3133 318 3165 his
344 3134 384 3165 E.
414 3152 448 3158 —
477 3138 534 3169 29.
559 3145 677 3172 secuta
702 3145 749 3173 est
775 3141 819 3173 R.
846 3156 886 3164 —
912 3142 969 3173 31.
996 3144 1039 3174 ab
1065 3143 1136 3175 illis
1161 3142 1232 3174 Vit.
1260 3143 1356 3174 Eius.
1384 3143 1445 3176 Dr.
1471 3143 1568 3176 Mon.
1598 3143 1665 3176 Gu.
1695 3145 1727 3176 1.
1754 3146 1788 3176 2.
1815 3145 1869 3182 R,
1904 3143 2005 3176 solito

268 3189 404 3219 errore,
442 3191 542 3222 quem
574 3189 706 3226 recepit
729 3187 842 3221 Peter.
893 3188 1037 3221 Rectam
1063 3189 1142 3222 lect.
1170 3191 1282 3222 firmat
1307 3190 1466 3223 Rufinus.
1496 3206 1536 3214 —
1574 3191 1751 3223 vocabulis
1775 3193 2005 3224 nominantur

266 3226 437 3264 Rufinus,
480 3229 548 3261 Vit.
576 3232 672 3265 Eins.
700 3233 759 3264 Dr.
787 3235 885 3267 Mon.
914 3235 979 3267 Gu.
1009 3238 1041 3267 1.
1068 3237 1100 3269 2.
1129 3237 1182 3270 R:
1225 3238 1456 3270 nominantur
1479 3237 1659 3270 vocabulis
1684 3238 1723 3271 E.
1763 3253 1806 3262 —
1847 3237 1903 3271 34.
1931 3238 2006 3278 ipse

264 3275 324 3307 ille
347 3275 516 3309 Rufinus:
542 3276 596 3309 ille
620 3279 689 3318 ipse
715 3289 793 3313 cum
820 3281 889 3315 Cic.
918 3282 1012 3315 libris
1038 3283 1109 3315 RE.
