2117 3762
773 293 816 334 C.
850 291 917 333 lm.
951 294 1016 334 45.
1047 291 1113 334 46.
1738 290 1817 334 369

70 402 289 444 transtulit.
353 402 486 450 Quem
518 399 709 440 studebat
738 396 885 438 imitari
918 400 962 439 L.
989 396 1179 439 Afranius
1209 401 1356 450 poeta,
1388 397 1515 437 homo
1545 402 1816 450 perargutus,

70 464 113 505 in
143 462 292 504 sabulis
323 462 488 518 quidem
520 460 668 508 etiam,
701 465 746 500 ut
777 460 907 507 scitis,
941 462 1131 502 disertus.
1194 461 1284 500 168.
1320 458 1410 500 Fuit
1431 458 1553 500 etiam
1576 460 1624 508 Q.
1642 461 1820 499 Rubrius

70 527 225 573 varro,
275 525 344 581 qui
376 539 397 566 a
428 530 570 565 senatu
602 521 729 563 hostis
762 537 852 564 cum
892 526 933 564 C.
965 525 1095 565 Mario
1134 522 1337 564 iudicatus
1374 527 1455 570 cst,
1502 535 1596 563 acer
1627 527 1667 562 et
1696 523 1822 563 vehe-

70 602 186 630 mens
216 594 444 630 accusator.
506 588 550 626 In
582 599 632 625 eo
666 598 815 637 genere
852 599 948 626 sane
988 584 1241 641 probabilis,
1290 587 1434 627 doctus
1473 590 1612 626 autem
1654 586 1821 626 Graecis

70 651 236 698 litteris,
269 652 526 705 propinquus
557 652 718 695 nostor,
758 648 887 689 sactus
917 650 967 689 ad
999 648 1242 695 dicendum,
1288 650 1342 688 M.
1375 646 1604 696 Gratidius,
1651 649 1706 688 M.
1742 650 1849 688 An-5

71 715 174 757 ionii
202 712 506 770 perfamiliaris,
540 711 655 751 cuius
687 710 919 764 praefectus
951 723 1042 751 cum
1075 717 1181 752 esset
1214 711 1254 750 in
1277 710 1443 758 Cilicia,
1477 715 1539 752 est
1559 709 1817 760 intersectus;

70 777 141 832 qui
173 776 380 818 accusavit
409 776 452 815 C.
484 773 730 820 Fimbriam,
764 775 816 813 M.
845 774 962 814 Marii
995 772 1224 813 Gratidiani
1252 778 1387 827 pater.

181 839 325 880 XLVI.
361 837 454 877 169.
500 837 632 889 Atque
680 834 803 876 etiam
846 837 954 889 apud
1002 837 1139 877 socios
1179 840 1220 876 et
1260 834 1426 877 Latinos
1471 840 1656 878 oratores
1694 833 1824 876 habiti

70 907 167 944 sunt
197 902 248 950 Q.
276 899 440 942 Vettius
470 898 709 946 Vettianus,
758 912 778 938 e
810 899 976 946 Marsis,
1023 912 1146 953 quem
1177 899 1265 953 ipse
1303 899 1505 951 cognovi,
1551 897 1732 954 prudens
1761 899 1825 939 vir

71 970 113 1005 et
141 964 183 1004 in
213 962 389 1003 dicendo
420 961 582 1010 brevis;
625 961 676 1009 Q.
702 965 742 1001 et
771 964 820 1001 D.
852 960 1006 1003 Valerii
1038 962 1210 1010 Sorani,
1243 960 1368 1002 vicini
1399 966 1439 1002 et
1468 960 1691 1003 familiares
1721 962 1865 1010 mei‚10

70 1039 154 1066 non
185 1029 269 1064 tam
300 1024 342 1063 in
372 1022 547 1064 dicendo
579 1022 867 1072 admirabiles,
902 1038 1027 1078 quam
1054 1023 1166 1065 docti
1197 1028 1238 1064 et
1270 1024 1436 1064 Graecis
1466 1023 1612 1066 litteris
1643 1031 1684 1066 et
1713 1025 1825 1065 Lati-

69 1089 155 1137 nis;
198 1088 239 1129 C.
260 1085 511 1127 Rusticelius
541 1085 839 1135 Bononiensis;
880 1087 914 1127 is
946 1084 1114 1140 quidem
1147 1091 1189 1126 et
1220 1088 1472 1127 exercitatus
1504 1093 1545 1128 et
1575 1094 1720 1129 natura
1751 1101 1826 1129 vo-

68 1148 220 1191 lubilis.
284 1148 477 1190 Omnium
515 1154 653 1190 autem
692 1148 1055 1203 eloquentissimus
1095 1156 1214 1190 extra
1250 1150 1356 1189 hanc
1393 1151 1541 1191 urbem
1572 1153 1618 1192 T.
1643 1153 1826 1192 Betutius

68 1215 222 1254 Barrus
253 1212 500 1259 Asculanus,
541 1212 656 1252 cuius
686 1216 781 1252 sunt
812 1212 968 1265 aliquot
998 1212 1209 1253 orationes
1238 1211 1378 1253 Asculi
1408 1213 1598 1254 habitae:
1646 1213 1716 1255 illa
1746 1217 1827 1255 Ro-

70 1289 163 1317 mae
193 1280 336 1316 contra
363 1275 630 1330 Caepionem,
663 1273 814 1315 nobilis
835 1288 957 1324 sane,
989 1275 1055 1316 cui
1077 1274 1256 1316 orationi
1279 1275 1498 1328 Caepionis
1519 1289 1590 1317 ore
1613 1275 1875 1330 respondit1⁵

69 1337 235 1388 Aelius3
287 1338 356 1393 qui
402 1336 653 1390 scriptitavit
697 1338 909 1378 orationes
954 1336 1115 1385 multis,
1161 1343 1304 1379 orator
1346 1338 1434 1392 ipse
1475 1351 1685 1394 nunquam
1730 1337 1823 1379 fuit.

72 1403 166 1442 170.
200 1402 320 1454 Apud
350 1401 530 1440 maiores
561 1405 698 1440 autem
728 1405 894 1440 nostros
925 1401 1048 1442 video
1079 1400 1397 1441 disertissimum
1427 1401 1613 1443 habitum
1636 1415 1688 1442 ex
1708 1402 1825 1442 Latio

70 1466 116 1505 L.
140 1463 350 1518 Papirium
379 1463 694 1516 Fregellanum,
739 1463 800 1502 Ti.
827 1462 1023 1512 Gracchi,
1064 1463 1110 1503 P.
1133 1462 1179 1503 F.
1198 1493 1210 1512 ,
1253 1461 1342 1504 fere
1372 1468 1532 1504 aetate:
1585 1463 1674 1505 eius
1705 1465 1828 1505 etiam

70 1525 204 1568 oratio
235 1529 298 1566 est
327 1538 404 1578 pro
435 1524 688 1579 Fregellanis
725 1525 982 1579 coloniisque
1019 1525 1198 1575 Latinis,
1246 1526 1386 1567 habita
1425 1527 1467 1567 in
1505 1532 1662 1568 senatu.
1723 1528 1828 1567 Tum

33 1642 41 1647 ,
70 1591 248 1637 Brutus,
295 1586 404 1637 Quid
433 1593 479 1628 tu
507 1587 654 1641 igitur,
696 1586 851 1641 inquit,
893 1586 1039 1630 tribuis
1074 1588 1163 1630 istis
1202 1590 1383 1630 externis
1414 1588 1533 1643 quasi
1564 1587 1824 1631 oratoribus?
1842 1599 1876 1624 20

72 1653 182 1702 Quid
213 1664 381 1699 censes,
428 1649 619 1705 inquam,
667 1650 748 1690 nisi
779 1649 915 1700 idem,
956 1653 1068 1705 quod
1098 1650 1296 1693 urbanis?
1339 1656 1507 1707 praeter
1535 1665 1685 1699 unum,
1717 1651 1829 1707 quod

71 1727 155 1756 non
185 1720 249 1755 est
279 1727 425 1754 eorum
455 1712 689 1754 urbanitate
721 1715 898 1767 quadam
930 1713 1048 1768 quasi
1078 1716 1264 1756 colorata
1294 1715 1443 1756 oratio.
1507 1716 1599 1757 171.
1642 1717 1692 1756 Et
1727 1717 1830 1756 Bru-

72 1782 162 1825 tus,
209 1777 291 1826 Qui
321 1781 405 1825 est,
452 1777 607 1831 inquit,
649 1777 727 1816 iste
758 1775 922 1817 tandem
952 1775 1195 1818 urbanitatis
1226 1777 1374 1818 color?
1424 1776 1593 1826 Nescio,
1637 1778 1826 1833 inquam3

72 1845 230 1881 tantum
261 1853 351 1880 esse
381 1840 584 1894 quendam
616 1839 716 1879 scio.
778 1839 822 1878 Id
845 1844 906 1886 tu,
939 1841 1084 1887 Brute,
1116 1839 1195 1880 iam
1216 1838 1442 1893 intelliges,
1476 1853 1569 1881 cum
1590 1841 1633 1880 in
1656 1839 1827 1881 Galliam

70 1903 249 1944 veneris.
307 1901 461 1942 Audies
491 1906 535 1941 tu
567 1899 735 1955 quidem
766 1900 891 1941 etiam
923 1902 1052 1942 verba
1082 1904 1287 1957 quaedam
1317 1915 1401 1943 non
1430 1903 1526 1943 trita
1546 1904 1725 1951 Romae,
1757 1903 1828 1943 sed
1843 1909 1878 1935 2⁵

71 1964 171 2008 haec
203 1965 352 2006 mutari
383 1964 622 2018 dediscique
654 1969 850 2017 possunt;
898 1962 998 2005 illud
1033 1970 1096 2005 est
1135 1965 1290 2013 maius,
1332 1966 1443 2019 quod
1477 1964 1518 2005 in
1550 1964 1723 2006 vocibus
1757 1977 1832 2006 no-

72 2032 254 2068 strorum
294 2032 507 2068 oratorum
545 2027 715 2067 retinnit
754 2024 950 2081 quiddam
990 2031 1030 2067 et
1067 2032 1236 2068 resonat
1274 2028 1490 2068 urbanius.
1551 2028 1636 2069 Nec
1674 2027 1754 2068 hoc
1789 2027 1832 2069 in

73 2087 312 2130 oratoribus
349 2091 474 2131 modo
518 2093 715 2144 apparet,
765 2086 839 2128 sed
871 2089 995 2129 etiam
1026 2090 1068 2129 in
1099 2090 1261 2131 ceteris.
1322 2091 1413 2130 172.
1459 2091 1546 2143 Ego
1582 2089 1750 2130 memini
1781 2091 1828 2130 T.

73 2151 241 2193 Tincam
281 2151 584 2200 Placentinum,
629 2149 841 2192 hominem
876 2149 1195 2199 facetissimum,
1244 2165 1337 2193 cum
1377 2150 1570 2192 familiari
1607 2156 1748 2193 nostro
1780 2152 1830 2201 Q.

75 2216 229 2257 Granio
260 2227 468 2267 praecone
499 2212 711 2254 dicacitate
741 2217 916 2254 certare.
977 2216 1092 2263 Eon,
1134 2214 1268 2270 inquit
1295 2216 1465 2262 Brutus,
1508 2212 1559 2254 de
1589 2227 1674 2269 quo
1705 2213 1832 2255 multa
1847 2222 1881 2248 ³0

73 2276 285 2318 Lucilius?
333 2278 416 2316 Isto
463 2276 577 2329 ipso:
627 2276 699 2315 sed
745 2274 914 2316 Tincam
950 2290 1034 2317 non
1074 2278 1209 2317 minus
1249 2275 1375 2318 multa
1410 2275 1584 2317 ridicule
1626 2277 1832 2318 dicentem

77 2340 252 2381 Granius
283 2336 490 2380 obruebat
518 2338 660 2378 nescio
692 2350 773 2392 quo
805 2350 956 2391 sapore
986 2339 1237 2390 vernaculo;
1284 2344 1330 2380 ut
1368 2353 1444 2393 ego
1476 2340 1558 2380 iam
1588 2352 1672 2380 non
1700 2338 1832 2379 mirer

75 2400 176 2442 illud
205 2399 490 2455 Theophrasto
521 2399 740 2447 accidisse,
773 2401 886 2454 quod
916 2399 1090 2451 dicitur,
1124 2416 1217 2443 cum
1253 2407 1570 2458 percontaretur
1600 2415 1651 2443 ex
1672 2400 1831 2442 anicula

76 2464 276 2520 quadam,
323 2462 465 2518 quanti
494 2461 650 2516 aliquid
680 2463 902 2511 venderet,
954 2468 994 2504 et
1024 2463 1307 2517 respondisset
1336 2464 1407 2505 illa
1437 2470 1559 2519 atque
1590 2463 1832 2510 addidisset,

79 2527 286 2580 «Hospes,
331 2539 416 2567 non
444 2530 541 2580 pote
571 2524 763 2566 minoris:
781 2539 800 2562 »
852 2525 995 2566 tulisse
1028 2538 1124 2567 eum
1154 2527 1327 2569 moleste
1357 2540 1400 2568 se
1430 2541 1516 2568 non
1546 2525 1728 2580 effugere
1757 2528 1832 2566 ho·
1846 2532 1881 2559 3⁵

166 2671 201 2703 7.
236 2675 376 2712 patrem
411 2670 501 2702 libri.
554 2669 712 2703 Correxit
743 2669 935 2703 Manutius.
976 2687 1013 2694 -—
1057 2671 1114 2703 12.
1141 2670 1346 2702 Rusticelius
1381 2678 1548 2705 monente
1587 2671 1710 2704 Ursino
1751 2677 1830 2702 cum

78 2725 220 2750 nummo
245 2717 389 2759 (Eckhel
412 2718 455 2749 D.
482 2716 526 2750 N.
553 2717 595 2749 V.
624 2726 657 2757 p.
677 2716 776 2758 298.)
805 2726 886 2750 nos:
918 2717 1128 2750 Rusticellus
1165 2726 1243 2750 curn
1270 2717 1367 2750 libris
1393 2718 1468 2750 RE.
1507 2734 1545 2743 —-
1589 2718 1644 2750 13.
1676 2718 1832 2750 Betutius

78 2764 142 2805 Lg-
168 2765 227 2796 20.
253 2765 312 2797 53.
338 2764 397 2796 58.
424 2764 482 2796 68.
510 2768 544 2796 ei.
570 2773 660 2796 corr.
686 2765 767 2796 70.:
807 2766 987 2797 Battutius
1019 2765 1182 2797 Betucius
1215 2773 1293 2796 cum
1327 2767 1450 2798 ceteris
1475 2765 1516 2796 E.
1567 2765 1615 2797 Ex
1642 2765 1833 2805 quadrante

77 2808 133 2842 Ti.
154 2811 286 2844 Veturii
306 2811 401 2843 Barri
416 2835 425 2850 ‚
453 2813 624 2844 triumviri
644 2811 825 2843 monetalis
844 2813 1010 2850 temporis
1030 2812 1178 2849 Sullani,
1207 2811 1241 2842 h.
1263 2807 1284 2843 1'.
1314 2811 1366 2844 Ti.
1392 2813 1550 2845 Veturius
1567 2812 1702 2843 Barrus
1721 2811 1835 2851 legen-

79 2858 163 2889 dum
188 2858 336 2890 suadent
360 2857 634 2899 Havercampius
661 2859 695 2889 in
719 2858 888 2890 Thesaur.
910 2858 1034 2891 Moret-
1063 2860 1089 2889 1.
1112 2867 1146 2898 p.
1167 2857 1235 2890 440
1261 2858 1311 2897 R,
1339 2863 1373 2891 et
1392 2858 1576 2897 Capranesi
1597 2860 1630 2889 in
1648 2859 1739 2889 Ann.
1759 2855 1833 2888 dell'

77 2905 245 2937 Instituta
272 2903 333 2935 Xl.
361 2913 397 2944 p.
420 2904 501 2936 283.
550 2907 596 2936 At
622 2909 714 2936 certe
741 2913 867 2937 nomen
887 2906 1013 2945 gentile
1032 2905 1228 2937 Romanum
1247 2905 1515 2944 εειΒετιἭιέ,
1544 2908 1580 2935 ut
1597 2904 1652 2936 hic
1675 2904 1834 2936 dedimus

79 2955 209 2984 etcum
229 2950 338 2983 Codd.
359 2955 394 2982 et
410 2959 488 2983 cum
507 2960 612 2991 opere
637 2951 752 2993 figlino
778 2951 946 2984 velleiate
973 2953 1008 2983 in
1033 2952 1125 2983 Ann.
1150 2952 1225 2984 dell·
1251 2951 1335 2983 Inst.
1357 2951 1436 2982 ΧΠ.
1465 2960 1498 2990 p.
1518 2950 1607 2986 2412
1634 2954 1737 2991 atque
1756 2955 1835 2982 octo

79 3002 160 3031 nunt
183 2998 314 3030 Betutii
338 2997 430 3036 apud
457 2997 710 3037 Muratorium,
738 2999 894 3038 quinque
919 3007 1000 3031 vero
1026 2998 1162 3029 Betuctt
1190 2998 1281 3037 apud
1309 2997 1509 3030 Gruterum.
1559 2997 1698 3028 Barrus
1717 3000 1835 3029 autem

81 3045 232 3086 plurium
250 3046 403 3084 gentium
423 3050 558 3083 poterat
576 3053 651 3077 esse
671 3053 875 3085 cognomen.
894 3062 931 3068 —
961 3045 1017 3076 16.
1036 3046 1154 3076 multis
1170 3045 1245 3076 libri
1266 3045 1458 3084 plerisque,
1477 3044 1527 3074 R:
1553 3044 1682 3074 multas
1699 3043 1759 3084 Lg.
1774 3043 1832 3074 20.

80 3093 158 3124 Vnt.
187 3091 275 3124 Ven.
295 3091 328 3122 2.
358 3090 477 3122 Lamb.
499 3091 538 3122 E.
568 3107 605 3113 -
634 3091 690 3123 18.
717 3091 835 3131 etiam]
863 3095 979 3123 autem
1006 3098 1083 3122 cum
1111 3091 1201 3123 Edd.
1222 3096 1304 3124 vett.
1325 3090 1448 3122 Lamb.
1467 3090 1506 3120 Ε.
1540 3089 1687 3122 «Malim
1712 3091 1834 3122 abesse

81 3141 223 3172 etiam.»
253 3137 442 3169 Errmsnr.
493 3137 577 3169 Est:
607 3140 720 3170 «inter
736 3139 856 3170 alias.»
885 3154 924 3161 —
953 3138 1007 3169 19.
1035 3137 1228 3177 colonisque
1254 3138 1328 3168 libri
1355 3144 1474 3168 omnes
1499 3139 1533 3167 et
1557 3136 1606 3174 R,
1633 3137 1727 3177 quod
1754 3145 1836 3175 upa-

81 3185 209 3219 rilitate
236 3185 378 3225 quidem
405 3184 709 3223 commendatur»,
749 3189 788 3217 ut
811 3187 858 3217 ait
885 3184 1040 3222 Ellendt,
1075 3184 1134 3216 sed
1162 3186 1303 3215 omnino
1330 3183 1468 3215 tolerari
1495 3184 1631 3222 nequit.
1681 3183 1724 3215 Ut
1748 3191 1832 3222 nos,

82 3233 126 3265 de
153 3231 295 3265 Corradi
324 3232 412 3262 coni.
442 3233 571 3270 primus
596 3231 719 3263 Lamb.
744 3247 787 3253 —-
813 3231 870 3263 27.
897 3231 1039 3263 retinnit
1065 3229 1126 3270 Lg.
1146 3230 1202 3262 35.
1222 3231 1279 3262 53.
1299 3230 1378 3267 68.,
1405 3234 1444 3261 ut
1469 3231 1618 3262 coniecit
1644 3228 1835 3262 Schneide-

82 3288 161 3312 rus:
201 3278 343 3312 retinuit
366 3277 441 3308 libri
468 3278 573 3309 ceteri
600 3282 634 3311 et
658 3278 708 3317 R,
736 3279 829 3317 quod
857 3280 1037 3310 restituere
1062 3285 1165 3308 ausus
1191 3281 1244 3308 est
1267 3277 1390 3313 Peter,
1417 3277 1543 3309 recinit
1569 3283 1646 3308 cum
1674 3277 1762 3309 Aldo
1790 3276 1830 3306 E.

82 3343 124 3350 —
149 3325 305 3358 urbanus
331 3324 397 3356 Gu.
427 3325 459 3355 1.
487 3323 600 3356 Peter.
639 3340 679 3347 —
717 3323 773 3356 30.
801 3326 896 3356 Eone
921 3326 962 3356 n.
1002 3340 1038 3346 —
1076 3323 1188 3353 multa
1224 3332 1300 3356 cum
1328 3322 1396 3356 Gu.
1420 3322 1454 3355 2.
1483 3323 1606 3357 Dresd.
1631 3323 1683 3364 R;
1719 3323 1832 3355 omisit

81 3373 215 3415 Meyer.
240 3388 285 3394 —
320 3371 376 3403 33.
401 3374 669 3411 percontaretur
694 3371 791 3403 libri:
815 3373 1101 3411 percunctaretur
1125 3369 1168 3402 E.

161 3444 253 3471 cicero
271 3442 301 3469 Τ.
320 3442 342 3471 1.
1334 3440 1389 3481 24
