2117 3762
279 259 360 302 384-
1051 263 1250 306 BRUTUS

279 368 336 410 sic
365 367 459 417 ille,
508 380 600 408 cum
639 365 751 406 omni
784 362 864 404 iam
894 361 1059 406 fortuna
1089 379 1288 424 prospere
1319 371 1484 411 functus
1513 367 1677 412 labores
1707 371 1830 413 etiam
1859 385 2032 428 magnos

278 431 532 485 excepisset,
569 428 677 469 illius
707 425 909 466 iudicialis
939 428 1033 467 anni
1064 432 1327 473 severitatem
1358 432 1475 488 quasi
1505 432 1634 474 solem
1666 447 1750 474 non
1780 433 1888 476 tulit.

389 496 485 535 244.
534 494 635 531 Tum
666 488 843 536 Atticus,
875 491 936 530 Tu
967 488 1137 543 quidem
1168 493 1218 533 de
1250 493 1386 544 faece,
1418 495 1574 550 inquit,
1608 494 1747 536 hauris
1777 494 1903 550 idque
1931 497 2033 538 iam-

277 558 457 605 dudum;
497 555 567 594 sed
598 549 804 593 tacebam:
851 552 931 592 hoc
961 565 1062 593 vero
1092 567 1176 594 non
1206 556 1422 609 putabam,
1455 563 1494 598 te
1524 571 1656 612 usque
1687 559 1738 598 ad
1770 559 1959 599 Staienos
1990 564 2031 601 et

162 638 176 656 ο
247 619 500 661 sAutronios
532 628 621 656 esse
651 618 884 655 venturum.
943 616 1035 655 Non
1065 621 1189 670 puto,
1234 617 1421 672 inquam,
1467 619 1707 660 existimare
1737 625 1777 661 te
1808 618 2033 662 ambitione

276 696 341 723 me
371 679 474 727 labi,
509 678 663 732 quippe
695 678 745 717 de
776 676 975 726 mortuis3
1015 677 1088 719 sed
1119 677 1307 720 ordinem
1339 695 1517 737 sequens
1547 682 1590 723 in
1621 682 1863 723 memoriam
1893 687 2032 725 notam

274 750 315 786 et
354 742 568 797 aequalem
612 739 850 781 necessario
889 741 1070 781 incurro.
1131 740 1236 783 Volo
1282 748 1419 784 autem
1462 743 1541 786 hoc
1587 744 1786 800 perspici,
1837 744 2031 786 omnibus

273 805 536 861 conquisitis,
570 804 640 858 qui
669 802 711 844 in
740 802 1005 843 multitudine
1036 801 1175 844 dicere
1207 803 1296 845 ausi
1326 804 1427 853 sint,
1459 808 1661 848 memoria
1692 806 1859 862 quidem
1886 808 2033 861 dignos

271 880 524 923 perpaucos,
565 879 712 907 verum
744 865 815 920 qui
846 864 1015 906 omnino
1047 880 1202 906 nomen
1232 867 1475 916 habuerint,
1507 882 1591 910 non
1620 871 1676 912 ita
1707 871 1858 911 multos
1887 867 2030 910 fuisse.

225 944 257 969 ιο
273 930 354 972 Sed
384 928 435 970 ad
467 941 701 970 sermonem
730 927 961 968 institutum
992 935 1263 971 revertamur.
1323 931 1448 970 LXX.
1480 933 1574 973 245.
1619 934 1665 976 T.
1688 935 1942 988 Torquatus,
1987 933 2032 972 T.

270 996 300 1035 F
306 1025 339 1041 .,
373 999 413 1034 et
442 993 586 1032 doctus
617 991 680 1031 vir
710 1004 763 1031 ex
793 991 955 1031 Rhodia
984 989 1200 1046 disciplina
1230 990 1407 1033 Molonis
1437 997 1479 1033 et
1508 1006 1531 1033 a
1551 998 1695 1036 natura
1727 997 1778 1036 ad
1809 993 2033 1035 dicendum

270 1057 367 1097 satis
389 1054 546 1097 solutus
567 1057 692 1107 atque
714 1052 933 1108 expeditus
952 1076 1006 1083 —
1028 1055 1094 1094 cui
1115 1054 1149 1094 si
1170 1054 1256 1094 vita
1277 1053 1646 1108 suppeditavisset,
1673 1057 1834 1098 sublato
1857 1057 2029 1104 ambitu,

270 1119 414 1160 consul
434 1116 565 1158 factus
586 1120 696 1157 esset
714 1139 790 1164 —,
825 1115 916 1171 plus
938 1114 1141 1158 facultatis
1161 1114 1307 1156 habuit
1327 1119 1378 1157 ad
1401 1117 1619 1158 dicendum
1642 1133 1764 1173 quam
1785 1118 2029 1161 voluntatis.

269 1184 412 1237 Itaque
444 1179 578 1221 studio
609 1178 705 1220 huic
734 1192 818 1219 non
849 1178 1069 1220 satisfecit:
1106 1177 1244 1220 officio
1274 1193 1376 1221 vero
1406 1194 1482 1220 nec
1511 1181 1553 1221 in
1585 1194 1753 1223 suorum
1773 1182 2034 1223 necessario-

218 1255 254 1281 1⁵
269 1260 360 1286 rum
392 1242 526 1284 causis
555 1256 632 1283 nec
661 1242 704 1282 in
735 1243 939 1282 sententia
970 1242 1179 1283 senatoria
1209 1240 1354 1284 defuit.
1412 1245 1510 1284 246.
1545 1245 1680 1284 Etiam
1709 1246 1765 1286 M.
1789 1243 2029 1293 Pontidius,

268 1309 484 1361 municeps
514 1309 677 1351 noster,
725 1305 876 1345 multas
906 1303 1087 1359 privatas
1118 1318 1261 1346 causas
1299 1305 1505 1354 actitavit,
1552 1306 1745 1347 celeriter
1776 1320 1875 1348 sane
1904 1308 2033 1355 verba

268 1372 440 1413 volvens
471 1382 549 1410 nec
578 1366 706 1408 hebes
737 1366 781 1407 in
811 1367 965 1414 causis,
996 1367 1063 1409 vel
1093 1368 1228 1408 dicam
1258 1366 1350 1422 plus
1375 1369 1498 1409 etiam
1521 1382 1644 1423 quam
1665 1382 1750 1411 non
1769 1370 1926 1418 hebes,
1958 1367 2032 1410 sed

269 1432 546 1475 effervescens
583 1431 627 1471 in
666 1428 842 1471 dicendo
882 1431 1097 1471 stomacho
1139 1443 1264 1486 saepe
1295 1430 1593 1487 iracundiaque
1624 1433 1935 1482 vehementius3
1987 1436 2033 1471 ut

266 1509 351 1537 non
381 1508 475 1536 cum
504 1491 740 1535 adversario
773 1491 930 1541 solum,
964 1491 1037 1533 sed
1059 1493 1209 1541 etiam,
1241 1495 1353 1549 quod
1384 1493 1575 1535 mirabile
1606 1500 1737 1544 esset,
1771 1509 1864 1536 cum
1893 1495 2031 1536 iudice

217 1558 382 1612 20ipso,
426 1558 541 1598 cuius
573 1554 776 1597 delenitor
807 1568 896 1596 esse
928 1553 1053 1596 debet
1082 1560 1248 1604 orator,
1296 1557 1433 1611 iurgio
1465 1570 1590 1611 saepe
1623 1559 1911 1599 contenderet.
1971 1557 2028 1598 M.

266 1619 455 1664 Messalla
485 1618 622 1660 minor
651 1623 751 1659 natu
782 1631 904 1673 quam
935 1632 1029 1666 nos,
1061 1617 1174 1659 nullo
1205 1620 1332 1661 modo
1361 1619 1506 1675 inops,
1540 1622 1614 1661 sed
1640 1634 1726 1661 non
1756 1619 1877 1661 nimis
1908 1632 2033 1660 orna-

265 1690 331 1726 tus
360 1696 511 1739 genere
541 1683 791 1731 verborum3
842 1682 1046 1736 prudens,
1090 1686 1259 1730 acutus,
1303 1683 1474 1723 minime
1505 1683 1695 1725 incautus
1724 1689 1947 1739 patronus,
1987 1683 2031 1723 in

266 1747 399 1788 causis
446 1745 745 1799 cognoscendis
790 1744 1174 1800 componendisque
1219 1745 1417 1800 diligens,
1462 1746 1600 1799 magni
1644 1745 1824 1795 laboris,
1875 1744 2030 1787 multae

266 1822 420 1862 operae
450 1809 758 1861 multarumque
789 1820 1022 1847 causarum.
1084 1807 1179 1848 247.
1228 1810 1322 1849 Duo
1354 1809 1479 1848 etiam
1508 1807 1685 1857 Metelli,
1731 1809 1850 1849 Celer
1880 1812 1921 1849 et
1950 1809 2031 1848 Ne-

216 1887 251 1913 2⁵
266 1885 365 1928 pos,
398 1869 587 1913 nonnihil
617 1871 659 1910 in
691 1869 825 1911 causis
855 1872 1029 1916 versati,
1066 1883 1144 1910 nec
1173 1870 1260 1911 sine
1290 1869 1458 1924 ingenio
1485 1885 1561 1912 nec
1584 1870 1765 1920 indocti,
1797 1872 1879 1911 hoc
1909 1874 2032 1911 erant

266 1933 467 1990 populare
508 1932 670 1974 dicendi
714 1946 842 1986 genus
881 1933 1073 1973 assecuti.
1137 1933 1210 1974 Cn.
1245 1938 1384 1974 autem
1426 1935 1624 1974 Lentulus
1654 1932 1918 1976 Marcellinus
1951 1945 2029 1974 nec

263 2011 446 2052 unquam
486 1995 711 2038 indisertus
755 2001 797 2036 et
836 1994 879 2036 in
921 1996 1137 2036 consulatu
1176 1997 1454 2051 pereloquens
1494 1997 1607 2038 visus
1638 2002 1721 2045 est,
1773 2009 1857 2037 non
1888 1997 2029 2037 tardus

264 2060 500 2108 sententiis,
533 2073 619 2099 non
647 2057 769 2112 inops
800 2057 967 2106 verbis,
997 2071 1101 2099 voce
1133 2071 1312 2107 canora,
1351 2057 1508 2099 facetus
1540 2060 1654 2100 satis.
1718 2059 1761 2099 C.
1783 2058 2026 2106 Memmius,

264 2123 310 2166 L.
333 2124 403 2171 R,
434 2120 644 2177 perfectus
673 2120 845 2169 litteris,
879 2122 952 2161 sed
985 2119 1177 2171 Graecis;
1208 2119 1446 2162 fastidiosus
1478 2135 1576 2162 sane
1608 2122 1869 2171 Latinarum3
1908 2134 2030 2174 argu-

214 2189 328 2227 sotus
359 2190 503 2226 orator
532 2185 752 2240 verbisque
783 2184 937 2232 dulcis,
969 2186 1041 2224 sed
1073 2182 1237 2237 fugiens
1257 2197 1341 2226 non
1362 2187 1486 2226 modo
1511 2184 1700 2234 dicendi,
1732 2198 1877 2226 verum
1905 2184 2029 2224 etiam

264 2246 473 2301 cogitandi
501 2247 713 2296 laborem,
745 2252 903 2288 tantum
933 2247 1012 2288 sibi
1043 2248 1094 2288 de
1124 2246 1318 2289 facultate
1349 2248 1554 2297 detraxit,
1591 2252 1791 2303 quantum
1821 2246 2029 2288 imminuit

261 2309 504 2352 industriae.

374 2374 523 2415 LXXI.
557 2373 653 2414 248.
700 2373 792 2413 Hoc
821 2371 914 2413 loco
945 2373 1119 2421 Brutus,
1153 2374 1287 2422 Quam
1319 2374 1498 2422 vellem,
1531 2373 1692 2428 inquit,
1725 2374 1777 2415 de
1806 2373 1872 2415 his
1903 2373 2026 2415 etiam

264 2435 525 2485 oratoribus,
560 2437 630 2492 qui
660 2434 784 2477 hodie
815 2440 931 2483 sunt,
973 2436 1048 2477 tibi
1079 2435 1219 2477 dicere
1249 2433 1434 2477 lubereti
1486 2441 1546 2486 et,
1593 2435 1628 2477 si
1660 2438 1712 2478 de
1741 2437 1833 2477 aliis
1863 2437 2023 2485 minus,

215 2514 249 2541 ss
265 2502 316 2541 de
347 2497 509 2540 duobus
538 2503 698 2547 tamen,
748 2511 852 2554 quos
883 2512 907 2539 a
940 2503 978 2539 te
1009 2497 1096 2540 scio
1126 2498 1284 2540 laudari
1324 2498 1476 2547 solere,
1526 2501 1700 2541 Caesare
1732 2504 1774 2540 et
1803 2498 2023 2547 Marcello,

264 2563 451 2605 audirem
494 2575 579 2602 non
619 2562 755 2602 minus
793 2560 1007 2609 lubenter,
1058 2575 1181 2616 quam
1223 2561 1363 2603 audivi
1398 2561 1448 2603 de
1478 2563 1552 2611 iis,
1600 2562 1671 2617 qui
1700 2560 1881 2603 fuerunt.
1945 2561 2027 2602 Cur

262 2625 457 2668 tandem?
505 2624 698 2678 inquam3
751 2637 801 2664 an
842 2629 1085 2678 exspectas,
1135 2623 1235 2680 quid
1273 2638 1351 2678 ego
1388 2624 1570 2667 iudicem
1602 2627 1652 2666 de
1682 2625 1792 2673 istis,
1839 2625 1910 2680 qui
1949 2622 2026 2665 tibi

265 2694 362 2731 sunt
392 2701 524 2743 aeque
554 2688 642 2728 noti
672 2700 718 2728 ac
754 2686 882 2728 mihi?
929 2686 1030 2729 Mihi
1068 2687 1333 2737 mehercule,
1382 2689 1538 2743 inquit,
1583 2686 1801 2729 Marcellus
1831 2686 1930 2728 satis
1962 2690 2026 2728 est

262 2758 409 2803 notus3
445 2752 597 2792 Caesar
625 2756 762 2791 autem
795 2763 957 2803 parum.
1017 2749 1136 2792 Illum
1166 2750 1278 2791 enim
1309 2764 1433 2806 saepe
1464 2749 1624 2791 audivi:
1675 2750 1771 2791 249.
1806 2749 1897 2799 hic,
1929 2764 2023 2792 cum

211 2827 248 2853 40
263 2829 340 2872 ego
379 2814 565 2857 iudicare
605 2813 688 2854 iam
718 2811 873 2867 aliquid
903 2825 1094 2865 possem,
1143 2812 1289 2854 abfuit.
1353 2812 1463 2863 Quid
1493 2812 1621 2867 igitur
1652 2812 1702 2854 de
1733 2812 1805 2854 illo
1836 2812 2019 2862 iudicas,

262 2891 386 2933 quem
415 2891 538 2933 saepe
568 2875 788 2918 audivisti?
840 2873 950 2924 Quid
981 2889 1149 2929 censes,
1186 2875 1349 2931 inquit,
1382 2875 1462 2917 nisi
1491 2874 1557 2924 id,
1591 2874 1703 2931 quod
1732 2876 1947 2918 habiturus
1977 2888 2022 2917 es

352 3025 386 3057 4.
414 3024 573 3056 scalenos
599 3023 640 3055 E.
670 3040 707 3046 —
736 3021 770 3054 8.
798 3026 879 3053 sunt
905 3021 966 3063 Lg.
993 3022 1050 3054 20.
1078 3022 1134 3055 39.
1162 3023 1220 3054 51.
1248 3021 1315 3055 Gu.
1342 3021 1376 3053 2.
1404 3021 1530 3054 Dresd.
1559 3021 1601 3054 R.
1628 3039 1673 3044 -
1697 3022 1731 3055 9.
1758 3020 1826 3062 ita]
1854 3025 1926 3054 tam
1952 3020 2018 3054 Gu.

263 3071 295 3102 1.
323 3072 356 3102 2.
384 3071 509 3103 Dresd.
536 3071 579 3102 R.
607 3086 650 3092 —-
678 3069 733 3101 19.
760 3068 920 3100 mirabile
945 3074 1032 3101 esset
1057 3069 1135 3101 Par.
1163 3070 1209 3107 B,
1236 3068 1281 3105 C,
1310 3069 1371 3108 Lg.
1399 3077 1540 3106 omnes,
1568 3070 1660 3101 Ven.
1681 3070 1712 3101 1.
1735 3069 1769 3100 2.
1797 3068 1917 3101 Ottob.
1938 3068 2015 3101 Vat.

263 3117 329 3149 Gu.
359 3119 391 3150 1.
419 3120 466 3151 R:
505 3117 664 3149 mirabile
697 3125 766 3148 om.
799 3119 882 3147 esset
913 3114 1004 3156 (cum
1030 3116 1107 3148 Par.
1135 3114 1225 3153 AD.)
1252 3116 1290 3146 E.
1325 3131 1370 3136 -
1407 3116 1463 3147 20.
1492 3116 1659 3148 delenitor
1683 3116 1760 3148 libri
1786 3116 1936 3155 aliquot,
1963 3115 2014 3146 R:

261 3164 425 3195 delinitor
452 3173 531 3196 cum
556 3164 630 3196 aliis
658 3163 697 3195 E.
727 3181 763 3186 —
795 3163 852 3193 21.
879 3162 1030 3194 Messala
1052 3163 1161 3195 Codd.
1182 3163 1264 3201 aliq.
1287 3161 1502 3202 Scripturam
1522 3171 1584 3202 per
1601 3163 1727 3202 duplex
1753 3162 1765 3194 l
1789 3162 1875 3199 (RE)
1894 3161 2017 3200 probat

260 3210 416 3243 Marinus
439 3211 478 3242 F.
497 3211 539 3242 Α.
568 3219 602 3250 p.
622 3210 679 3241 28.
707 3227 744 3234 -
788 3209 845 3240 25.
873 3210 1031 3240 nonnihil
1055 3210 1117 3250 Lg.
1144 3210 1201 3241 51.
1231 3209 1302 3241 Ott.
1330 3209 1380 3240 R:
1418 3209 1505 3240 nihil
1530 3218 1608 3242 cum
1635 3211 1756 3242 ceteris
1783 3208 1876 3240 libris
1903 3207 1944 3239 E.
1974 3225 2012 3232 —

260 3257 317 3289 26.
344 3257 405 3288 Cn·
431 3261 546 3288 autem
571 3257 734 3289 Lentulus
765 3257 941 3289 Manutius
969 3265 1008 3288 ex
1041 3257 1244 3296 antiquis
1280 3255 1387 3287 Fastis
1415 3255 1498 3295 Cap.
1526 3265 1558 3288 a.
1586 3267 1621 3289 u.
1651 3265 1681 3288 c.
1708 3255 1796 3288 697:
1837 3254 1873 3286 C.
1900 3257 2017 3286 autem

259 3303 425 3336 Lentulus
452 3303 477 3333 E
505 3312 583 3335 cum
611 3304 704 3335 tibris
730 3304 832 3336 etrR.
860 3317 902 3325 --
934 3302 992 3336 33.
1019 3303 1063 3336 iis
1088 3303 1129 3336 R·
1168 3319 1214 3326 —
1253 3302 1312 3335 41.
1341 3302 1509 3336 audivisti
1532 3303 1593 3345 Lg.
1621 3306 1759 3343 praeter
1783 3301 1840 3334 35.
1870 3300 1958 3334 ven.
1979 3303 2013 3334 1.

261 3350 404 3391 Ottob.,
431 3350 482 3381 R:
510 3351 639 3382 audisti
664 3359 740 3383 cum
767 3351 843 3383 aliis
870 3350 910 3382 E.
