2117 3762
690 243 787 283 LlB.
822 241 888 282 lv.
952 241 994 281 C.
1029 241 1095 284 31.
1128 242 1194 282 35.
1229 243 1295 283 36.
1817 248 1868 286 73

123 356 163 392 et
185 349 442 390 luxuriosum
467 347 639 390 illudens
661 360 825 402 parcum
849 353 886 388 et
909 346 1144 397 diligentem
1167 349 1358 404 appellet.
1408 351 1457 391 Et
1479 350 1517 390 in
1540 352 1617 390 hoc
1643 356 1867 404 postremo,

123 411 232 467 quod
264 425 315 452 ex
347 413 556 452 contrario
588 410 788 456 sumitur,
832 416 871 450 et
903 411 941 450 in
973 411 1040 450 illo
1074 410 1234 465 primo,
1267 411 1377 467 quod
1409 427 1431 452 a
1462 411 1728 452 similitudine
1760 416 1872 454 duci-

122 481 210 519 tur.
243 487 318 529 per
348 476 652 515 translationem
686 478 928 525 argumento
953 474 1176 527 poterimus
1199 475 1269 515 uti.
1329 477 1407 515 Per
1427 475 1750 520 similitudinem.
1782 476 1864 516 sic:

123 538 232 587 Quid
264 539 319 577 ait
352 539 415 577 liic
449 551 521 577 rex
552 542 672 591 atque
705 540 958 588 Agamemno
1006 543 1145 577 noster
1187 538 1272 576 sive
1293 569 1301 584 ,
1344 544 1388 577 ut
1419 538 1638 578 crudelitas
1670 543 1754 584 est.
1797 551 1871 590 po-

120 600 198 640 tius
230 603 404 640 Atreus?
445 601 502 639 Ex
535 599 774 645 contrario,
809 604 851 638 ut
881 599 912 637 si
946 612 1067 653 quem
1101 600 1292 650 impium,
1333 601 1400 655 qui
1436 606 1590 653 patrem
1623 601 1900 647 verl›‹=rarit,s

120 664 299 702 Aeneam
340 674 556 705 vocemus.
604 661 946 715 intemperantem
979 666 1020 700 et
1059 662 1322 708 adulterum,
1373 663 1642 718 Hippolytum
1684 662 1872 702 nomine-

120 738 224 764 mus.
288 725 397 763 llaec
437 729 530 762 sunt
568 720 677 768 sere,
725 736 829 777 quae
869 725 1040 763 (licenda
1082 724 1328 763 videbantur
1359 726 1409 764 (le
1440 727 1661 765 verborum
1696 738 1873 764 exorna-

120 788 314 828 tionibus.
376 788 490 825 Nunc
521 798 588 825 res
620 786 706 839 ipsa
739 792 898 831 monet,
931 792 974 826 ut
1004 785 1197 840 deinceps
1229 788 1278 826 ad
1311 789 1603 828 sententiarum
1636 786 1872 827 exornatio-

118 864 191 890 nes
221 856 489 889 transeamus.

228 912 398 951 XXXV.
445 912 514 950 47.
563 910 806 950 Distributio
849 916 932 957 est,
977 924 1068 951 cum
1100 924 1175 965 per
1205 912 1345 965 plures
1376 926 1442 953 res
1473 920 1540 953 aut
1571 926 1767 967 personas
1798 923 1920 954 ne-10

119 976 227 1029 gotia
261 975 463 1029 quaedam
506 980 614 1014 certa
657 973 974 1026 dispertiuntur,
1020 974 1100 1013 hoc
1134 976 1280 1014 modo:
1334 977 1412 1024 Qui
1445 979 1650 1024 vestrum,
1696 976 1867 1024 iudices,

116 1051 268 1078 nomen
307 1042 471 1076 senatus
511 1036 668 1089 diligit,
718 1037 827 1075 huuc
869 1037 1003 1075 oderit
1042 1049 1210 1076 necesse
1253 1043 1340 1085 est.
1391 1038 1713 1091 petulantissime
1761 1040 1869 1079 enim

115 1113 278 1153 semper
308 1100 385 1139 iste
417 1100 669 1152 oppugnavit
699 1104 897 1138 senatum.
959 1098 1039 1147 Qui
1071 1104 1305 1154 equestrem
1337 1099 1471 1139 locum
1494 1101 1869 1154 splendidissimum

116 1163 229 1215 cupit
264 1175 353 1202 esse
395 1162 434 1201 in
474 1161 659 1205 civitate,
702 1162 734 1201 is
777 1165 943 1213 oportet
983 1161 1105 1201 istum
1140 1162 1338 1202 maximas
1380 1175 1533 1217 poenas
1565 1164 1726 1204 dedisse
1758 1164 1868 1209 velit,

115 1239 166 1265 ne
198 1226 274 1264 ista
305 1237 376 1264 sua
411 1225 663 1277 turpitudine
697 1223 831 1262 ordini
865 1223 1158 1265 honestissimo
1190 1225 1372 1265 maculae
1406 1231 1526 1279 atque
1567 1228 1761 1267 dedecori
1803 1227 1867 1269 sit.
1888 1235 1918 1259 ¹⁵

117 1286 197 1336 Qui
230 1292 419 1340 parentes
450 1288 636 1331 habetis,
684 1285 888 1325 ostendite
932 1287 1048 1327 istius
1090 1287 1291 1342 supplicio
1332 1287 1451 1328 vobis
1491 1290 1680 1329 homines
1722 1289 1870 1343 impios

114 1363 196 1390 non
227 1348 405 1404 placere.
467 1350 626 1398 Quibus
658 1348 778 1389 liberi
819 1354 935 1395 sunt,
978 1350 1140 1390 statuite
1181 1351 1445 1404 exemplum,
1489 1357 1663 1404 quantae
1707 1365 1865 1405 poenae

115 1413 194 1454 sint
233 1414 273 1453 iu
313 1412 476 1452 civitate
513 1412 748 1452 hominibus
791 1410 1024 1452 istiusmodi
1066 1419 1342 1467 comparatae.
1414 1414 1545 1453 ltem:
1595 1415 1768 1455 Senatus
1811 1427 1872 1461 est

115 1475 296 1518 officium
343 1476 516 1516 consilio
564 1475 769 1516 civitatem
811 1478 980 1524 iuvare;
1032 1476 1292 1529 magistratus
1337 1481 1398 1515 est
1438 1474 1621 1516 osticium
1661 1489 1786 1531 opera
1830 1483 1872 1517 et

114 1539 325 1592 diligentia
356 1537 551 1591 consequi
584 1544 747 1577 senatus
777 1539 1058 1586 voluntatem;
1100 1540 1243 1592 populi
1284 1544 1344 1578 est
1383 1537 1565 1578 officium
1598 1552 1663 1579 res
1695 1539 1870 1592 optimas
1886 1545 1920 1572 ²0

114 1609 155 1643 et
184 1601 375 1642 homines
406 1602 579 1641 idoneos
611 1602 792 1641 maxime
823 1604 907 1642 suis
939 1602 1152 1642 sententiis
1184 1601 1367 1655 deligere
1407 1608 1447 1641 et
1485 1603 1680 1654 probare.
1742 1604 1870 1642 Accu-

114 1667 261 1705 satoris
293 1662 475 1703 osticium
509 1669 570 1703 est
608 1662 762 1704 inferre
804 1664 1000 1712 crimina3
1051 1663 1281 1705 defensoris
1323 1663 1481 1704 diluere
1522 1669 1563 1704 et
1603 1663 1868 1718 propulsare;

115 1729 228 1768 testis
259 1726 423 1774 dicere,
472 1739 576 1781 quae
615 1727 715 1766 sciat
755 1733 823 1766 aut
863 1728 1064 1775 audierit3
1114 1726 1359 1781 quaesitoris
1400 1732 1461 1767 est
1499 1741 1625 1767 unum
1659 1740 1866 1781 quemque

113 1791 264 1831 horum
296 1788 337 1828 in
370 1787 505 1828 ol'licio
539 1803 612 1829 suo
645 1791 875 1829 continere.
939 1790 1100 1838 Quare,
1146 1791 1190 1829 L.
1224 1790 1360 1837 Cassi,
1405 1791 1437 1830 si
1469 1795 1642 1837 testem,
1686 1796 1868 1844 praeter-

113 1865 235 1906 quam
276 1851 387 1905 quod
427 1851 527 1890 sciat
564 1856 634 1891 aut
673 1853 867 1896 audierit.
915 1853 1193 1903 argumentari
1234 1857 1274 1891 et
1304 1854 1541 1893 coniectura
1574 1853 1767 1907 prosequi
1799 1863 1918 1906 ρει-25

113 1913 250 1960 fieris,
299 1912 362 1953 ius
402 1914 652 1953 accusatoris
699 1927 789 1953 cum
821 1914 910 1954 iure
942 1913 1166 1954 testimonii
1197 1913 1502 1961 commiscebis,
1543 1916 1656 1955 testis
1687 1915 1866 1968 improbi

113 1975 379 2030 cupiditatem
429 1973 718 2023 confirmabis,
770 1990 841 2016 reo
874 1976 1076 2030 duplicem
1115 1975 1397 2017 defensionem
1429 1976 1607 2030 parabis.
1668 1977 1740 2016 Est
1770 1977 1871 2016 haec

115 2039 329 2080 exornatio
380 2039 564 2091 copiosa.
639 2039 964 2094 Comprehendit
1009 2040 1118 2078 enim
1159 2037 1277 2079 brevi
1318 2039 1443 2079 multa
1486 2043 1527 2079 et
1563 2051 1681 2078 suum
1722 2038 1869 2091 cuique

113 2101 297 2143 tribuens
329 2100 511 2142 officium
543 2103 762 2153 separatim
794 2117 859 2142 res
891 2102 1035 2143 dividit
1064 2101 1218 2156 plures.

224 2166 415 2205 XXXVI.
463 2165 530 2204 48.
584 2164 766 2204 Licentia
812 2169 902 2212 est,
951 2178 1043 2205 cum
1088 2165 1196 2218 apud
1239 2177 1335 2212 eos,
1384 2177 1487 2218 quos
1529 2167 1598 2203 aut
1637 2162 1770 2203 vereri
1802 2167 1918 2202 autso

114 2233 299 2270 metuere
331 2226 552 2274 debemus,
585 2232 721 2267 tamen
752 2227 905 2283 aliquid
936 2240 1012 2281 pro
1043 2227 1132 2267 iure
1164 2233 1305 2267 nostro
1339 2225 1539 2271 dicimus,
1584 2238 1666 2280 quo
1697 2239 1769 2265 eos
1801 2230 1868 2265 aut

114 2304 220 2345 quos
265 2291 292 2330 ii
338 2290 514 2343 diligunt
561 2289 698 2344 aliquo
737 2289 778 2330 in
832 2296 968 2330 errato
1010 2303 1107 2329 vere
1148 2290 1457 2343 reprehendere
1498 2289 1736 2333 videamur,
1789 2288 1868 2327 hoc

114 2354 270 2394 modo:
315 2352 542 2400 Miramini,
583 2353 789 2402 Quirites,
823 2352 934 2408 quod
965 2354 1015 2393 ab
1048 2351 1243 2393 omnibus
1274 2357 1434 2392 vestrae
1467 2352 1645 2392 rationes
1677 2351 1868 2391 deseran-

207 2531 241 2562 1.
270 2530 475 2571 appellasset
504 2529 632 2561 PxBF.
664 2547 698 2553 —
728 2530 761 2562 5.
789 2535 827 2561 ut
852 2532 881 2560 si
906 2530 1104 2561 PABFRT:
1133 2530 1163 2559 si
1191 2529 1230 2559 Ε.
1265 2543 1298 2548 -
1338 2527 1527 2558 verberarit
1554 2526 1751 2557 PABFRT:
1791 2534 1866 2556 ver-

114 2578 283 2610 beraveric
312 2578 350 2608 Ε.
381 2594 419 2599 -
448 2577 480 2608 8.
511 2578 772 2608 exornationem
802 2578 900 2609 PBR.
931 2594 969 2599 -
997 2577 1031 2607 (.).
1061 2581 1289 2607 transeamus.
1343 2574 1392 2604 M.
1434 2574 1522 2603 Tulli
1550 2574 1718 2604 Ciceronis
1745 2573 1789 2602 ad
1815 2573 1867 2603 he-

113 2627 273 2655 rennium
291 2624 348 2655 lib.
377 2623 411 2655 V.
434 2625 585 2662 explicit.
619 2625 739 2662 Incipit
761 2624 818 2655 lib.
847 2626 899 2655 VI.
922 2624 1129 2654 Distributio
1148 2623 1172 2653 P
1192 2628 1225 2653 et
1242 2621 1400 2653 similiter
1418 2620 1453 2650 F.
1478 2635 1514 2640 —
1547 2621 1599 2650 10.
1621 2629 1697 2650 cum
1713 2628 1772 2657 per
1789 2619 1865 2656 ptu-

113 2680 167 2702 res
186 2672 235 2706 T.
266 2671 336 2702 Eri.
365 2671 486 2701 Duisb.
514 2671 610 2701 Leid.
641 2671 721 2701 lV.:
751 2680 824 2701 cum
848 2673 965 2710 plures
994 2671 1016 2700 ll
1045 2675 1078 2701 et
1106 2679 1156 2708 pr.
1184 2669 1231 2703 P,
1260 2678 1336 2698 cum
1363 2668 1398 2696 in
1422 2666 1537 2706 plures
1565 2666 1588 2696 Ε
1614 2675 1688 2696 cum
1717 2665 1800 2696 ΑΗ(
1832 2670 1865 2697 et

116 2727 203 2749 corr.
233 2718 269 2749 P.
299 2735 341 2739 —
367 2719 422 2748 11.
452 2719 622 2757 quaedam
647 2722 740 2748 certa
767 2718 906 2755 PBRT.
937 2717 1023 2752 Eis..
1051 2717 1099 2747 L:
1129 2716 1300 2755 quaedam
1326 2713 1424 2744 AFE.
1453 2729 1496 2733 -—
1523 2712 1576 2743 14.
1607 2716 1696 2752 optet
1724 2712 1809 2742 FRT
1834 2717 1868 2743 et

116 2774 201 2795 corr.
226 2764 262 2796 P.
293 2782 331 2788 —
358 2767 534 2795 maximae
558 2773 687 2804 poenae
715 2773 764 2801 pr.
794 2764 839 2798 P,
867 2766 1057 2795 maa-imam
1082 2772 1231 2803 poenam
1257 2761 1341 2792 AFT
1370 2766 1403 2790 et
1429 2768 1516 2790 corr.
1546 2759 1581 2788 P.
1616 2776 1648 2781 -
1690 2760 1767 2788 uelit
1796 2768 1864 2789 uin.

117 2810 244 2843 PFnT.
276 2827 310 2832 —
342 2812 396 2842 15.
425 2812 492 2842 ista
521 2812 564 2842 F:
592 2813 654 2842 iste
682 2811 881 2845 PAllR'l'E,
912 2812 978 2841 del.
1009 2810 1087 2841 Sch.
1119 2826 1157 2831 —
1189 2809 1242 2840 18.
1271 2809 1340 2837 sint
1368 2809 1404 2837 in
1428 2807 1564 2837 ciuitate
1591 2805 1786 2835 PABFRT:
1829 2806 1867 2835 in

116 2860 253 2890 ciuitate
278 2858 345 2888 sint
376 2858 412 2889 Ε.
442 2874 480 2880 -
510 2858 564 2888 18.
595 2862 642 2888 est
669 2858 819 2898 officium
846 2858 1010 2889 PABFT:
1041 2857 1190 2898 officium
1215 2861 1262 2886 est
1290 2854 1362 2885 RE.
1388 2868 1423 2873 —
1453 2853 1506 2883 19.
1529 2856 1572 2882 ese
1601 2851 1751 2892 officium.
1783 2852 1805 2881 n
1834 2857 1867 2883 et

117 2915 181 2943 mg.
212 2904 259 2935 A:
291 2903 438 2944 officium
464 2910 509 2935 est
535 2905 608 2938 ΤΕ.
634 2904 791 2941 (consilio
817 2922 828 2927 -
854 2921 866 2926 -
895 2904 1042 2946 offic-ium
1070 2913 1136 2934 om.
1168 2903 1220 2933 PF
1247 2907 1279 2933 et
1308 2910 1357 2938 pr.
1386 2899 1426 2933 Α.
1464 2898 1539 2929 add.
1582 2900 1614 2928 in
1643 2907 1696 2937 mg
1736 2896 1794 2937 A.)
1827 2915 1862 2920 —

115 2954 172 2984 20.
200 2955 341 2981 senatus
366 2952 575 2983 voluntatem
600 2953 626 2983 Β
653 2957 686 2983 et
713 2960 776 2991 mg.
809 2952 856 2983 A:
885 2955 1024 2981 senalus
1050 2951 1230 2980 voluntate
1255 2948 1330 2983 PF,
1366 2945 1577 2975 voluntatem
1603 2946 1686 2979 (cun.
1715 2943 1866 2985 senatus)

117 3009 167 3039 pr.
210 2999 260 3033 Α,
297 2998 513 3029 volunlatem
537 3005 677 3030 senalus
709 2999 746 3029 Ε.
795 2997 1022 3029 (voluntatem
1047 2997 1169 3035 populi
1207 2994 1269 3034 R.)
1308 3010 1344 3015 -
1388 2996 1434 3021 est
1474 2990 1624 3030 officium
1661 2990 1863 3022 PARFRT:

117 3046 267 3087 officium
293 3048 339 3074 est
369 3044 405 3074 Ε.
438 3061 474 3066 -
503 3046 559 3076 23.
587 3047 681 3076 testis
706 3045 817 3076 PRT:
847 3047 941 3075 testis
966 3049 1012 3075 est
1041 3043 1170 3074 ABFE.
1194 3058 1231 3064 —
1260 3041 1314 3071 25.
1343 3039 1501 3075 consequi
1519 3037 1566 3073 T.
1593 3040 1750 3076 persequi
1770 3039 1806 3070 1,.
1824 3055 1867 3060 ——

116 3094 173 3124 27.
202 3092 285 3122 haec
310 3094 357 3121 est
385 3090 545 3123 ABFRT.
575 3108 614 3114 —
665 3092 720 3123 31.
760 3093 917 3125 dicimus.
947 3099 1011 3131 quo
1040 3099 1094 3120 eos
1119 3094 1182 3119 aut
1211 3096 1295 3128 quos
1319 3087 1345 3116 ii
1372 3085 1520 3123 diliyunt
1544 3083 1664 3122 aliquo
1692 3085 1726 3114 in
1751 3089 1866 3116 errato

115 3148 193 3170 vere
218 3137 460 3177 reprehendere
483 3138 664 3169 videamur
690 3149 706 3169 e
738 3145 889 3178 vestigiis
918 3138 1040 3168 lluisb.
1060 3137 1186 3167 (lauch.
1218 3140 1320 3173 atque
1349 3136 1541 3162 nosti-urum
1569 3130 1862 3170 Oudendorpius:

118 3187 284 3218 dicimus.
325 3185 413 3225 quod
440 3192 493 3214 eos
519 3187 657 3216 minime
683 3186 832 3227 offendat
858 3190 917 3216 aut
944 3193 1029 3225 quos
1055 3184 1082 3212 ii
1106 3184 1274 3222 άίΙίφιηι,
1314 3186 1415 3219 (pium
1441 3178 1477 3207 in
1503 3177 1623 3215 atiquo
1649 3182 1765 3208 errato
1792 3187 1866 3210 vere

116 3230 319 3271 reprehendi
342 3239 440 3270 posse
467 3232 653 3262 videantur
686 3231 726 3262 E.
779 3232 824 3262 At
860 3240 926 3271 quo
962 3230 1124 3262 exhibent
1150 3229 1173 3258 1³
1200 3232 1232 3257 et
1262 3235 1312 3264 pr.
1341 3225 1390 3259 A.
1431 3223 1569 3254 minime
1602 3224 1756 3266 offendat
1795 3234 1862 3255 om.

117 3279 170 3311 PF
197 3285 230 3310 et
257 3278 383 3316 pr.'A.
413 3287 487 3308 cum
512 3288 578 3309 oin.
607 3278 660 3309 PF
687 3283 720 3310 et
746 3287 798 3318 pr.
819 3278 872 3316 A,
898 3286 974 3309 vere
999 3275 1242 3315 reprehendere
1270 3272 1437 3311 praebent
1462 3269 1515 3301 PF
1542 3275 1575 3302 et
1594 3279 1646 3310 pr.
1667 3274 1692 3302 Α
1711 3294 1719 3310 ,
1748 3271 1866 3303 videa-

116 3335 196 3358 mur
220 3325 305 3357 PFR
333 3330 366 3357 et
392 3334 443 3364 pr.
469 3325 510 3355 Α.
