2117 3762
711 292 810 332 LIB.
845 292 917 333 111.
980 293 1024 336 C.
1060 295 1126 340 58.
1157 296 1225 337 59.
1761 299 1840 341 337

258 397 394 437 Multis
422 411 508 437 sum
538 397 662 437 modis
689 398 991 449 circuitu-entus,
1022 403 1174 449 morbo,
1205 401 1348 442 exsilio
1377 406 1491 455 atque
1518 402 1674 455 inopia;

261 460 356 499 Tum
382 473 511 513 paror
539 461 772 512 sapientiam
801 475 949 502 omnem
980 465 1035 504 mi
1063 466 1290 504 exanimato
1320 470 1565 517 expectorat,·

258 522 367 562 Alter
396 523 607 562 terribilem
636 523 846 564 minitatur
877 527 975 566 ritae
1004 528 1225 567 cruciatum
1256 533 1289 567 et
1319 539 1465 575 necem,

262 586 371 634 Quae
399 598 509 625 nemo
539 591 594 625 est
622 591 703 625 tam
728 587 843 638 firmo
874 590 1026 641 i'nqenio
1057 595 1091 629 et
1121 596 1232 629 tanta
1262 590 1514 642 confidentia,

260 648 366 698 Quin
394 648 564 700 resuyiat
593 648 729 687 timido
759 663 931 702 sanquen
958 658 1071 705 atque
1100 652 1317 692 exalbescat
1346 659 1460 693 metu.

91 731 186 781 219.
238 740 359 783 Aliud
404 741 486 782 vis:
538 746 798 793 contentum,
847 746 1088 793 vehemens,
1135 744 1357 787 imminens
1397 747 1572 802 quadam
1604 745 1842 787 incitatione

91 801 330 857 gravitatis,

257 898 403 939 lterum
435 897 614 950 Thyestes
642 898 804 940 Atreum
834 907 1083 942 attrectatum
1112 902 1291 949 advenit,

256 961 404 1000 Iterum
433 961 516 1000 iam
544 963 773 1013 ayqreditur
804 976 862 1003 me
892 969 925 1003 et
955 965 1128 1016 quietum
1157 965 1385 1005 exsuscitat.

254 1022 390 1062 Maior
417 1023 517 1062 mihi
548 1025 687 1071 moles,
721 1026 851 1064 maius
881 1025 1118 1067 miscendum
1147 1029 1193 1067 'st
1223 1028 1390 1078 malum,
1852 1050 1887 1076 10

259 1084 338 1134 Qui
366 1085 476 1125 illius
505 1086 685 1126 acerbum
715 1100 784 1126 cor
813 1088 1050 1128 contundam
1079 1094 1114 1129 et
1142 1090 1412 1142 comprimam.

88 1175 209 1220 Aliud
239 1178 452 1233 voluptas:
487 1177 687 1228 effusum,
718 1179 835 1229 lene,
870 1187 1083 1231 tenerum,
1116 1181 1335 1224 hilaratum
1366 1195 1412 1224 ac
1442 1180 1683 1233 remissum,

256 1273 331 1312 Sed
358 1273 457 1312 ⁴mihi
486 1286 574 1313 cum
603 1275 728 1314 tetulit
759 1287 946 1316 coronam
974 1276 1019 1316 ob
1048 1277 1294 1316 collocandas
1322 1277 1502 1330 nuptias,

258 1335 343 1374 Tibi
368 1336 535 1386 serebat,
567 1349 655 1375 cum
685 1338 892 1377 simulabat
921 1351 1000 1378 sese
1029 1337 1059 1390 -ξ-
1090 1340 1207 1379 alteri
1236 1340 1355 1386 dare;

257 1398 354 1437 Tum
382 1398 433 1438 ad
462 1405 496 1438 te
526 1399 738 1439 ludibunda
766 1400 872 1440 docte
902 1406 935 1441 et
963 1401 1124 1442 delicate
1153 1402 1303 1446 detulit.
1858 1419 1894 1446 1⁵

87 1488 209 1532 Aliud
249 1489 460 1532 molestia:
509 1490 596 1532 sine
637 1493 996 1536 commiseratione
1033 1507 1158 1550 grave
1195 1494 1408 1551 quoddam
1440 1499 1481 1537 et
1509 1509 1591 1538 uno
1622 1509 1770 1552 pressu
1799 1510 1846 1538 ac

89 1566 193 1595 sono
224 1554 477 1601 obductum,

259 1648 348 1697 Qua
378 1653 597 1700 tempestate
627 1649 747 1689 Paris
776 1650 965 1690 Helenam
993 1651 1171 1704 innuptis
1199 1652 1336 1692 iunoeit
1364 1653 1533 1706 nuptiis,

253 1712 342 1763 Eyo
372 1717 454 1750 tam
483 1711 670 1763 yracida,
702 1713 867 1764 expletis
896 1714 978 1753 iam
1003 1715 1086 1766 sere
1115 1715 1167 1754 ad
1188 1715 1429 1766 pariendum
1457 1715 1672 1763 mensibus;

255 1774 332 1814 Per
361 1774 461 1814 idem
491 1780 639 1827 tempus
668 1775 906 1827 Polydorum
937 1776 1095 1816 Hecuba
1116 1782 1243 1829 partu
1264 1783 1465 1830 postremo
1487 1780 1617 1831 parit.
1859 1791 1895 1817 20

87 1867 192 1909 L1X.
234 1868 329 1908 220.
382 1867 534 1907 Omnes
571 1872 709 1908 autem
747 1869 825 1909 hos
865 1873 1000 1909 motus
1041 1868 1239 1923 subsequi
1279 1871 1402 1912 debet
1441 1877 1600 1925 gestus,
1651 1886 1735 1915 non
1775 1873 1844 1915 hic

87 1930 217 1971 verba
254 1927 512 1984 exprimens,
559 1929 768 1979 scenicus,
817 1930 890 1971 sed
928 1932 1164 1973 universam
1194 1945 1284 1973 rem
1315 1937 1356 1973 et
1386 1936 1630 1976 sententiam
1660 1948 1743 1976 non
1775 1938 1845 1976 de-

86 1990 384 2033 monstratione
414 1992 486 2032 sed
517 1990 818 2044 significatione
847 1993 1084 2041 declarans,
1119 1993 1295 2036 laterum
1326 1994 1551 2037 inflexione
1582 1996 1657 2038 hac
1677 1996 1775 2039 sorti
1795 2012 1842 2038 ac

87 2053 220 2103 virili,
251 2067 336 2096 non
367 2055 417 2094 ab
448 2066 570 2094 scena
601 2060 640 2095 et
669 2053 965 2104 histrionibus,
999 2054 1072 2096 sed
1101 2058 1152 2096 ab
1184 2056 1310 2098 armis
1340 2062 1411 2098 aut
1441 2059 1562 2100 etiam
1582 2072 1605 2100 a
1624 2059 1842 2113 palaestra.

86 2118 230 2158 Manus
261 2121 398 2157 autem
427 2115 563 2157 minus
594 2121 760 2170 arguta,
813 2118 950 2171 digitis
980 2116 1235 2172 subsequens
1264 2121 1414 2169 verba,
1467 2136 1552 2162 non
1583 2122 1894 2177 exprimens325

86 2176 303 2219 brachium
333 2179 546 2233 procerius
576 2179 808 2234 proiectum
839 2181 956 2236 quasi
987 2179 1196 2236 quoddam
1226 2181 1351 2223 telum
1373 2183 1595 2233 orationis;
1630 2184 1842 2238 supplosio

87 2240 206 2294 pedis
236 2239 279 2281 in
309 2241 644 2283 contentionibus
674 2247 743 2282 aut
772 2242 1017 2298 incipiendis
1047 2247 1117 2284 aut
1152 2242 1360 2286 finiendis.
1421 2248 1518 2287 221.
1569 2245 1650 2288 Sed
1690 2247 1732 2288 in
1770 2261 1844 2289 ore

88 2308 183 2343 sunt
224 2302 377 2344 omnia.
438 2305 485 2344 In
524 2317 572 2344 eo
615 2309 754 2344 autem
793 2305 883 2359 ipso
921 2304 1155 2347 dominatus
1195 2312 1257 2348 est
1295 2307 1430 2349 omnis
1469 2308 1711 2359 oculorum3
1762 2323 1842 2364 quo

88 2365 237 2406 melius
274 2364 408 2406 nostri
443 2365 500 2406 illi
545 2379 688 2414 senes,
735 2367 805 2421 qui
844 2372 1112 2420 personatum
1150 2382 1201 2409 ne
1247 2370 1443 2411 Roscium
1483 2370 1650 2425 quidem
1694 2385 1840 2426 magno

88 2441 215 2483 opere
244 2425 479 2469 laudabant.
540 2428 676 2470 Animi
717 2434 779 2470 est
817 2429 926 2470 enim
966 2432 1100 2471 omnis
1139 2432 1246 2473 actio
1286 2437 1328 2473 et
1355 2431 1493 2487 imago
1524 2432 1649 2474 animi
1678 2435 1890 2483 vultus,so

87 2490 244 2532 indices
282 2490 406 2532 oculi.
466 2493 567 2532 Nam
611 2493 714 2532 haec
758 2497 820 2532 est
860 2505 942 2532 una
985 2505 1080 2545 pars
1125 2495 1337 2547 corporis,
1388 2509 1516 2549 quae,
1570 2500 1670 2550 quot
1713 2496 1839 2537 animi

87 2559 223 2596 motus
253 2559 366 2601 sunt,
408 2558 469 2596 tot
497 2552 818 2607 significationes
848 2558 888 2594 et
918 2556 1260 2597 commutationes
1289 2557 1421 2611 possit
1451 2556 1632 2599 efficere.
1694 2560 1835 2613 Neque

87 2629 188 2658 vero
219 2622 281 2658 est
309 2615 547 2672 quisquam,
579 2615 651 2670 qui
681 2614 824 2657 eadem
855 2615 1078 2658 connivens
1109 2616 1275 2659 efficiat.
1337 2619 1645 2675 Theophrastus
1673 2621 1839 2674 quidem

179 2730 212 2762 1.
238 2729 360 2763 Multis
385 2739 461 2763 sum
484 2730 596 2762 modis
621 2730 679 2762 AB
704 2731 859 2771 aliique:
895 2730 1014 2764 Multis
1038 2732 1147 2763 modis
1172 2741 1246 2764 sum
1271 2733 1320 2768 R,
1355 2733 1469 2767 Multi'
1493 2735 1602 2766 modis
1627 2743 1699 2764 sum
1726 2734 1766 2766 E.
1797 2751 1834 2757 -

88 2776 122 2809 2.
147 2785 279 2809 omnem
302 2779 349 2810 mi
373 2778 428 2810 T:
453 2787 585 2810 omnem
608 2777 661 2816 Α,
694 2787 827 2809 omnem
851 2778 937 2809 mitat
963 2779 1013 2817 R,
1039 2779 1124 2810 mihi
1150 2788 1284 2822 omnem
1309 2780 1350 2814 E.
1392 2780 1456 2822 (De
1484 2782 1509 2812 B
1537 2790 1604 2812 non
1630 2781 1767 2820 liquet.)
1795 2797 1835 2803 --

89 2823 123 2855 3.
148 2823 246 2855 Alter
270 2833 338 2857 om.
366 2825 407 2858 Α.
435 2842 478 2847 -
504 2826 659 2856 minatur
677 2833 694 2856 e
713 2825 823 2856 Codd.
852 2825 934 2865 aliq.
963 2825 1003 2857 T.
1032 2824 1089 2866 (Ut
1115 2834 1198 2864 nos,
1226 2827 1298 2863 ΑΒ,
1316 2825 1372 2866 R.)
1402 2845 1440 2850 —
1469 2828 1502 2858 5.
1529 2829 1697 2867 sanquine
1723 2827 1834 2858 Codd.

88 2870 132 2903 al.
161 2869 236 2901 ΚΤ.
263 2870 323 2911 (Ut
348 2879 434 2911 nos,
461 2870 550 2911 AB.)
579 2889 616 2894 —
644 2871 677 2902 6.
704 2869 770 2911 vis]
798 2880 905 2912 glenus
929 2871 971 2903 R.
1004 2888 1038 2894 —
1067 2873 1260 2912 imminens]
1285 2874 1340 2905 sin
1363 2875 1477 2905 minus
1496 2874 1541 2911 B,
1568 2874 1774 2904 imminuens
1792 2874 1834 2906 R.

92 2933 130 2940 —
156 2917 192 2949 7.
217 2919 335 2959 gravis
358 2918 430 2950 AB.
459 2933 498 2941 —
524 2918 560 2950 8.
586 2921 812 2950 attrectatum
838 2918 1054 2950 Ellendtius:
1082 2918 1324 2951 adtractatum
1348 2920 1409 2961 Lg.
1436 2920 1469 2950 3.
1490 2920 1545 2951 13.
1564 2920 1607 2954 Ζ.
1635 2920 1680 2950 ad
1706 2924 1837 2952 tracta-

89 2967 164 2996 tum
191 2964 248 3004 Lg.
275 2964 309 2996 6.
327 2988 336 3003 ‚
363 2965 419 2996 alti
445 2965 627 3002 similiter,
654 2968 847 2997 attractum
872 2964 1033 3002 AB.RE.
1066 2979 1100 2986 -
1130 2966 1186 2996 11.
1214 2975 1273 2998 cor
1300 2975 1367 2998 om.
1396 2966 1466 2997 ΑΒ.
1497 2983 1537 2988 -
1564 2966 1618 2996 12.
1645 2966 1837 3006 voluptatis

89 3011 131 3044 R.
160 3026 200 3033 —
228 3010 301 3042 lene
326 3020 394 3043 om.
420 3012 449 3043 Α
467 3035 476 3050 ,
503 3012 648 3054 effusum
671 3017 703 3044 et
729 3016 881 3043 tenerum
906 3011 945 3042 B.
972 3028 1015 3033 —
1046 3013 1197 3043 tenerum
1223 3022 1290 3045 om.
1320 3013 1358 3045 R.
1387 3028 1429 3036 —
1466 3011 1523 3042 13.
1548 3009 1644 3051 mihi]
1671 3013 1736 3044 sibi
1761 3014 1833 3046 ΑΒ.

88 3072 134 3081 —
156 3057 270 3089 tetulit
293 3056 376 3089 AB:
405 3057 526 3090 detulit
550 3059 624 3090 RE.
651 3075 695 3080 —
721 3058 934 3100 colliqandas
959 3058 997 3091 B.
1029 3072 1065 3078 —
1103 3057 1159 3089 14.
1187 3067 1219 3090 se
1244 3059 1310 3090 sibi
1333 3058 1436 3090 Aiaci
1455 3058 1540 3089 dare
1566 3057 1592 3089 B
1608 3081 1616 3096 ,
1643 3067 1712 3090 sese
1736 3058 1837 3092 Aiaci

89 3104 174 3136 dare
206 3104 266 3145 Lg.
295 3104 476 3144 plerique,
503 3105 546 3137 R.
589 3104 656 3145 (De
681 3104 710 3136 Α
736 3113 803 3137 non
831 3108 975 3137 constat.
1025 3104 1124 3136 Latet
1160 3105 1216 3137 hic
1251 3113 1377 3137 nomen
1412 3107 1587 3143 proprium
1623 3107 1658 3137 et
1691 3107 1834 3145 quidem

91 3151 291 3189 comicum.)
320 3167 355 3173 —
384 3151 440 3182 15.
468 3151 552 3183 Cum
575 3160 598 3182 α
621 3155 654 3182 te
679 3152 727 3190 B,
755 3151 838 3183 Cum
863 3152 909 3183 ad
935 3156 966 3182 te
991 3151 1032 3182 R.
1063 3167 1103 3173 —
1131 3150 1187 3183 16.
1215 3151 1392 3191 quoddam
1409 3150 1467 3182 ΑΒ
1487 3151 1640 3190 allique:
1669 3153 1836 3192 quiddam

89 3197 161 3230 RE.
189 3214 233 3219 ——
259 3197 315 3229 17.
342 3198 482 3229 ductum
499 3205 576 3229 cum
597 3197 662 3230 Gu.
689 3199 723 3229 2.
751 3199 947 3230 Schutzius.
977 3214 1014 3220 —
1044 3197 1099 3229 18.
1127 3198 1297 3236 innuptiis
1316 3195 1389 3236 (sic)
1410 3196 1449 3228 Α.
1477 3213 1519 3220 -
1542 3198 1685 3237 nuptias
1704 3199 1831 3238 AB,R.

89 3258 134 3268 -·
159 3244 215 3277 20.
241 3244 396 3283 Hecuba]
423 3243 504 3275 haec
521 3244 577 3275 ubi
595 3245 634 3275 B.
663 3261 707 3266 —
731 3244 788 3275 23.
817 3243 1013 3284 declarans]
1040 3244 1278 3275 demonstrans
1296 3244 1437 3274 clarans
1461 3243 1532 3274 AB.
1559 3261 1601 3267 —
1627 3253 1669 3276 ac
1688 3255 1756 3277 om.
1778 3246 1803 3277 B
1821 3270 1830 3283 ‚

91 3296 122 3322 et
139 3291 180 3323 R.
209 3307 250 3313 —
277 3291 334 3323 274.
361 3301 383 3322 a
406 3290 585 3330 palaestra
610 3294 760 3330 sumpta·
809 3291 940 3323 Manus
964 3291 1005 3322 R.
1033 3306 1076 3312 —-
1113 3290 1169 3322 27.
1197 3290 1261 3322 Sed
1286 3291 1315 3321 si
1339 3290 1377 3321 in
1401 3289 1439 3320 R.
1468 3307 1505 3312 —
1548 3289 1604 3322 30.
1631 3292 1749 3324 vultus
1772 3293 1830 3323 AB

91 3337 243 3377 aliique:
279 3338 395 3370 vultus
419 3341 469 3369 est
493 3337 564 3368 RE.
604 3353 643 3359 —
682 3337 740 3368 32.
774 3340 804 3369 et
829 3337 1110 3369 commutationes
1136 3345 1203 3368 om.
1232 3336 1304 3367 AB.
1350 3335 1500 3368 Seclusit
1525 3336 1676 3371 Ellendt.
1715 3357 1748 3365 -
1773 3338 1829 3370 33.

90 3391 208 3417 verum
231 3384 272 3417 Α.
303 3402 340 3408 -
370 3385 552 3417 connivens
577 3382 803 3417 Gulielmius:
832 3387 991 3417 contuens
1015 3383 1087 3418 ΑΒ,
1102 3382 1127 3415 Ε
1143 3405 1152 3423 ,
1180 3383 1356 3415 continens
1379 3382 1423 3416 R.

167 3455 260 3482 cicero
279 3455 308 3484 Τ.
328 3455 348 3483 l.
1336 3454 1389 3494 22
