2117 3762
781 259 880 299 LlB.
915 258 947 298 Ι.
1010 257 1053 298 C.
1087 259 1154 302 [49.
1186 259 1254 299 50.
1816 263 1893 304 211

154 379 245 407 nem
278 369 419 406 tenere
451 371 490 406 et
519 363 735 420 persequi,
768 364 936 404 nomine
967 362 1043 404 hoe
1075 365 1318 419 appelletur.
1380 364 1476 403 213.
1510 363 1725 405 Oratorem
1747 373 1894 417 autem,

154 429 348 483 quoniam
380 430 430 468 de
463 442 511 468 eo
543 427 801 482 quaerimus,
847 425 1038 479 equidem
1070 441 1152 467 non
1182 426 1288 467 sario
1321 425 1522 474 eundem,
1555 440 1678 482 quem
1710 428 1898 478 Crassus,

157 492 226 544 qui
258 493 357 531 mihi
389 493 499 532 visus
530 495 591 530 est
621 502 786 528 omnem
828 489 1012 528 omnium
1050 502 1186 530 rerum
1217 495 1339 544 atque
1370 490 1519 530 artium
1549 490 1760 530 scientiam
1790 504 1901 533 com-

155 554 416 605 prehendere
448 567 529 594 uno
562 549 738 592 oratoris
770 550 907 589 oflieio
940 564 986 591 ac
1016 553 1210 599 numium
1262 558 1384 607 atque
1415 567 1509 593 eum
1539 558 1640 605 puto
1671 566 1782 602 esse,
1832 555 1902 608 qui

156 622 195 656 et
226 618 364 657 verbis
395 617 446 657 ad
476 613 725 655 audiendum
757 611 945 653 iucundis
976 619 1016 653 et
1045 613 1258 654 sententiis
1288 616 1339 655 ad
1380 616 1641 669 probandum
1671 629 1934 659 accommo-5

156 676 259 718 datis
307 678 366 720 uti
415 679 544 733 possit
588 678 628 717 in
671 675 804 717 causis
850 676 1083 718 forensibus
1127 683 1249 731 atque
1296 676 1597 718 communibus.
1667 680 1786 720 Hunc
1828 693 1904 734 ego

155 739 317 795 appello
357 746 564 781 oratorem
602 753 780 793 eumque
820 754 908 779 esse
949 744 1165 794 praeterea
1195 739 1438 781 instructum
1471 755 1573 782 voce
1604 746 1645 782 et
1674 744 1835 784 actione
1867 748 1908 783 et

156 803 298 856 lepore
328 804 506 857 quodam
538 800 649 842 volo.
712 803 807 841 214.
858 804 1025 843 Crassus
1065 815 1164 842 vero
1195 800 1296 842 mihi
1325 808 1466 843 noster
1496 805 1609 845 visus
1641 811 1702 845 est
1731 808 1908 847 oratoris

157 865 390 905 facultatem
421 878 505 905 non
535 863 645 905 illius
676 864 773 904 artis
806 863 989 905 terminis
1021 862 1092 905 sed
1113 863 1267 917 ingenii
1290 865 1353 904 sui
1376 864 1524 906 finibus
1547 867 1759 909 immensis
1779 881 1909 924 paene

157 927 406 968 describere.
469 928 571 967 Nam
605 932 645 967 et
676 927 886 967 civitatum
917 927 1194 980 regendarum
1226 925 1382 966 oratori
1412 925 1688 978 gubernacula
1709 933 1960 972 sententiaao

158 1003 230 1030 sua
260 988 451 1039 tradidit;
504 991 544 1030 in
576 1003 656 1045 quo
690 1003 765 1041 per
796 988 894 1029 mihi
927 989 1077 1031 mirum
1107 989 1238 1029 visum
1280 993 1367 1035 est,
1413 991 1628 1039 Scaevola,
1676 998 1714 1033 te
1743 995 1823 1034 hoc
1852 994 1911 1037 illi

157 1052 413 1100 concedere,
467 1066 560 1092 cum
601 1051 842 1106 saepissime
887 1049 960 1091 tibi
1005 1055 1169 1092 senatus
1212 1049 1397 1092 breviter
1441 1052 1711 1110 impoliteque
1757 1055 1910 1098 dicenti

158 1115 348 1155 maximis
379 1115 430 1154 sit
460 1115 509 1155 de
541 1116 666 1155 rebus
698 1127 903 1155 assensus.
964 1116 1018 1155 Μ.
1042 1127 1143 1154 vero
1177 1115 1376 1160 Scaurus,
1409 1128 1531 1169 quem
1560 1130 1642 1158 non
1674 1119 1795 1173 longe
1825 1121 1913 1160 ruri

157 1176 264 1232 apud
295 1191 338 1218 se
370 1190 459 1218 esse
491 1178 635 1225 audio,
669 1178 732 1217 vir
763 1175 966 1231 regendae
1000 1177 1060 1217 rei
1092 1175 1281 1229 publicae
1313 1176 1632 1227 scientissimus,
1667 1182 1701 1221 si
1722 1180 1912 1229 audierit,

157 1240 261 1280 hanc
294 1241 578 1280 auctoritatem
611 1240 820 1292 gravitatis
852 1244 893 1279 ct
923 1237 1083 1279 consilii
1117 1237 1176 1277 sni
1212 1237 1407 1279 vindicari
1441 1254 1463 1279 a
1496 1247 1552 1287 tc,
1589 1245 1757 1291 Crasse,
1801 1246 1912 1297 quod
1928 1257 1962 1282 -ις

159 1315 247 1342 eam
291 1303 467 1343 oratoris
507 1303 717 1356 propriam
758 1315 847 1342 esse
888 1300 1023 1348 ‹lii-as,
1071 1300 1176 1348 iam,
1227 1303 1376 1347 eredo,
1424 1300 1503 1343 huc
1544 1305 1677 1345 veniat
1721 1312 1760 1346 et
1808 1309 1913 1348 hanc

160 1364 448 1419 loquacitatem
482 1370 663 1404 nostram
699 1365 810 1404 vultu
844 1365 929 1418 ipso
962 1369 1214 1419 aspectuque
1253 1370 1508 1414 ‹·onter1·eat;
1556 1368 1625 1420 qui
1667 1381 1915 1424 quamquam

160 1434 221 1468 est
253 1429 291 1467 in
324 1425 499 1468 dicendo
532 1428 699 1466 minime
733 1428 1082 1473 mniteiinieiidus,
1114 1427 1330 1478 prudentia
1355 1431 1489 1467 tamen
1511 1442 1649 1469 rerum
1672 1444 1911 1484 magnarum

160 1491 290 1543 magis
322 1503 443 1544 quam
475 1488 638 1529 dicendi
671 1495 758 1529 arte
791 1490 947 1529 nititur.
1010 1491 1103 1529 215.
1148 1490 1290 1542 Nequc
1334 1502 1458 1537 vero,
1508 1490 1542 1530 si
1573 1491 1664 1545 quis
1695 1499 1913 1548 utrumque

159 1558 318 1606 potest,
370 1558 439 1593 aut
482 1552 550 1592 ille
591 1551 753 1592 consilii
783 1550 938 1606 publici
968 1556 1112 1592 auctor
1142 1563 1188 1591 ac
1216 1555 1384 1592 senator
1412 1549 1547 1593 honus
1577 1555 1631 1595 oh
1664 1568 1754 1596 eam
1785 1557 1913 1610 ipsam
1931 1569 1966 1594 20

161 1628 325 1655 causam
357 1620 498 1655 orator
528 1620 612 1663 est;
646 1620 715 1655 aut
744 1615 810 1654 hic
841 1613 1019 1655 disertus
1049 1619 1173 1667 atque
1206 1612 1427 1668 eloquens,
1459 1614 1494 1655 si
1525 1621 1586 1655 est
1616 1616 1725 1659 idem
1755 1617 1797 1659 in
1819 1632 1918 1671 pro-

161 1677 374 1717 curatione
404 1677 580 1718 civitatis
612 1679 820 1731 egregius,
867 1676 1045 1732 aliquam
1085 1676 1298 1716 scientiam
1335 1677 1498 1717 dicendi
1531 1680 1649 1734 copia
1679 1685 1741 1720 est
1771 1694 1915 1722 couse-

162 1745 293 1780 cutus.
354 1738 527 1780 Multum
571 1739 679 1780 inter
720 1754 762 1780 se
800 1739 949 1781 distant
987 1740 1086 1779 istae
1121 1736 1333 1779 facultates
1363 1738 1571 1794 longeque
1602 1748 1696 1783 sunt
1726 1741 1913 1784 diversae

160 1807 283 1856 atque
325 1801 557 1849 seiunctae,
606 1816 744 1856 neque
786 1804 930 1843 eadem
973 1802 1132 1841 ratione
1175 1814 1221 1841 ac
1262 1800 1329 1840 via
1364 1803 1420 1842 M.
1443 1804 1564 1854 Cato,
1607 1806 1653 1845 P.
1678 1803 1915 1854 Africanus,

162 1864 213 1912 Q.
238 1862 448 1910 Metellus,
483 1865 526 1904 C.
551 1865 735 1911 Laelius,
776 1865 845 1919 qui
877 1877 1020 1905 omnes
1051 1862 1291 1917 eloquentes
1322 1862 1508 1912 suerunt,
1541 1866 1772 1908 orationem
1802 1883 1917 1910 suam
1931 1879 1966 1905 2⁵

162 1930 203 1966 et
232 1926 295 1966 rei
323 1926 513 1980 publicae
545 1927 785 1980 dignitatem
817 1925 1087 1967 exornabant.
1147 1928 1195 1966 L.
1246 1928 1389 1980 Neque
1421 1926 1529 1967 enim
1563 1934 1625 1970 est
1653 1929 1917 1972 interdictum

162 1994 231 2030 aut
259 2002 283 2030 a
312 2003 453 2030 rerum
483 1993 628 2029 natura
657 1994 727 2029 aut
747 2003 770 2029 a
790 1988 880 2043 lege
913 1988 1049 2043 aliqua
1078 1993 1200 2044 atque
1230 2001 1370 2037 more,
1405 1995 1449 2029 ut
1478 1990 1650 2044 singulis
1681 1993 1919 2034 hominibus

162 2066 214 2094 ne
256 2050 432 2106 amplius
472 2064 595 2105 quam
635 2051 814 2105 singulas
858 2057 968 2093 artes
1012 2065 1135 2093 nosse
1174 2051 1308 2092 liceat.
1370 2054 1465 2094 216.
1509 2054 1649 2102 Quare
1688 2069 1793 2104 uon,
1843 2055 1920 2096 etsi

163 2112 525 2168 eloquentissimus
564 2115 732 2154 Athenis
772 2113 950 2155 Pericles
986 2115 1182 2169 idemque
1212 2115 1253 2156 in
1284 2128 1332 2155 ea
1363 2116 1526 2157 civitate
1558 2115 1758 2170 plurimos
1789 2131 1920 2158 annos

162 2175 355 2231 princeps
386 2173 547 2216 consilii
576 2175 733 2228 publici
761 2174 860 2225 suit,
906 2176 1062 2217 idcirco
1103 2178 1287 2217 eiusdem
1316 2178 1500 2219 hominis
1530 2185 1653 2234 atque
1684 2178 1782 2220 artis
1811 2185 1920 2221 utra-
1933 2201 1968 2227 30

164 2252 245 2292 que
274 2236 444 2279 facultas
475 2236 744 2279 existimanda
775 2244 856 2289 est;
909 2253 1008 2287 nec,
1054 2238 1088 2280 si
1126 2240 1171 2279 P.
1198 2241 1365 2281 Crassus
1402 2238 1513 2281 idem
1542 2241 1620 2282 fuit
1649 2241 1847 2298 eloquens
1879 2249 1920 2284 et

163 2300 266 2341 iuris
304 2300 483 2354 peritus,
533 2301 587 2340 ob
635 2313 726 2341 eam
767 2314 932 2342 causam
974 2303 1083 2343 inest
1120 2300 1164 2342 in
1202 2301 1396 2343 facultate
1440 2304 1604 2345 dicendi
1646 2303 1748 2346 iuris
1788 2305 1918 2346 civilis

165 2363 351 2404 scientia.
412 2363 507 2406 217.
547 2363 649 2402 Nam
679 2363 713 2403 si
744 2365 944 2418 quisque,
983 2369 1028 2404 ut
1057 2362 1099 2405 in
1128 2364 1265 2419 aliqua
1296 2370 1384 2405 arte
1419 2369 1460 2406 et
1488 2364 1680 2408 facultate
1711 2367 1917 2409 excellens

165 2425 288 2466 aliam
318 2436 486 2479 quoque
517 2428 648 2465 artem
677 2423 758 2466 sibi
787 2424 1077 2480 assumpserit,
1114 2424 1177 2479 [is]
1211 2424 1418 2481 perficiet,
1452 2432 1520 2476 ut,
1560 2430 1672 2482 quod
1702 2435 1917 2484 praeterea

166 2488 286 2535 sciet,
331 2488 372 2527 id
404 2486 516 2534 eius,
556 2485 599 2527 in
630 2500 713 2540 quo
744 2486 940 2535 excellet,
978 2501 1073 2543 pars
1105 2490 1310 2542 quaedam
1338 2502 1428 2530 esse
1457 2491 1668 2539 videatur,
1716 2492 1812 2533 licet
1841 2493 1918 2533 ista
1931 2510 1966 2536 ³5

167 2549 326 2592 ratione
370 2548 553 2591 dicamus
594 2548 677 2605 pila
720 2548 827 2592 hene
869 2556 909 2591 et
943 2548 1163 2590 duodecim
1200 2551 1364 2605 scriptis
1402 2551 1546 2593 ludere
1586 2555 1796 2607 proprium
1828 2567 1918 2595 esse

166 2611 268 2653 iuris
290 2610 441 2659 civilis,
473 2612 672 2666 quoniam
692 2617 912 2667 utrumque
934 2625 1079 2653 eorum
1111 2613 1156 2653 P.
1179 2613 1339 2654 Mucius
1368 2613 1522 2669 optime
1551 2612 1721 2665 fecerit3
1754 2618 1918 2657 eadem-

169 2687 248 2729 que
277 2674 440 2714 ratione
472 2673 659 2715 dicantur
689 2679 753 2722 et,
786 2687 891 2729 quos
922 2674 1132 2727 φυσικούς
1164 2675 1310 2716 Graeci
1340 2678 1573 2725 nominant,
1606 2677 1731 2719 iidem
1758 2683 1916 2731 poetae,

170 2735 366 2791 quoniam
395 2735 668 2791 Empedocles
698 2736 890 2793 physicus
921 2738 1135 2792 egregium
1165 2742 1315 2791 poema
1342 2737 1502 2780 fecerit.
1562 2741 1613 2780 At
1641 2741 1719 2780 hoc
1750 2752 1800 2780 ne
1825 2741 1918 2794 phi·
1977 2782 1981 2785 ,

169 2797 337 2853 losophi
364 2798 530 2854 quidem
561 2799 664 2854 ipsi,
710 2800 781 2854 qui
819 2799 957 2842 omnia
986 2801 1089 2841 sicut
1118 2800 1288 2852 propria
1318 2814 1393 2841 sua
1422 2813 1511 2841 esse
1541 2807 1663 2856 atque
1693 2814 1716 2840 a
1745 2813 1789 2841 56
1819 2814 1966 2855 pos-40

170 2859 297 2902 sideri
325 2862 492 2910 volunt,
524 2861 664 2903 dicere
693 2861 871 2911 audent,
906 2860 1173 2916 geometriam
1217 2866 1287 2902 aut
1315 2864 1513 2903 musicam
1542 2860 1774 2917 philosophi
1803 2876 1915 2913 esse,

262 3012 298 3045 [ι.
324 3021 394 3045 esse
416 3018 604 3053 praeterea
627 3015 838 3047 instructum
870 3016 929 3055 qui
964 3014 1004 3046 B.
1042 3016 1098 3052 (ex
1123 3023 1154 3046 v.
1182 3011 1232 3054 7.)
1269 3031 1313 3036 —
1354 3015 1387 3046 5.
1424 3017 1455 3045 et
1478 3014 1589 3046 verbis
1614 3015 1641 3045 B
1667 3014 1795 3055 aliique
1812 3037 1822 3054 ,
1859 3015 1914 3047 R:

172 3060 282 3092 verbis
309 3060 349 3092 E.
381 3076 419 3082 —-
446 3061 480 3093 7.
508 3060 656 3102 actione]
684 3064 843 3094 oratione
868 3063 910 3093 R.
940 3079 978 3085 -
1023 3061 1078 3092 11.
1104 3062 1295 3100 permirum
1317 3061 1403 3092 mihi
1427 3062 1469 3092 R.
1499 3077 1538 3083 —
1582 3060 1638 3092 16.
1667 3066 1847 3094 oratorum
1872 3063 1915 3094 R.

177 3123 214 3130 -
241 3107 298 3138 22.
326 3107 482 3147 aliquam
506 3106 618 3139 codd.
645 3108 689 3141 al.
709 3117 718 3139 ε
742 3109 864 3150 aliqua
887 3108 948 3139 BR
967 3130 976 3144 .
1019 3107 1116 3139 illam
1138 3107 1299 3139 Manutio
1325 3112 1465 3139 auctore
1492 3107 1518 3138 E
1536 3130 1544 3144 ,
1583 3108 1734 3140 alienam
1760 3108 1919 3150 Wytten-

173 3153 298 3186 bachio
323 3158 466 3186 auctore
493 3153 686 3186 Schtitzius.
714 3171 759 3177 —-
784 3156 928 3187 scientia
953 3154 1025 3185 BR.
1053 3170 1093 3176 —
1120 3155 1256 3194 copiam
1282 3154 1354 3185 BR.
1384 3169 1420 3176 —
1448 3154 1505 3185 25.
1534 3153 1574 3194 Q.
1599 3153 1788 3187 Marcellus
1812 3155 1852 3186 B.
1878 3170 1914 3177 -

174 3200 231 3232 27.
257 3199 310 3238 ut]
337 3204 399 3231 auc
425 3200 574 3231 Ernestii
601 3209 742 3239 operae.
769 3216 814 3224 —
836 3200 894 3232 28.
922 3202 985 3234 etsi
1008 3201 1055 3232 sit
1081 3199 1374 3241 eloquentissimus
1397 3200 1471 3231 BR.
1502 3215 1540 3222 ·-
1578 3199 1635 3232 33.
1661 3202 1845 3242 quisquam
1870 3202 1915 3233 R.

178 3264 216 3270 —
255 3247 313 3279 34.
340 3248 370 3278 is
394 3247 470 3278 libri
497 3251 631 3278 tantum
657 3255 726 3278 non
752 3255 872 3280 omnes
899 3252 932 3280 et
957 3248 1011 3279 R:
1053 3247 1105 3277 ita
1129 3247 1316 3279 Lambinus
1341 3250 1376 3278 et
1402 3246 1609 3284 Ernestius,
1637 3255 1708 3279 om.
1735 3249 1851 3280 Havn.
1879 3250 1914 3280 1.

175 3293 246 3326 Nos
272 3293 487 3326 seclusimus.
517 3309 555 3316 -
598 3292 655 3324 36.
682 3295 818 3333 scrupis
843 3294 885 3325 R.
915 3311 952 3316 —
995 3292 1052 3325 38.
1085 3293 1247 3332 physicos
1272 3294 1313 3324 R.
1355 3308 1394 3314 —
1436 3293 1631 3333 nominant]
1654 3299 1782 3325 vocant
1806 3295 1845 3326 R.
1874 3311 1912 3317 —

178 3340 328 3382 idemque
354 3340 394 3373 B.
422 3354 463 3362 —
490 3338 546 3372 39.
571 3337 628 3379 At]
655 3338 709 3370 Aa
734 3339 778 3372 R.
805 3357 848 3364 —-
872 3339 930 3372 40.
957 3341 1042 3380 quia
1065 3339 1105 3370 B.
1132 3354 1175 3362 -
1198 3339 1287 3372 sicut
1308 3339 1462 3380 propria
1483 3340 1625 3374 seclusit
1645 3341 1795 3374 Ellendt.
