2117 3762
802 247 902 286 LlB.
940 247 971 287 Ι.
1034 247 1078 288 C.
1113 250 1179 291 33.
1210 251 1277 291 31.
1839 262 1915 301 199

166 353 254 400 illa,
296 367 400 407 quae
432 352 639 401 dicantur,
682 351 830 393 similia
860 354 1106 405 scriptorum
1139 369 1228 397 essc-
1261 358 1493 408 xidcantum
1539 363 1660 415 atque
1692 363 1834 410 ctiam,
1881 366 1915 406 si

165 417 328 472 quando
360 416 402 457 in
440 414 612 457 dicendo
650 415 849 469 scriptum
889 415 1069 456 attulerit
1107 417 1283 472 aliquid,
1336 435 1427 462 cum
1473 423 1524 462 ab
1567 436 1616 462 eo
1657 421 1912 475 discesserit,

164 478 323 533 reliqua
354 478 498 520 similis
529 478 663 520 oratio
686 482 976 530 consequetur.
1039 481 1130 520 153.
1167 483 1212 521 [t
1235 482 1436 523 concitato
1460 485 1647 538 navigio,
1680 500 1772 528 cum
1795 489 1916 530 remi-

163 555 234 595 ges
277 542 567 587 inhibuerunt,
617 539 768 580 retinet
814 545 951 580 tamen
997 541 1084 596 ipsa
1124 543 1240 583 navis
1283 552 1440 586 motum
1480 553 1520 588 et
1556 560 1722 589 cursum
1766 563 1912 599 suum,

161 604 394 646 intermisso
436 603 591 658 impetu
630 602 837 656 pulsuque
879 616 1107 645 remorum:
1160 604 1216 645 sic
1257 607 1297 647 in
1336 607 1523 650 oratione
1553 616 1774 664 perpetua,
1823 625 1946 656 cums

162 666 312 722 scripta
344 664 558 711 deliciunt,
590 676 732 716 parem
765 670 900 706 tamen
932 664 1090 707 obtinet
1120 668 1252 708 oratio
1286 671 1443 725 reliqua
1473 685 1636 713 cursum
1667 675 1914 729 scriptorum

161 727 426 770 similitudine
458 733 498 767 et
528 725 567 767 vi
598 726 814 766 concitata.
876 729 1067 768 xxxiv,
1120 731 1212 770 154.
1256 732 1302 771 ln
1342 732 1589 786 quotidianis
1631 742 1768 778 autem
1805 752 1916 779 com-

160 790 481 833 mentationibus
525 787 720 843 equidem
765 788 862 829 milii
908 789 1236 832 adolescentulus
1282 806 1517 847 proponere
1569 797 1754 839 solebam
1800 799 1912 841 illam

161 852 498 895 exercitationem
544 851 743 898 maxime,
798 865 876 906 qua
919 854 960 894 C.
994 853 1247 900 Carbonem,
1299 862 1483 898 nostrum
1523 858 1639 902 illum
1679 862 1913 911 inimicum,

162 916 326 957 solitum
359 927 449 955 esse
479 914 538 953 uti
568 913 772 962 sciebam,
814 920 858 954 ut
886 921 956 956 aut
986 915 1174 957 versibus
1205 917 1429 971 propositis
1460 934 1582 975 quam
1614 924 1793 965 maxime
1825 939 1963 979 gra-io

159 979 276 1019 vibus
305 982 375 1018 aut
405 978 591 1018 oratione
624 976 762 1030 aliqua
791 976 896 1018 lecta
935 976 985 1018 ad
1020 991 1112 1019 eum
1152 977 1296 1025 finem,
1346 994 1470 1034 quem
1511 987 1710 1027 memoria
1749 1001 1913 1042 possem

157 1038 533 1094 comprehendere,
566 1052 656 1079 eam
688 1053 774 1079 rem
805 1040 961 1094 ipsam,
995 1054 1118 1094 quam
1148 1040 1358 1094 legissem,
1392 1046 1526 1085 verbis
1557 1046 1646 1088 aliis
1678 1063 1800 1103 quam
1830 1065 1914 1093 ma-

155 1105 265 1144 xime
304 1115 469 1156 possem
510 1101 625 1141 lectis
671 1101 998 1153 pronuntiarem.
1063 1105 1142 1144 Sed
1179 1110 1273 1157 post
1314 1106 1582 1150 animadverti
1626 1111 1708 1152 hoc
1752 1127 1840 1154 esse
1871 1115 1912 1155 in

155 1164 234 1206 hoc
265 1165 374 1213 vitii,
418 1165 529 1218 quod
560 1177 607 1204 ca
637 1161 790 1211 verba,
844 1177 949 1217 quae
980 1164 1160 1206 maxime
1191 1167 1390 1222 cuiusque
1421 1170 1482 1209 rei
1512 1173 1684 1227 propria
1719 1188 1910 1230 quaeque

156 1234 293 1269 essent
322 1227 582 1270 ornatissima
612 1230 734 1280 atque
768 1224 939 1280 optima,
974 1236 1215 1282 occupasset
1244 1235 1313 1270 aut
1343 1233 1521 1280 Ennius,
1555 1233 1588 1274 si
1619 1234 1670 1275 ad
1701 1237 1788 1278 eius
1820 1252 1958 1280 ver-15

154 1305 223 1334 sus
253 1304 320 1332 me
348 1303 612 1335 exercerem,
660 1294 728 1329 aut
759 1290 990 1337 Gracchus,
1040 1292 1074 1331 si
1105 1292 1193 1333 eius
1225 1292 1455 1334 orationem
1484 1294 1586 1336 mihi
1615 1297 1721 1339 forte
1759 1311 1912 1355 propo-

153 1355 351 1396 suissem:
402 1354 480 1400 ita,
526 1351 561 1392 si
590 1350 737 1392 iisdem
767 1349 905 1392 verbis
938 1357 1099 1401 uterer,
1148 1354 1251 1395 nihil
1292 1354 1512 1410 prodesse;
1562 1358 1595 1398 si
1627 1357 1740 1408 aliis,
1788 1361 1908 1404 etiam

154 1415 322 1463 obesse,
354 1428 447 1457 cum
478 1413 611 1455 minus
641 1413 803 1454 idoneis
833 1413 893 1456 uti
924 1427 1258 1458 consuescerem.
1323 1420 1412 1459 155.
1444 1420 1592 1461 Postea
1614 1421 1716 1463 mihi
1737 1424 1905 1478 placuit,

153 1492 288 1533 eoque
318 1492 408 1520 sum
439 1491 537 1518 usus
568 1475 829 1523 adolescem,
872 1482 917 1517 ut
945 1491 1203 1519 summorum
1235 1486 1447 1521 oratorum
1480 1482 1654 1524 Graecas
1695 1484 1906 1528 orationes

153 1541 418 1595 explicarem.
478 1540 638 1589 Quibus
667 1538 784 1580 lectis
812 1541 892 1580 hoc
923 1540 1197 1594 assequebar,
1237 1547 1299 1588 ut,
1346 1557 1438 1583 cum
1470 1557 1538 1593 ea,
1588 1559 1693 1600 quae
1726 1548 1905 1601 legeram
1920 1566 1956 1591 20

154 1606 329 1650 Graece,
377 1602 522 1644 Latine
560 1602 805 1649 redderem,
855 1615 939 1643 non
980 1604 1114 1644 solum
1155 1603 1320 1659 optimis
1361 1606 1500 1647 verbis
1531 1612 1671 1649 uterer
1701 1615 1741 1649 et
1770 1615 1906 1651 tamen

151 1667 333 1714 usitatis,
384 1664 458 1707 sed
501 1663 623 1705 etiam
666 1664 946 1718 exprimerem
988 1667 1192 1721 quaedam
1232 1669 1360 1708 verba
1388 1666 1611 1719 imitando,
1662 1685 1767 1725 quae
1798 1686 1905 1713 nova

151 1729 302 1769 nostris
333 1732 491 1775 essent,
541 1724 766 1767 dummodo
806 1731 942 1767 essent
971 1726 1137 1768 idonea.
1202 1730 1295 1770 156.
1339 1731 1425 1771 Iam
1455 1731 1569 1773 vocis
1600 1738 1639 1774 et
1667 1734 1834 1787 spiritus
1865 1739 1905 1775 et

151 1792 278 1832 totius
320 1791 508 1844 corporis
545 1796 584 1830 et
619 1788 749 1843 ipsius
789 1789 952 1842 linguae
994 1796 1129 1832 motus
1160 1796 1201 1832 et
1229 1792 1547 1835 exercitationes
1577 1808 1660 1835 non
1690 1801 1774 1837 tam
1804 1796 1903 1838 artis

148 1851 337 1907 indigent
379 1865 502 1908 quam
547 1849 722 1902 laboris3
772 1850 922 1907 quibus
959 1851 1002 1893 in
1038 1854 1164 1894 rebus
1203 1856 1390 1896 habenda
1430 1862 1491 1897 est
1521 1859 1627 1899 ratio
1660 1857 1950 1913 diligenter‚25

149 1928 253 1971 quos
284 1915 516 1961 imitemur,
561 1927 740 1967 quorum
771 1914 925 1955 similes
955 1913 1129 1956 velimus
1160 1930 1266 1957 esse.
1328 1919 1519 1960 Intuendi
1549 1922 1667 1962 nobis
1697 1927 1791 1962 sunt
1819 1936 1903 1963 non

149 1979 285 2019 solum
326 1983 512 2019 oratores
553 1975 627 2017 sed
672 1978 795 2017 etiam
835 1983 1019 2026 actores,
1071 1991 1122 2019 ne
1153 1979 1261 2020 mala
1298 1981 1595 2023 consuetudine
1633 1981 1685 2024 ad
1723 1983 1902 2039 aliquam

149 2039 455 2082 deformitatem
486 2038 815 2094 pravitatemque
845 2039 1071 2084 veniamus.
1133 2043 1227 2083 157.
1274 2044 1516 2084 Exercenda
1557 2050 1618 2085 est
1655 2045 1776 2086 etiam
1817 2059 1902 2086 me-

148 2103 283 2144 moria
313 2101 543 2144 ediscendis
574 2100 626 2142 ad
656 2100 829 2143 verbum
860 2116 984 2157 quam
1014 2103 1203 2158 plurimis
1234 2110 1274 2145 et
1303 2107 1453 2147 nostris
1484 2106 1645 2160 scriptis
1677 2113 1717 2148 et
1737 2107 1897 2149 alienis.

147 2167 282 2220 Atque
313 2166 354 2206 in
385 2178 433 2206 ea
463 2163 758 2206 exercitatione
789 2178 872 2206 non
903 2178 1001 2206 sane
1032 2165 1134 2207 mihi
1164 2165 1377 2221 displicet,
1411 2168 1610 2211 adhibere
1631 2169 1665 2210 si
1687 2172 1898 2212 consueris
1914 2188 1948 2213 30

149 2226 272 2268 etiam
300 2228 419 2268 istam
449 2226 636 2268 locorum
666 2227 1066 2283 simulacrorumque
1096 2230 1327 2278 rationem,
1377 2245 1482 2287 quae
1519 2233 1562 2272 in
1592 2237 1679 2273 arte
1709 2235 1896 2274 traditur.

147 2288 370 2331 Educenda
409 2288 558 2330 deinde
599 2289 725 2331 dictio
758 2295 820 2331 est
851 2303 904 2332 ex
932 2293 1009 2332 hac
1040 2292 1265 2333 domestica
1298 2295 1592 2336 exercitatione
1624 2300 1664 2336 et
1692 2295 1900 2337 umbratili

148 2351 330 2394 medium
359 2351 402 2393 in
432 2365 604 2405 agmen,
638 2354 678 2392 in
708 2354 951 2407 pulverem,
983 2352 1028 2394 in
1058 2355 1306 2403 clamorem,
1337 2355 1378 2397 in
1410 2363 1541 2398 castra
1561 2364 1682 2414 atque
1703 2359 1746 2398 in
1768 2358 1897 2399 aciem

147 2413 381 2464 forensem3
415 2412 654 2455 subeundus
684 2429 782 2456 usus
813 2415 998 2456 omnium
1030 2421 1070 2457 et
1098 2417 1395 2471 periclitandae
1425 2419 1536 2461 vires
1561 2420 1737 2473 ingenii3
1771 2426 1811 2461 et
1831 2420 1897 2460 illa

148 2476 441 2518 commentatio
486 2477 642 2519 inclusa
682 2478 725 2517 in
763 2477 946 2519 veritatis
987 2478 1123 2520 lucem
1166 2480 1414 2536 proferenda
1455 2488 1527 2527 est.
1588 2485 1680 2524 158.
1715 2483 1894 2537 Legendi
1910 2497 1944 2523 35

148 2538 269 2581 etiam
298 2545 469 2595 poetae,
511 2541 821 2593 cognoscendae
849 2542 1068 2590 historiae,
1116 2544 1302 2584 omnium
1333 2542 1536 2586 bonarum
1572 2545 1721 2586 artium
1756 2545 1896 2586 docto-

148 2616 214 2642 res
244 2607 367 2657 atque
396 2603 619 2657 scriptores
650 2601 814 2656 legendi
854 2609 894 2644 et
927 2605 1221 2659 pervolutandi
1253 2611 1293 2647 et
1323 2607 1629 2650 exercitationis
1660 2622 1781 2649 causa
1811 2608 1896 2649 lau-

149 2662 295 2713 dandi,
327 2664 649 2719 interpretandi,
683 2665 940 2720 corrigendi,
972 2667 1259 2723 vituperandi,
1302 2668 1537 2721 refellendi3
1584 2669 1896 2724 disputandum-

149 2739 228 2781 que
259 2725 310 2768 de
339 2728 451 2769 omni
479 2741 526 2769 re
556 2727 600 2770 in
631 2729 858 2769 contrarias
887 2734 1025 2783 partes
1071 2735 1134 2780 et,
1186 2732 1386 2787 quidquid
1428 2732 1507 2774 erit
1541 2734 1583 2774 in
1619 2747 1781 2788 quaque
1822 2747 1891 2783 re,

240 2866 273 2898 3.
299 2867 447 2899 incitato
471 2868 514 2900 R.
543 2886 581 2892 —
608 2869 644 2901 4.
672 2869 903 2901 adhibuerunt
927 2870 978 2904 Β,
1005 2871 1248 2904 sustinuerunt
1271 2872 1473 2906 Lambinus,
1504 2891 1540 2896 —
1575 2873 1610 2905 7.
1638 2875 1896 2906 commentatio-

148 2913 272 2952 nibus,
312 2922 402 2950 quae
428 2914 510 2946 olim
535 2915 683 2948 Manutii
712 2917 900 2956 putabatur
924 2918 1146 2956 emendatio,
1174 2920 1313 2952 tandem
1347 2922 1380 2951 in
1413 2920 1473 2960 Lg.
1501 2920 1555 2950 16.
1583 2919 1640 2951 23.
1666 2920 1724 2951 70.
1752 2920 1807 2952 73.
1835 2920 1892 2954 86.

148 2961 304 3000 repperit
327 2960 376 2991 T:
416 2962 661 2995 condiconibus
688 2971 766 2995 cum
793 2964 852 2995 lin.
880 2971 986 3001 super
1011 2964 1076 2995 litt.
1104 2973 1141 2997 co
1168 2974 1246 2998 mea
1287 2976 1325 2998 ex
1353 2966 1535 2997 collatione
1561 2965 1587 2996 B
1604 2989 1612 3001 ,
1654 2967 1895 3000 concitationi-

147 3008 210 3040 bus
236 3007 287 3041 R.
327 3007 597 3047 cogitationibus
631 3010 672 3041 E.
713 3026 750 3032 —
796 3010 851 3042 13.
885 3010 922 3041 in
947 3010 1009 3042 hoc
1035 3019 1103 3042 om.
1129 3011 1171 3043 Β.
1199 3029 1241 3034 -
1282 3014 1337 3045 16.
1362 3014 1550 3052 posuissem
1575 3012 1601 3042 B
1626 3013 1754 3053 aliique
1783 3013 1892 3047 Codd.

149 3053 249 3094 prob.
277 3053 494 3094 lleusingero
522 3059 556 3087 et
581 3064 620 3088 ex
645 3060 742 3095 parte
770 3056 953 3089 Ellendtio.
983 3073 1024 3079 -—
1051 3057 1108 3089 17.
1134 3058 1265 3090 hisdem
1290 3060 1330 3091 Β.
1363 3075 1397 3081 —
1436 3059 1492 3089 ⁴20.
1521 3058 1670 3098 leyen-am
1695 3059 1804 3092 Codd.
1833 3062 1892 3100 ³1.,

148 3102 200 3133 R:
230 3100 372 3141 leqerem
398 3100 438 3130 E.
467 3099 530 3140 (Ex
555 3101 581 3132 B
607 3103 694 3134 nibil
720 3102 890 3145 notatur.)
917 3120 954 3127 —
984 3103 1040 3135 31.
1067 3105 1173 3136 etiam
1198 3114 1266 3137 om.
1295 3106 1334 3136 B.
1365 3122 1401 3128 -
1441 3105 1497 3136 33.
1526 3109 1626 3147 atque
1651 3108 1758 3139 aciem
1782 3107 1823 3140 R.
1852 3126 1894 3131 —

149 3147 207 3179 34.
236 3155 319 3179 usus
343 3147 520 3178 hominum
544 3148 604 3188 Lg.
632 3149 665 3180 2.
693 3149 775 3189 86.,
818 3152 912 3182 visus
938 3152 1090 3182 omnium
1115 3150 1224 3183 Iulius
1251 3152 1370 3183 Victor
1395 3160 1426 3190 p.
1455 3151 1558 3190 119.,
1594 3153 1687 3185 visus
1718 3154 1895 3186 hominum

149 3193 301 3234 Madvig.
340 3193 393 3224 An
420 3196 540 3235 gustus
565 3196 752 3227 omnium?
794 3196 1085 3229 «Periclitandum
1113 3202 1188 3235 est,
1231 3197 1405 3238 quomodo
1432 3206 1552 3231 omnes
1577 3208 1638 3231 nos
1664 3200 1811 3240 probent
1835 3204 1894 3233 aut

151 3240 447 3279 reprehendant.»
487 3239 554 3271 On.
596 3256 636 3263 —
677 3241 734 3274 36.
762 3243 1016 3284 cognoscendae
1040 3244 1206 3275 historiae
1232 3244 1340 3276 Codd.
1373 3244 1442 3276 ah:
1487 3247 1722 3286 coqnoscenda
1746 3248 1894 3278 historia

149 3286 255 3318 BRE.
284 3286 368 3322 (cfr.
396 3284 432 3326 ἕ.
461 3284 556 3326 187.)
578 3303 615 3310 —
643 3288 798 3321 doctores
824 3293 926 3331 atque
943 3291 1125 3330 scriptores
1143 3289 1252 3322 Codd.
1273 3290 1452 3323 meliores:
1479 3294 1664 3332 scriptores
1681 3303 1720 3325 ac
1738 3293 1893 3325 doctores

152 3333 256 3365 BRE.
290 3350 323 3356 -
352 3333 409 3366 37.
438 3332 574 3376 legendi
599 3332 710 3367 Codd.
737 3335 807 3367 ³1.:
835 3338 866 3368 et
889 3336 1022 3378 leyendi
1046 3335 1126 3375 RE,
1153 3340 1184 3369 et
1204 3337 1402 3379 perteyendi
1418 3337 1459 3372 Β.
1479 3355 1521 3364 —-
1546 3338 1603 3373 39.
1631 3348 1832 3383 quacunque
1848 3339 1889 3374 R.
