2117 3762
717 257 814 296 LlB.
848 255 878 296 I.
939 256 981 296 C.
1019 254 1081 296 1⁷».
1120 257 1182 297 15.
1221 258 1284 298 16.
1817 263 1868 303 97

127 360 418 403 iudicationem
444 366 604 415 oportet
625 366 863 411 argumenta
889 360 1086 407 inveniri.
1121 361 1338 414 diligenter
1363 367 1483 403 erunt
1502 360 1671 404 artifieio
1693 373 1867 419 reperta.

126 438 224 465 eura
257 432 297 464 et
322 424 569 478 cogitatione
591 429 854 478 pertractata,
888 429 971 463 tum
995 423 1170 480 denique
1198 424 1446 466 ordinandae
1477 432 1569 466 sunt
1590 433 1749 468 ceterae
1779 443 1871 483 par-

126 492 187 527 tes
223 486 436 527 orationis.
498 488 578 526 Eae
617 493 751 539 partes
793 499 863 525 sex
899 499 987 525 esse
1021 487 1186 527 omnino
1224 487 1341 528 nobis
1375 487 1584 530 videntur:
1632 489 1869 538 exordium,

126 549 332 597 narratio,
375 547 564 604 partitio,
607 546 887 593 confirmatio,
929 551 1218 603 reprehensio,
1252 550 1473 593 conclusio.
1534 553 1647 593 Nunc
1678 553 1870 605 quoniam

127 611 345 652 exordium
378 610 568 665 princeps
598 612 780 650 onmium
813 624 900 650 esse
932 610 1074 659 debet,
1109 625 1183 652 nos
1214 626 1378 667 quoque
1410 613 1586 668 primum
1608 614 1649 655 in
1669 614 1899 656 rationems

127 672 370 715 exordiendi
403 677 618 727 praecepta
652 671 852 716 dabimus,

196 762 199 772 .
238 736 327 775 XV.
374 737 439 775 20.
486 733 712 775 Exordium
755 741 814 774 est
851 737 984 776 oratio
1015 735 1194 776 animum
1225 736 1425 778 auditoris
1456 737 1602 780 idonee
1633 752 1872 794 comparans

126 799 176 838 ad
219 797 417 851 reliquam
457 795 705 845 dictionem;
756 797 866 852 quod
911 800 1096 846 eveniet,
1150 800 1182 838 si
1219 813 1312 840 eum
1351 802 1615 849 benevolum,
1664 808 1872 851 attentum,

126 859 299 901 docilem
321 858 560 900 confecerit.
624 864 761 908 Quare
794 860 862 915 qui
895 859 998 902 bene
1029 860 1210 901 exordiri
1242 874 1403 903 causam
1424 864 1557 911 volet,
1592 877 1684 905 eum
1706 878 1872 907 necesse

126 928 187 964 est
226 935 355 976 genus
397 935 495 962 suae
540 935 685 962 causae
731 921 948 975 diligenter
987 929 1079 964 ante
1118 936 1383 975 cognoscere.
1462 927 1619 966 Genera
1658 940 1871 969 causarum
1888 941 1922 966 ιο

126 984 307 1039 quinque
338 990 461 1025 sunt:
496 986 739 1032 honestum,
773 984 1038 1033 admirabile,
1079 984 1254 1033 humile,
1287 999 1459 1041 anceps,
1498 986 1730 1031 obscurum.
1790 993 1875 1033 110-

125 1054 287 1088 nestum
321 1060 468 1088 causae
500 1061 627 1100 genus
660 1054 741 1095 est,
773 1047 838 1088 cui
869 1049 1002 1088 statim
1035 1048 1122 1088 sine
1152 1047 1338 1089 oratione
1369 1055 1508 1090 nostra
1539 1051 1737 1094 auditoris
1768 1053 1877 1095 favet

125 1109 313 1159 animus;
361 1109 625 1157 admirabile,
674 1126 696 1152 a
736 1125 818 1165 quo
853 1117 914 1153 est
952 1110 1149 1152 alienatus
1179 1110 1337 1152 animus
1374 1125 1548 1161 eorum,
1597 1115 1666 1170 qui
1697 1115 1877 1157 audituri

125 1179 240 1221 sunt;
288 1172 463 1221 humile,
513 1173 624 1228 quod
663 1173 883 1228 negligitur
922 1172 973 1214 ab
1013 1174 1199 1214 auditore
1230 1179 1270 1214 et
1300 1187 1381 1215 non
1412 1188 1559 1229 magno
1591 1190 1716 1231 opere
1748 1185 1876 1219 atten-

125 1234 304 1276 dendum
345 1235 526 1283 videtum
575 1249 742 1291 anceps,
790 1236 831 1277 in
869 1249 950 1290 quo
989 1241 1058 1276 aut
1096 1234 1289 1276 iudicatio
1329 1235 1452 1278 dubia
1491 1245 1551 1279 est
1589 1246 1656 1279 aut
1685 1253 1805 1281 causa
1836 1246 1924 1282 et15

127 1298 351 1339 honestatis
383 1305 422 1338 et
452 1297 716 1353 turpitudinis
747 1298 973 1353 particeps,
1018 1302 1064 1338 ut
1093 1303 1133 1337 et
1163 1296 1489 1341 benevolentiam
1520 1301 1650 1355 pariat
1679 1309 1718 1344 et
1748 1302 1877 1344 ol'l'en-

126 1363 307 1409 sionem;
353 1362 597 1408 obscurum,
644 1360 685 1401 in
730 1374 813 1415 quo
852 1366 921 1402 aut
959 1359 1066 1401 tardi
1106 1359 1318 1402 auditores
1355 1368 1448 1403 sunt
1478 1371 1546 1405 aut
1577 1364 1876 1407 difficilioribus

125 1421 176 1464 ad
220 1424 551 1477 cognoscendum
596 1423 771 1477 negotiis
817 1436 938 1464 causa
975 1421 1180 1477 implicata
1224 1428 1297 1463 est.
1370 1425 1508 1473 Quare
1562 1429 1755 1481 quoniam
1794 1434 1877 1469 tam

125 1484 288 1526 diversa
328 1492 422 1526 sunt
459 1498 610 1539 genera
640 1499 881 1532 causarum,
921 1483 1107 1526 exordiri
1138 1498 1304 1539 quoque
1336 1486 1488 1541 dispari
1516 1489 1674 1531 ratione
1713 1490 1755 1531 in
1794 1503 1877 1531 uno

126 1560 292 1602 quoque
333 1560 483 1602 genere
522 1562 690 1589 necesse
729 1554 804 1589 est.
873 1548 1003 1602 Igitur
1041 1547 1257 1588 exordium
1297 1549 1338 1589 in
1368 1548 1468 1590 duas
1497 1558 1634 1605 partes
1665 1551 1874 1600 dividitur,
1893 1568 1928 1593 20

126 1611 167 1650 in
198 1609 448 1664 principium
480 1616 519 1651 et
550 1611 882 1653 insinuationem.
940 1609 1190 1664 Principium
1221 1616 1282 1650 est
1312 1611 1444 1653 oratio
1475 1613 1691 1669 perspicue
1722 1621 1762 1655 et
1783 1628 1880 1667 pro-

128 1672 237 1713 tinus
267 1672 488 1713 conficiens
518 1673 751 1715 auditorem
790 1673 1037 1714 benevolum
1077 1677 1146 1712 aut
1186 1672 1361 1714 docilem
1400 1680 1470 1715 aut
1507 1681 1718 1718 attentum.
1778 1677 1880 1718 Insi-

126 1734 267 1776 nuatio
304 1742 375 1776 est
413 1736 546 1777 oratio
587 1736 762 1791 quadam
803 1735 1126 1778 dissimulatione
1166 1740 1205 1776 et
1235 1735 1478 1778 circuitione
1509 1741 1683 1781 obscure
1714 1738 1879 1781 subiens

129 1796 330 1837 auditoris
361 1797 557 1841 animum.

238 1861 305 1902 21.
352 1860 399 1899 In
438 1858 670 1900 admirabili
709 1873 861 1914 genere
901 1873 1069 1907 causae,
1110 1859 1145 1901 si
1184 1874 1265 1901 non
1308 1862 1476 1903 omnino
1506 1863 1643 1905 infesti
1672 1863 1929 1908 auditores25

126 1926 268 1968 erunt,
298 1920 503 1976 principio
534 1920 864 1964 benevolentiam
896 1935 1137 1978 comparare
1168 1922 1320 1964 licebit.
1383 1925 1453 1967 Sin
1477 1932 1597 1967 erunt
1618 1929 1883 1968 vehementer

126 1983 372 2030 abalienati,
418 1984 640 2038 confugere
680 1998 849 2025 necesse
890 1985 968 2026 erit
997 1987 1049 2026 ad
1078 1985 1413 2028 insinuationem.
1487 1990 1589 2029 Nam
1620 1991 1670 2030 ab
1702 1991 1816 2030 iratis
1848 1990 1883 2029 si

127 2046 344 2101 perspicue
382 2059 466 2100 pax
511 2052 552 2087 et
594 2048 886 2088 benevolentia
926 2049 1109 2101 petitur,
1156 2061 1240 2089 non
1277 2051 1403 2091 modo
1445 2064 1492 2091 ea
1528 2065 1611 2093 non
1647 2053 1879 2102 invenitur,

128 2110 199 2149 sed
229 2113 400 2161 augetur
429 2113 552 2164 atque
584 2110 862 2151 inflammatur
891 2112 1048 2151 odium.
1119 2112 1166 2151 In
1204 2111 1350 2152 humili
1381 2118 1518 2154 autem
1551 2128 1703 2167 genere
1735 2130 1881 2157 causae

129 2171 451 2224 contemptionis
489 2172 696 2214 tollendae
734 2186 856 2215 causa
893 2186 1063 2214 necesse
1102 2174 1180 2213 erit
1207 2179 1406 2214 attentum
1438 2174 1603 2217 efficere
1633 2178 1876 2219 auditorem.
1895 2194 1929 2220 30

127 2237 289 2287 Anceps
319 2247 449 2288 genus
480 2249 650 2284 causae,
692 2235 727 2278 si
757 2236 924 2276 dubiam
955 2236 1251 2276 iudicationem
1280 2238 1478 2286 habebit,
1525 2240 1575 2281 ab
1606 2238 1697 2292 ipsa
1726 2241 1881 2281 iudica-

127 2296 241 2337 tione
263 2295 562 2339 exordiendum
593 2304 668 2340 est.
731 2300 801 2339 Sin
831 2304 969 2340 autem
999 2303 1158 2351 partem
1188 2299 1475 2354 turpitudinis,
1507 2307 1666 2355 partem
1689 2303 1878 2344 honesta-

128 2356 178 2398 tis
216 2356 410 2407 habebit,
461 2360 796 2402 benevolentiam
844 2365 1010 2415 captare
1047 2362 1281 2415 oportebit,
1331 2367 1377 2402 ut
1415 2362 1457 2403 in
1499 2377 1626 2417 genus
1665 2364 1880 2407 honestum

130 2433 254 2461 causa
283 2420 479 2462 translata
508 2423 711 2464 videatur.
775 2423 876 2464 Cum
908 2427 1046 2464 autem
1077 2424 1156 2464 erit
1184 2426 1404 2466 honestum
1436 2439 1584 2468 causae
1616 2441 1766 2481 genus,
1813 2429 1878 2469 vel

127 2485 345 2538 praeteriri
374 2484 624 2541 principium
654 2486 809 2540 poterit
838 2486 902 2526 vel
941 2486 976 2526 si
1005 2486 1269 2528 commodum
1299 2486 1448 2536 suerit,
1494 2495 1563 2529 aut
1592 2503 1615 2530 a
1644 2492 1877 2532 narratione
1892 2505 1927 2531 ³⁵

129 2545 375 2601 incipiemus
405 2553 476 2588 aut
505 2562 528 2589 a
557 2549 649 2602 lege
679 2553 750 2588 aut
778 2549 829 2588 ab
860 2547 996 2602 aliqua
1025 2547 1260 2590 firmissima
1289 2551 1449 2590 ratione
1476 2557 1641 2593 nostrae
1662 2552 1875 2602 dictionis;

130 2609 194 2649 sin
234 2608 296 2650 uti
334 2609 541 2665 principio
581 2612 784 2666 placebit,
831 2610 1144 2652 benevolentiae
1174 2613 1361 2664 partibus
1390 2612 1588 2655 utendum
1619 2619 1700 2661 est,
1744 2620 1788 2653 ut
1817 2616 1874 2662 id,

133 2670 246 2726 quod
287 2677 373 2721 est,
419 2678 634 2727 augeatur.
712 2674 822 2716 XVI.
863 2675 910 2714 In
952 2675 1130 2714 obscuro
1161 2688 1308 2716 causae
1337 2689 1489 2728 genere
1529 2689 1604 2731 per
1633 2676 1878 2731 principium

131 2732 285 2774 dociles
314 2736 524 2777 auditores
554 2734 722 2777 efficere
752 2737 973 2791 oportebit.
1034 2739 1150 2777 Nunc
1169 2768 1179 2785 ,
1221 2739 1440 2791 quoniam,
1479 2753 1579 2792 quas
1610 2752 1673 2779 res
1704 2739 1875 2779 exordio

132 2793 335 2837 conficere
373 2803 584 2852 oporteat,
627 2798 782 2840 dictum
823 2804 910 2847 est,
958 2798 1161 2853 reliquum
1201 2806 1284 2848 est,
1331 2805 1376 2841 ut
1413 2802 1676 2848 ostendatur,
1727 2802 1929 2853 quibuszo

133 2869 321 2912 quaeque
349 2860 576 2902 rationibus
607 2875 673 2902 res
703 2861 851 2902 confici
880 2861 1022 2916 possit.

203 2971 235 3003 1.
261 2976 470 3012 aryumenta
482 2974 632 3005 inveniri
649 2973 790 3006 PART:
816 2974 966 3006 inveniri
986 2979 1191 3016 arqumenta
1212 2976 1250 3006 E.
1272 2993 1313 2999 -
1337 2976 1368 3007 3.
1389 2976 1459 3006 Eae
1474 2974 1583 3006 PAT:
1609 2974 1685 3006 Hae
1710 2975 1816 3007 VRE.
1835 2990 1875 2998 —

132 3017 167 3050 5.
194 3019 330 3050 ratione
356 3018 393 3049 Ρ.
429 3018 552 3052 Graev.
575 3035 617 3044 -
643 3020 676 3052 9.
704 3020 885 3061 confecerit
913 3020 1022 3059 ΡΑΤ,
1053 3021 1147 3053 Ert'.:
1183 3023 1300 3062 fecerit
1334 3022 1436 3054 VRE.
1466 3038 1502 3044 —
1543 3022 1597 3053 11.
1625 3022 1773 3063 quinque
1797 3025 1878 3053 sunt

133 3064 274 3096 PART:
312 3069 391 3096 sunt
424 3067 570 3107 quinque
600 3067 674 3099 VE.
709 3083 748 3090 —
786 3067 842 3099 13.
881 3070 928 3099 est
964 3068 1137 3099 alienatus
1169 3068 1340 3100 VPART:
1375 3068 1551 3098 alienatus
1585 3071 1635 3100 est
1658 3068 1698 3099 Ε.
1739 3085 1775 3091 -
1819 3068 1876 3099 18.

132 3111 314 3151 implicata
339 3111 483 3143 VPAT:
511 3113 680 3153 implicita
703 3114 775 3145 RE.
807 3130 842 3136 —
871 3113 1048 3155 quoniam]
1076 3123 1152 3145 cum
1178 3115 1277 3146 PAT.
1309 3131 1344 3136 —
1376 3114 1430 3145 19.
1456 3115 1525 3145 sint
1549 3114 1588 3145 P.
1618 3131 1654 3137 —
1691 3114 1749 3147 22.
1775 3115 1878 3156 confi-

133 3159 224 3191 ciens
248 3158 308 3190 AT
336 3164 369 3190 et
393 3166 460 3199 mg.
485 3158 531 3189 P:
555 3160 734 3202 perficiens
759 3160 848 3192 PRE
865 3184 874 3198 ,
900 3161 1044 3202 efficiens
1071 3161 1188 3192 Lamb.
1218 3167 1251 3193 et
1278 3161 1436 3193 Ernestio
1463 3164 1603 3193 auctore
1629 3161 1708 3193 Sch.
1738 3179 1779 3183 —
1814 3161 1875 3193 23.

135 3205 282 3238 obscura
307 3205 407 3236 PAT.
438 3219 474 3227 -
517 3205 574 3236 29.
600 3207 658 3238 sed
680 3209 738 3238 ira
762 3212 909 3248 auqecur
931 3223 945 3229 -
970 3223 983 3228 -
1008 3207 1088 3238 odio
1114 3207 1186 3238 Eri.
1215 3207 1337 3240 Graev.
1383 3207 1439 3243 (Ut
1463 3216 1539 3246 nos,
1566 3209 1703 3241 nostri.)
1730 3225 1770 3230 —
1817 3206 1876 3238 32.

133 3255 269 3292 partem
292 3252 373 3282 hon.
401 3250 520 3283 PART
537 3275 546 3289 ,
579 3251 724 3284 Lamb.:
751 3257 782 3286 et
804 3258 942 3293 partem
965 3254 1043 3285 hon.
1070 3254 1110 3284 E.
1150 3270 1188 3276 —-
1231 3253 1287 3286 35.
1314 3254 1366 3285 vel
1390 3252 1433 3293 si]
1461 3258 1493 3286 et
1516 3255 1547 3286 si
1571 3263 1589 3287 e
1615 3254 1724 3286 Codd.
1753 3253 1876 3286 Lamb.

135 3298 215 3330 Sch.
248 3298 305 3337 (Ut
330 3307 413 3336 nos,
447 3296 584 3339 nostri.)
621 3315 659 3322 —
703 3298 759 3330 37.
794 3297 861 3339 sin]
887 3300 938 3331 vel
962 3302 992 3332 si
1017 3309 1035 3332 e
1061 3299 1171 3332 Codd.
1199 3300 1317 3332 Lamb.
1359 3299 1418 3342 (Ut.
1450 3309 1533 3342 nos,
1559 3300 1698 3341 nostri.)
1737 3317 1777 3323 —
1813 3299 1872 3331 241.

136 3345 330 3377 rationibus
353 3353 406 3378 res
432 3345 572 3378 PART:
598 3354 651 3378 res
674 3347 869 3379 rationibus
895 3346 934 3377 E.

212 3410 304 3437 Cicer'o
323 3409 354 3438 Τ.
374 3410 394 3437 1.
1379 3412 1407 3453 7
