2117 3762
777 302 819 342 C.
850 301 915 343 83.
945 303 1013 344 84.
1047 304 1115 345 85.
1739 308 1817 348 393

65 407 297 463 Thucydidi
342 407 465 450 nimis
508 413 690 449 veterem
740 411 947 462 tamquam
994 409 1229 451 Anicianam
1280 414 1419 451 notam
1469 410 1814 465 persequendam.

65 473 156 526 Ipse
189 472 297 512 enim
329 469 591 525 Thucydides
620 471 654 510 si
686 469 890 522 posterius
922 470 1088 519 suisset,
1121 472 1251 513 multo
1282 473 1481 514 maturior
1510 471 1655 514 suisset
1686 479 1726 513 ct
1747 476 1820 514 mi-

64 535 158 576 tior.
197 557 251 565 —
296 534 519 575 LXXXIV.
549 533 644 573 289.
686 534 1007 574 Demosthenem
1040 534 1164 587 igitur
1194 535 1418 577 imitemur.
1453 558 1506 564 —
1553 536 1587 576 O
1619 534 1659 576 di
1690 534 1816 577 boni!

63 595 184 652 quid.
232 608 412 652 quaeso,
458 607 534 636 nos
569 593 680 635 aliud
719 595 879 647 agimus
919 602 988 637 aut
1025 597 1123 652 quid
1161 598 1272 639 aliud
1309 601 1528 652 optamus?
1559 622 1606 628 -
1654 599 1707 638 At
1737 611 1818 639 non

63 661 339 716 assequimur.
371 680 427 689 —
456 656 527 698 Isti
557 657 665 697 enim
696 657 889 700 videlicet
918 660 1038 700 Attici
1070 662 1224 709 nostri,
1258 659 1368 714 quod
1397 661 1561 709 volunt,
1594 673 1852 714 assequun-s

62 728 144 764 tur.
206 724 265 762 Ne
304 720 404 762 illud
443 719 610 774 quidem
654 719 908 774 intelligunt,
957 735 1040 763 non
1085 725 1211 764 modo
1251 723 1307 764 ita
1344 722 1571 764 memoriae
1610 723 1820 778 proditum

63 797 176 834 esse,
216 785 289 826 sed
318 783 374 824 ita
402 794 571 823 necesse
603 780 753 830 suisse,
799 796 891 824 cum
923 786 1225 827 Demosthenes
1255 785 1438 826 dicturus
1472 790 1601 831 esset,
1647 790 1693 825 ut
1724 798 1823 826 con-

64 860 208 889 cursus
237 845 428 888 audiendi
460 858 582 885 causa
614 859 665 886 cx
696 851 779 886 tota
812 847 982 887 Graecia
1012 846 1170 889 tierent.
1228 851 1279 889 At
1310 862 1402 889 cum
1430 848 1495 888 isti
1516 846 1639 888 Attici
1661 848 1820 895 dicunt,

62 922 147 951 non
177 907 302 949 modo
333 921 358 948 a
387 920 560 953 corona,
592 909 703 962 quod
734 913 796 948 est
824 909 957 963 ipsum
989 909 1247 958 miserabile,
1278 909 1350 951 sed
1378 911 1498 951 ctiam
1532 912 1582 950 ab
1613 908 1822 950 advocatis

62 971 368 1025 relinquuntur.
431 971 569 1019 Quare
591 971 623 1010 si
647 976 818 1023 anguste
841 976 881 1011 et
902 971 1064 1012 exiliter
1087 974 1225 1013 dicere
1249 977 1310 1012 est
1329 973 1556 1012 Atticorum
1573 1003 1582 1019 ‚
1615 973 1695 1012 sint
1723 984 1872 1012 saneao

62 1032 206 1081 Attici3
254 1031 398 1073 sedin
430 1032 642 1073 comitium
673 1033 861 1080 veniant,
904 1033 953 1074 ad
984 1039 1158 1075 stantem
1196 1035 1373 1075 iudicem
1418 1034 1575 1075 dicant:
1626 1032 1822 1075 subsellia

61 1096 326 1150 grandiorem
358 1101 398 1136 et
427 1095 656 1150 pleniorem
688 1109 833 1136 vocem
866 1096 1115 1136 desiderant.
1173 1098 1270 1137 290.
1303 1098 1408 1138 Volo
1433 1096 1511 1137 hoc
1541 1095 1694 1137 oratori
1725 1109 1823 1136 con-

60 1159 210 1212 tingat,
240 1162 298 1204 ut,
330 1171 422 1198 cum
453 1158 635 1198 auditum
667 1158 718 1199 sit
749 1170 842 1197 eum
874 1170 963 1197 esse
995 1159 1222 1206 dicturum,
1253 1158 1368 1200 locus
1390 1161 1430 1200 in
1463 1158 1666 1200 subselliis
1698 1172 1821 1199 occu-

59 1225 202 1276 petur,
248 1219 511 1272 compleatur
548 1220 749 1265 tribunal,
797 1219 964 1273 gratiosi
1007 1220 1168 1262 scribae
1207 1220 1287 1262 sint
1326 1222 1367 1261 in
1399 1220 1533 1262 dando
1565 1227 1605 1262 et
1635 1222 1821 1262 cedendo

59 1281 178 1330 loeo,
213 1295 369 1324 corona
399 1281 636 1338 multiplex,
669 1282 795 1323 iudex
826 1288 1014 1333 erectus3
1048 1297 1141 1324 cum
1172 1289 1314 1337 surgat
1342 1285 1400 1332 is,
1434 1283 1503 1339 qui
1535 1283 1722 1325 dicturus
1752 1282 1818 1332 sit,
1835 1295 1871 1321 15

59 1342 316 1398 significetur
345 1359 368 1385 a
392 1358 545 1386 corona
572 1344 776 1386 silentium
793 1376 803 1393 ,
837 1343 987 1386 deinde
1008 1348 1179 1387 crebrae
1201 1347 1484 1394 assensiones,
1517 1346 1668 1387 multae
1692 1344 1822 1387 admi-

59 1406 263 1456 rationes;
296 1406 421 1454 risus,
454 1421 546 1448 cum
581 1405 702 1454 velit,
736 1419 828 1448 cum
861 1409 985 1456 velit,
1020 1407 1158 1449 ssetus:
1193 1413 1257 1455 ut,
1290 1408 1361 1463 qui
1382 1410 1485 1449 haec
1504 1407 1650 1461 procul
1672 1408 1822 1455 videat,

60 1469 244 1517 etiamsi,
293 1468 388 1524 quid
422 1475 587 1523 agatur,
620 1468 799 1515 nesciat,
832 1475 872 1510 at
896 1469 1059 1523 placere
1092 1476 1229 1512 tamen
1253 1477 1294 1512 et
1314 1472 1355 1512 in
1375 1484 1496 1512 scena
1518 1484 1607 1512 esse
1628 1470 1824 1511 Roscium

59 1531 273 1586 intelligat.
335 1533 447 1572 Haec
479 1531 545 1572 cui
577 1530 832 1584 contingant,
879 1546 972 1573 eum
1003 1533 1106 1574 scito
1135 1534 1266 1574 Attice
1298 1534 1460 1582 dicere,
1507 1539 1553 1573 ut
1582 1534 1633 1574 de
1663 1531 1824 1573 Pericle

60 1593 275 1642 audimus,
308 1600 352 1634 ut
383 1596 434 1635 de
464 1595 700 1649 Hyperide,
733 1599 778 1635 ut
807 1593 857 1635 de
887 1594 1115 1643 Aeschine,
1149 1595 1201 1637 de
1232 1597 1323 1650 ipso
1353 1595 1519 1652 quidem
1542 1596 1822 1637 Demosthene
1836 1607 1873 1633 20

59 1656 254 1698 maxime.
314 1658 411 1698 291.
441 1658 512 1698 Sin
543 1662 679 1697 autem
712 1661 902 1706 acutum,
934 1659 1118 1712 prudens
1152 1664 1193 1699 et
1222 1657 1331 1699 idem
1354 1661 1561 1699 sincerum
1582 1662 1623 1699 et
1642 1655 1824 1699 solidum

61 1726 101 1761 et
131 1720 382 1761 exsiccatum
412 1733 541 1773 genus
573 1720 773 1760 orationis
802 1721 982 1774 probant
1019 1732 1094 1760 nee
1127 1719 1198 1761 illo
1232 1719 1422 1774 graviore
1454 1724 1604 1762 ornatu
1637 1717 1823 1760 oratorio

59 1788 232 1824 utuntur
261 1786 302 1822 et
331 1784 410 1823 hoc
439 1781 656 1836 proprium
679 1794 769 1823 esse
791 1782 1022 1823 Atticorum
1043 1783 1208 1831 volunt,
1241 1788 1356 1824 recte
1379 1782 1560 1825 laudant.
1620 1783 1692 1824 Est
1713 1780 1823 1823 enim

57 1845 102 1887 in
131 1850 219 1885 arte
249 1849 360 1884 tanta
392 1850 558 1898 tamque
587 1843 701 1884 varia
732 1843 855 1884 etiam
887 1843 982 1885 huic
1012 1845 1194 1886 minutae
1226 1846 1438 1886 subtilitati
1462 1845 1593 1887 locus.
1654 1845 1716 1886 Ita
1735 1842 1819 1893 fiet,

58 1912 104 1948 ut
134 1920 217 1948 non
247 1919 416 1954 omnes,
450 1905 521 1960 qui
550 1905 703 1954 Attice,
735 1906 859 1947 iidem
882 1905 1010 1957 bene;
1043 1909 1138 1955 sed,
1170 1913 1216 1949 ut
1238 1921 1403 1957 omnes,
1439 1909 1510 1963 qui
1532 1910 1660 1956 bene,
1693 1905 1822 1948 iidem
1835 1918 1872 1946 2⁵

58 1970 181 2011 etiam
214 1970 345 2010 Attice
375 1970 527 2009 dicant.
589 1970 670 2009 Sed
703 1971 922 2010 redeamus
953 1983 1097 2012 rursus
1128 1973 1177 2011 ad
1209 1970 1492 2012 Hortensium.

170 2032 379 2073 LXXXV.
423 2032 520 2071 292.
573 2032 680 2071 Sane
711 2031 902 2086 quidem,
945 2033 1078 2088 inquit
1109 2036 1284 2074 Brutus:
1333 2047 1583 2088 quamquam
1614 2034 1692 2074 ista
1721 2031 1824 2074 mihi

58 2100 129 2136 tua
158 2093 234 2135 fuit
265 2093 523 2147 periucunda
552 2107 575 2134 a
605 2094 820 2148 proposita
858 2094 1046 2135 oratione
1085 2095 1303 2149 digressio.
1380 2099 1482 2138 Tum
1523 2097 1698 2143 Atticus,
1743 2094 1826 2136 Ali-

59 2155 221 2214 quoties
251 2169 367 2204 sum,
412 2155 566 2211 inquit,
609 2162 805 2205 conatus,
846 2158 919 2197 sed
951 2158 1215 2212 interpellare
1246 2160 1376 2200 nolui.
1437 2161 1577 2207 Nunc,
1626 2157 1824 2214 quoniam

58 2221 110 2261 ad
139 2220 420 2273 perorandum
450 2226 639 2272 spectare
670 2219 833 2260 videtur
862 2232 999 2260 sermo
1031 2226 1150 2268 tuus,
1195 2219 1351 2269 dicam,
1386 2222 1559 2274 opinor,
1592 2219 1704 2275 quod
1733 2233 1826 2261 sen-
1839 2231 1874 2257 ³0

57 2282 131 2323 tio.
192 2283 255 2322 Tu
283 2294 408 2329 vero,
455 2282 648 2335 inquam,
696 2283 801 2322 Tite.
863 2284 968 2323 Tum
999 2281 1091 2330 ille,
1131 2284 1243 2336 Ego,
1284 2283 1438 2337 inquit,
1479 2282 1655 2324 ironiam
1684 2281 1820 2330 illam,

59 2357 182 2400 quam
222 2343 263 2384 in
302 2345 472 2385 Socrate
514 2344 656 2385 dicunt
693 2344 848 2393 fuisse,
902 2359 983 2399 qua
1013 2345 1082 2386 ille
1112 2343 1154 2385 in
1185 2344 1365 2386 Platonis
1397 2351 1437 2386 et
1465 2343 1752 2400 Xenophontis
1782 2350 1822 2386 et

57 2405 254 2448 Aeschini
284 2405 403 2447 libris
433 2407 584 2453 utitur,
621 2405 795 2447 facetam
829 2412 870 2448 et
899 2408 1128 2461 elegantem
1158 2413 1274 2462 puto.
1335 2410 1407 2448 Est
1437 2407 1547 2449 enim
1581 2416 1621 2450 et
1650 2405 1821 2447 minime

57 2470 187 2525 inepti
217 2468 397 2510 hominis
429 2474 469 2509 et
500 2468 685 2509 eiusdem
719 2468 842 2510 etiam
880 2470 1027 2516 faceti,
1079 2483 1171 2510 cum
1212 2473 1263 2511 de
1300 2470 1500 2524 sapientia
1541 2469 1819 2524 disceptetur,

58 2534 165 2574 hanc
194 2529 275 2572 sibi
305 2531 438 2585 ipsum
472 2529 712 2578 detrahere,
759 2532 818 2571 eis
849 2530 1032 2572 tribuere
1062 2531 1325 2581 illudentem,
1375 2534 1444 2587 qui
1475 2546 1566 2573 eam
1598 2531 1677 2572 sibi
1707 2544 1822 2571 arro-
1836 2541 1871 2568 ³⁵

58 2599 179 2648 gant:
213 2598 261 2634 ut
290 2595 399 2648 apud
430 2593 642 2635 Platonem
674 2595 863 2635 Socrates
894 2594 935 2634 in
968 2594 1126 2635 caelum
1161 2594 1281 2636 essert
1310 2595 1501 2636 laudibus
1531 2596 1816 2647 Protagoram,

58 2656 277 2712 Hippiam,
310 2656 532 2698 Prodicum
548 2688 557 2703 ,
592 2657 812 2709 Gorgiam,
837 2662 1019 2707 ceteros;
1052 2670 1096 2698 se
1119 2663 1254 2698 autem
1278 2658 1462 2698 omnium
1486 2670 1623 2698 rerum
1645 2655 1820 2696 inscium

57 2718 177 2775 fingit
206 2726 247 2761 et
275 2718 437 2762 rudem.
498 2721 625 2759 Decet
653 2719 734 2759 hoc
763 2719 906 2760 nescio
937 2720 1148 2773 quomodo
1179 2719 1315 2762 illum:
1346 2733 1422 2760 nec
1452 2718 1654 2774 Epicure,
1686 2715 1822 2772 quiid

151 2875 185 2906 1.
215 2875 407 2915 Thucydidi
424 2876 485 2915 Lg.
507 2884 640 2913 omnes,
660 2875 750 2907 Ven.
770 2876 802 2906 1.
822 2875 901 2906 Vat.
924 2874 1037 2907 Ottob.
1059 2875 1125 2907 Gu.
1149 2877 1179 2907 1.
1195 2876 1245 2907 R:
1269 2876 1475 2915 Thucydidis
1494 2875 1531 2906 E.
1552 2890 1593 2896 -
1625 2873 1661 2905 4.
1681 2872 1822 2913 quaeso]

60 2922 162 2962 quasi
187 2921 286 2958 libri,
316 2922 359 2952 R.
387 2922 429 2953 Ut
448 2931 531 2959 nos,
559 2930 634 2953 cum
663 2922 820 2954 Manutio
848 2927 880 2953 et
907 2930 972 2961 mg.
1002 2922 1170 2960 Repetitt.
1198 2923 1319 2955 Lamb.
1352 2922 1543 2957 Gruterus,
1571 2928 1670 2959 seqq.
1691 2935 1735 2940 -—
1762 2920 1818 2951 11.

59 2969 108 3000 ad
126 2969 331 2999 oscitantem
349 2969 534 3002 Kahntius.
554 2984 591 2990 —
616 2969 669 3000 15.
691 2977 767 2999 cum
784 2972 909 3008 suryac
927 2970 956 2998 is
979 2970 1035 3009 Lg.
1056 2969 1112 2999 20.
1130 2971 1178 3000 11:
1208 2979 1285 3001 cum
1301 2969 1455 3009 sumatis
1474 2968 1532 3008 Lg.
1554 2967 1601 3002 8..
1632 2971 1824 3006 consurgat

58 3016 89 3046 is
113 3014 156 3045 D.
185 3014 252 3046 Gu.
281 3015 314 3045 1.
333 3037 341 3050 ,
369 3024 446 3046 cum
469 3016 584 3056 surqit
609 3016 639 3046 is
667 3015 705 3046 E.
738 3031 774 3037 ——
804 3015 860 3046 20.
891 3015 1050 3046 audimus
1077 3015 1130 3054 D,
1159 3016 1218 3057 Lg.
1247 3024 1365 3047 omnes
1383 3037 1391 3051 ,
1418 3014 1505 3045 Ven.
1534 3014 1566 3044 1.
1595 3013 1673 3045 Vnt.
1699 3011 1820 3044 ottob.

61 3062 130 3094 Gu.
160 3062 193 3092 1.
221 3061 256 3091 2.
295 3060 420 3093 Dresd.
448 3062 502 3093 R:
543 3063 742 3093 audivimus
769 3069 845 3092 cum
875 3060 962 3092 Aldo
990 3061 1110 3092 Lamb.
1142 3062 1181 3093 E.
1207 3078 1245 3085 —
1272 3065 1307 3092 nt
1337 3061 1376 3091 (le
1401 3057 1580 3099 Aeschine]
1608 3064 1646 3090 ut
1673 3068 1744 3091 om.
1771 3059 1824 3099 R,

59 3112 99 3140 ut
124 3107 163 3140 de
188 3107 249 3148 Lg.
278 3115 423 3145 omnes,
465 3108 530 3140 Gu.
560 3110 593 3139 1.
621 3109 654 3139 2.
696 3107 819 3139 Dresd.
848 3108 962 3139 Peter.
1002 3108 1065 3141 (De
1095 3108 1180 3140 Ven.
1210 3109 1243 3139 1.
1271 3108 1304 3138 2.
1349 3107 1422 3138 Vat.
1452 3106 1570 3138 Ottob.
1599 3115 1667 3138 non
1695 3105 1821 3146 liquet.

61 3155 223 3187 Ceterum
251 3159 386 3185 rectum
413 3153 549 3186 videtur
574 3154 886 3194 supplementum.)
908 3170 947 3175 -
977 3153 1033 3183 22.
1060 3153 1238 3194 qraviore]
1266 3155 1461 3191 suspicatus
1488 3153 1569 3184 olim
1598 3160 1691 3185 eram
1716 3162 1823 3195 yrun·

59 3202 184 3234 dioro:
225 3199 285 3231 sed
311 3201 459 3241 qravior
483 3205 630 3232 ornatus
657 3202 835 3232 Ciceronis
865 3205 916 3233 est
941 3199 1145 3238 Quintiliani
1173 3201 1215 3238 8,
1252 3200 1293 3237 3,
1328 3199 1395 3230 13:
1439 3204 1590 3230 ornatus
1611 3201 1767 3239 pressior
1792 3203 1824 3232 ct

59 3248 222 3279 severior.
252 3247 318 3277 On.
350 3261 388 3268 -
415 3246 472 3276 29.
497 3248 662 3288 quoniam
685 3248 757 3277 iam
785 3248 827 3277 1).
856 3248 917 3286 Lg.
946 3255 1091 3284 omnes,
1120 3248 1205 3278 Ven.
1235 3247 1268 3276 2.
1300 3246 1376 3276 Vat.
1405 3243 1472 3275 Gu.
1503 3248 1534 3277 1.
1563 3245 1596 3276 2.
1625 3245 1749 3278 Dresd.
1776 3246 1820 3283 R,

59 3294 175 3326 Peter.
213 3292 331 3324 Secuti
357 3300 478 3324 sumus
518 3293 604 3324 Ven.
634 3294 666 3323 1.
707 3292 826 3324 Lamb.
857 3294 896 3324 E.
940 3309 977 3314 —
1021 3292 1077 3324 33.
1116 3292 1276 3324 Aeschini
1310 3292 1384 3323 libri
1420 3296 1553 3324 tantum
1579 3301 1648 3324 non
1676 3299 1818 3325 omnes=

60 3340 235 3372 Aeschinis
260 3340 332 3371 RE.
361 3337 409 3378 (et
436 3339 494 3380 Lg.
523 3338 579 3370 35.
607 3338 664 3370 68.
690 3337 764 3380 70.)
810 3355 840 3360 —
884 3338 940 3370 34.
968 3339 1187 3380 disceptatur
1219 3338 1259 3369 Ι).
1290 3338 1357 3371 Gu.
1380 3339 1412 3370 1.
1455 3338 1497 3371 Ut
1522 3347 1610 3378 nos,
1637 3340 1821 3372 ceteri.—

61 3385 118 3419 35.
144 3391 312 3428 arrogem
338 3385 474 3419 volebat
498 3385 583 3418 Ern.
614 3401 649 3408 -
681 3384 738 3417 38.
764 3383 815 3426 id]
842 3385 932 3417 illud
958 3385 1002 3416 R.
