2117 3762
760 261 858 300 LlB.
894 261 924 300 l.
988 261 1032 301 C.
1066 263 1134 302 53.
1169 263 1236 302 54.
1783 264 1858 304 125

110 367 340 423 prodigiis,
387 365 621 422 responsiS,
665 364 869 405 similibus
902 368 1043 413 rebus,
1083 369 1179 407 item
1211 362 1437 406 maioribus
1467 365 1637 411 nostris,
1681 367 1860 417 regibus,

111 432 368 478 civitatibus,
402 428 591 482 gentibus
612 459 620 475 ,
656 428 894 468 bominibus
925 429 1264 483 sapientissimis,
1315 434 1480 475 senatu,
1515 427 1691 482 populo,
1727 427 1862 479 legum

110 495 399 548 scriptoribus.
463 491 677 531 Secundus
709 489 821 531 locus
855 498 934 537 est,
968 506 1041 546 per
1071 505 1216 546 quem.
1253 490 1317 531 illa
1350 504 1416 531 res
1447 491 1496 529 ad
1519 503 1622 545 quos
1645 491 1861 543 pertineat,

111 570 203 597 cum
235 553 550 610 amplificatione
581 566 654 607 per
684 552 1005 607 indignationem
1038 553 1295 600 ostenditur,
1348 567 1398 593 an
1437 554 1486 593 ad
1529 567 1672 593 omnes
1713 558 1783 594 aut
1813 555 1863 593 ad

112 618 312 659 maiorem
344 623 527 672 partem,
561 617 671 669 quod
707 617 1008 657 atrocissinnnn
1040 623 1123 664 est3
1157 630 1205 656 an
1238 615 1287 656 ad
1311 617 1574 670 superiores,
1610 614 1751 670 quales
1772 620 1895 655 sunts

111 679 167 726 ii,
199 694 378 735 quorum
411 693 463 719 ex
495 677 736 718 auctoritate
769 679 995 731 indignatio
1028 680 1233 726 sumitur,
1282 680 1391 732 quod
1425 676 1752 730 indignissimum
1785 683 1866 726 est;

111 756 162 782 an
194 745 243 783 ad
276 756 396 796 pares
426 743 586 787 animo,
635 741 820 784 fortuna,
863 755 1064 795 corpore,
1113 742 1224 796 qnod
1266 739 1569 794 iniquissimum
1602 745 1686 789 est;
1734 753 1784 780 an
1816 741 1868 780 ad

110 804 353 851 inferiores,
385 802 496 858 quod
528 803 869 856 superbissimum
902 810 975 845 est.
1036 803 1198 844 Tertius
1231 802 1344 844 locus
1376 808 1462 849 est,
1496 816 1570 857 per
1600 816 1722 857 quem
1744 815 1870 857 quae-

112 868 266 914 rimus,
310 866 505 921 quidnam
537 865 589 906 sit
620 874 894 915 eventurum,
936 866 969 907 si
1001 865 1110 906 idem
1141 866 1266 905 ceteri
1299 863 1468 911 saciant;
1512 870 1552 904 et
1582 863 1701 905 simul
1732 870 1871 905 osten-

112 928 246 969 dimus
264 959 274 976 ,
307 929 404 970 huic
435 929 467 968 si
500 941 740 970 concessum
773 931 846 977 sit,
881 928 1034 970 multos
1056 929 1242 968 aemulos
1265 926 1449 967 eiusdem
1471 925 1665 967 audaciae
1687 925 1919 977 suturos;10

112 1005 165 1032 ex
194 1004 299 1045 quo,
334 992 433 1046 quid
464 991 559 1032 mali
591 994 639 1032 sit
671 999 940 1040 eventurum,
974 990 1362 1031 demonstrabimus.
1426 990 1517 1028 102.
1555 990 1734 1038 Quartus
1755 988 1870 1031 locus

113 1058 196 1101 est,
229 1066 304 1108 per
334 1067 460 1109 quem
491 1056 820 1096 demonstramus
851 1053 1002 1095 multos
1034 1054 1191 1093 alacres
1223 1055 1489 1105 exspectare,
1525 1051 1623 1106 quid
1655 1056 1869 1099 statuatur,

111 1122 156 1157 ut
186 1129 239 1157 ex
271 1129 345 1165 e0,
393 1118 503 1171 quod
535 1118 605 1158 uni
638 1131 879 1158 concessum
913 1116 984 1164 sit,
1031 1114 1109 1156 sibi
1142 1128 1309 1170 quoqne
1341 1114 1410 1153 tali
1443 1114 1493 1153 de
1525 1128 1568 1153 re
1600 1112 1698 1168 quid
1737 1112 1871 1161 liceat,

112 1177 344 1233 intelligere
376 1180 549 1234 possint.
612 1182 788 1230 Quintus
820 1180 935 1221 locus
966 1183 1047 1226 est,
1079 1191 1154 1232 per
1184 1190 1305 1231 quem
1340 1173 1595 1216 ostendimus
1627 1182 1783 1217 ceteras
1805 1189 1873 1217 res

112 1254 334 1297 perperam
357 1243 624 1290 constitutas,
658 1243 866 1284 intellecta
888 1242 1083 1288 veritate,
1117 1243 1386 1280 commutatas
1415 1238 1566 1291 corrigi
1598 1251 1738 1292 posse;
1770 1240 1873 1279 hanc
1887 1248 1921 1274 1⁵

115 1319 206 1346 esse
247 1318 357 1353 rem,
407 1319 511 1359 qnae
555 1305 588 1345 si
627 1306 679 1346 sit
718 1307 845 1346 semel
885 1305 1093 1350 iudicata,
1147 1315 1282 1356 neque
1323 1299 1402 1341 alio
1445 1300 1689 1341 commutari
1720 1298 1873 1342 iudicio

114 1381 249 1423 neque
280 1367 364 1409 ulla
394 1373 596 1423 potestate
630 1368 785 1421 corrigi
816 1367 962 1423 possit.
1026 1366 1174 1405 Sextus
1195 1363 1310 1404 loeus
1332 1368 1414 1409 est,
1447 1375 1520 1416 per
1540 1376 1663 1417 quem
1685 1364 1875 1404 consulto

116 1435 157 1471 et
202 1431 252 1471 de
301 1431 502 1471 industria
547 1431 699 1471 sactum
748 1433 1056 1471 demonstratur
1102 1434 1141 1468 et
1186 1424 1287 1468 illud
1332 1426 1593 1480 adiungitur,
1641 1425 1876 1466 voluntario

116 1491 319 1534 maleficio
351 1494 513 1533 veniam
547 1492 634 1533 dari
664 1506 747 1533 non
780 1499 998 1548 oportere,
1042 1485 1549 1545 imprudentiae‘coneedi
1581 1500 1876 1542 nonnunquam

117 1556 356 1596 convenire.
420 1554 626 1609 Septimus
656 1556 773 1596 loeus
805 1561 889 1603 est,
932 1568 1006 1609 per
1038 1566 1161 1609 quem
1198 1551 1486 1604 indignamur,
1533 1549 1644 1605 quod
1684 1555 1874 1599 taetrum,
1892 1559 1927 1585 20

118 1617 305 1664 crudele,
338 1617 541 1658 nes-arium
562 1649 572 1665 ,
605 1619 864 1672 tyrannicum
896 1618 1048 1658 factum
1080 1629 1169 1656 esse
1202 1614 1415 1661 dicamus,
1446 1626 1521 1665 per
1551 1613 1657 1660 vim,
1691 1627 1874 1661 manum,

118 1680 396 1735 opulentiam;
430 1693 535 1734 qnae
565 1693 633 1720 res
663 1681 714 1720 ah
746 1680 907 1734 legibus
939 1684 979 1721 et
1009 1681 1060 1719 ab
1093 1676 1296 1732 aequabili
1327 1678 1417 1717 iure
1450 1674 1749 1716 remotissimae
1781 1676 1875 1716 sint.

117 1744 222 1783 le.
260 1744 349 1785 103.
382 1743 560 1783 Octavus
592 1744 706 1783 locus
738 1749 816 1789 est,
847 1756 922 1797 per
952 1754 1074 1797 quem
1097 1739 1427 1780 demonstramus
1448 1751 1530 1778 non
1553 1736 1721 1790 vulgare
1743 1751 1878 1792 neque

118 1805 344 1845 factitatum
376 1818 466 1846 esse
496 1819 547 1845 ne
579 1806 628 1845 ab
661 1805 941 1845 audacissimis
973 1804 1139 1858 quidem
1171 1799 1410 1841 hominibus
1440 1798 1481 1840 id
1515 1798 1784 1849 maleficium,
1827 1801 1879 1841 de

119 1880 203 1921 quo
235 1869 400 1921 agitur;
451 1873 575 1923 atque
616 1866 657 1908 id
696 1881 718 1907 a
749 1866 846 1907 seris
878 1879 1043 1921 quoque
1075 1863 1315 1905 hominibus
1347 1868 1389 1903 et
1418 1876 1441 1902 a
1471 1860 1657 1902 barbaris
1689 1863 1878 1916 gentibus
1893 1877 1928 1903 25

121 1934 163 1970 et
206 1928 455 1971 immanibus
496 1928 637 1970 bestiis
682 1935 888 1970 remotum
933 1942 1038 1970 esse.
1101 1929 1214 1967 Haec
1253 1931 1389 1971 erunt,
1441 1938 1545 1979 quae
1585 1924 1627 1965 in
1664 1929 1875 1977 parentes,

118 1989 295 2040 liberos,
342 1991 563 2046 coniuges,
617 1991 968 2046 consanguineos,
1018 1989 1224 2045 supplices
1271 1986 1494 2028 crudeliter
1530 1985 1637 2027 sacta
1667 1985 1879 2036 dicentur3

122 2059 163 2095 et
193 2055 389 2109 deinceps
420 2055 453 2094 si
485 2067 566 2109 qua
597 2052 864 2108 proferantur
894 2055 935 2093 in
968 2055 1147 2094 maiores
1177 2056 1297 2099 natu,
1328 2049 1369 2090 in
1400 2048 1602 2103 hospites,
1633 2048 1676 2089 in
1705 2049 1880 2096 vicinos,

121 2117 164 2157 in
196 2117 377 2165 amieos,
424 2117 466 2157 in
497 2130 591 2164 ρος,
638 2116 885 2170 quibuscum
916 2115 1041 2156 vitam
1073 2114 1233 2169 egeris,
1279 2116 1322 2154 in
1353 2126 1445 2159 eos,
1492 2110 1601 2167 apud
1641 2125 1745 2167 quos
1785 2113 1885 2152 edu-

122 2185 235 2222 catus
267 2181 347 2229 sis,
389 2178 431 2221 in
463 2193 534 2221 eos
554 2211 565 2228 ,
605 2193 627 2220 a
658 2179 810 2235 quihus
849 2178 1051 2227 eruditus,
1090 2179 1132 2219 in
1161 2183 1369 2225 mortuos,
1413 2177 1455 2216 in
1488 2176 1662 2216 miseros
1693 2179 1734 2215 et
1763 2174 1884 2214 mise·
1898 2188 1934 2215 30

122 2243 306 2284 ricordia
336 2244 506 2295 dignos,
540 2241 579 2282 in
610 2243 800 2282 homines
832 2240 991 2290 claros,
1022 2239 1182 2282 nobiles
1214 2246 1255 2281 et
1284 2241 1445 2280 honore
1476 2250 1597 2285 uSOS,
1630 2239 1670 2278 in
1693 2250 1783 2288 eos,
1814 2235 1885 2291 qui

123 2318 260 2360 neque
289 2305 454 2347 laedere
485 2304 610 2345 alium
641 2317 716 2345 nec
747 2317 790 2344 se
822 2303 1042 2345 defendere
1079 2304 1311 2359 potuerint,
1357 2306 1402 2342 ut
1439 2302 1480 2342 in
1517 2313 1671 2355 pueros
1691 2330 1702 2347 ‚
1749 2311 1882 2345 senes,

124 2366 347 2416 mulieres;
400 2368 550 2422 quibus
597 2381 650 2407 ex
690 2365 883 2408 omnibus
927 2366 1077 2408 acriter
1118 2368 1296 2408 excitata
1332 2363 1558 2418 indignatio
1600 2375 1804 2404 summum
1843 2361 1886 2400 in

126 2443 243 2476 eum,
276 2429 349 2485 qui
377 2429 542 2470 violarit
560 2428 709 2470 horum
731 2428 907 2485 aliquid,
940 2428 1081 2470 odium
1105 2442 1370 2471 commovere
1391 2428 1558 2482 poterit.
1622 2425 1713 2466 104.
1745 2425 1886 2465 Nonus

124 2491 241 2534 locus
272 2497 356 2541 est,
389 2506 464 2547 per
493 2506 618 2547 quem
649 2506 741 2533 cum
772 2492 862 2533 aliis
883 2524 893 2540 ‚
927 2506 1032 2547 quae
1064 2497 1224 2534 constat
1254 2505 1343 2532 esse
1374 2494 1564 2543 peccata,
1595 2489 1697 2535 hoc,
1732 2498 1814 2541 quo
1835 2485 1885 2525 de
1899 2499 1933 2526 ³⁵

128 2555 315 2610 quaestio
356 2561 435 2601 est,
483 2561 772 2610 comparatur3
823 2561 863 2596 et
901 2556 957 2595 ita
996 2568 1073 2610 per
1109 2555 1417 2595 contentionem
1449 2556 1603 2605 quanto
1634 2549 1814 2590 atrocius
1846 2552 1887 2587 et

127 2615 336 2670 indignius
367 2618 418 2658 sit
447 2616 576 2665 illud,
618 2631 699 2672 quo
732 2616 782 2658 de
812 2616 975 2671 agitur,
1008 2618 1253 2658 ostenditur.
1311 2616 1507 2657 Decimus
1538 2614 1653 2655 locus
1684 2616 1763 2656 est,
1809 2622 1887 2663 per

129 2691 252 2733 quem
283 2680 440 2727 omnia,
472 2692 576 2734 quae
607 2680 649 2720 in
679 2680 847 2733 negotio
877 2681 1061 2734 gerendo
1093 2685 1180 2720 aeta
1211 2684 1306 2720 sunt
1335 2691 1523 2734 quaeque
1553 2680 1646 2731 post
1674 2671 1886 2727 negotium

130 2747 348 2783 consecuta
379 2747 491 2790 sunt,
525 2757 617 2783 cum
648 2742 771 2783 unius
800 2743 1001 2797 cuiusque
1032 2743 1314 2796 indignatione
1346 2746 1386 2781 et
1416 2738 1701 2780 criminatione
1728 2733 1888 2788 colligi-

225 2880 260 2912 1.
286 2880 455 2913 similibus
479 2880 623 2913 PART:
664 2886 695 2913 et
720 2882 886 2914 similibus
913 2880 954 2913 E.
996 2898 1033 2904 —-
1073 2881 1159 2914 icem
1182 2880 1304 2913 1³.an
1331 2884 1365 2912 et
1398 2882 1560 2919 quattuor
1597 2873 1718 2907 Oud.:
1760 2874 1840 2905 item
1865 2881 1890 2905 a

132 2926 234 2960 Leid.
263 2927 309 2959 11.
328 2951 337 2966 ‚
362 2929 443 2959 item
468 2937 510 2960 ex
535 2929 576 2961 E.
607 2945 645 2951 -
675 2929 711 2960 4.
738 2927 799 2969 an]
830 2932 891 2961 aut
915 2928 1017 2960 PAT.
1044 2945 1089 2951 -—
1129 2927 1205 2969 auc]
1232 2938 1279 2960 an
1304 2928 1346 2959 R.
1397 2926 1436 2956 ln
1465 2926 1514 2956 bis
1541 2922 1669 2962 ubique
1696 2923 1759 2953 aut
1784 2920 1885 2952 voss.

132 2974 161 3006 1.
204 2973 249 3005 11.
287 2978 322 3006 et
349 2983 400 3014 pr.
429 2974 545 3007 schot.
585 2975 680 3008 Oud.
698 2999 707 3015 ,
749 2976 950 3008 Ernestius:
992 2984 1040 3006 an
1063 2992 1077 2998 -
1102 2980 1165 3008 aut
1189 2991 1203 2997 -
1227 2978 1289 3007 aut
1310 2991 1323 2997 -
1354 2976 1417 3004 aut
1443 2989 1456 2994 -
1481 2973 1554 3001 aut.
1618 2967 1686 3000 Sed
1722 2972 1890 3007 quattuor

135 3021 315 3053 dumtaxat
340 3025 422 3052 sunt
447 3022 615 3060 membra,
644 3031 734 3062 quae
761 3027 853 3055 recte
882 3023 1097 3054 discriminat
1123 3027 1211 3062 part.
1241 3023 1310 3058 ατη
1339 3019 1442 3059 priori
1471 3022 1585 3048 autem
1613 3016 1745 3047 notioni
1772 3023 1819 3046 an
1844 3013 1891 3045 ad

135 3074 249 3100 omnes
274 3068 496 3108 subiungitur
513 3091 522 3106 ‚
549 3078 618 3101 non
645 3069 835 3109 opponitur
860 3070 945 3102 haec
972 3072 1034 3100 aut
1061 3069 1106 3100 ad
1130 3069 1296 3100 maiorem
1320 3071 1469 3107 partem.
1499 3064 1565 3094 On.
1597 3078 1631 3085 -
1674 3061 1731 3093 18.
1758 3060 1892 3101 sactum

134 3112 237 3147 ΡΑΤ.
290 3115 406 3147 Schot.
441 3114 532 3146 Oud.
570 3115 669 3148 Voss-
697 3116 743 3147 ΙΙ.
772 3116 871 3149 Leid.
908 3117 981 3148 lt.:
1020 3116 1152 3156 sactum
1178 3123 1247 3146 esse
1273 3114 1298 3144 E
1325 3121 1401 3144 curn
1428 3111 1457 3141 R
1483 3110 1698 3150 reliquisque
1725 3107 1818 3140 Oud.
1848 3123 1892 3130 -

135 3160 194 3194 21.
220 3171 358 3195 manum
385 3161 532 3192 PART:
558 3171 621 3203 per
644 3171 788 3194 manum
815 3163 854 3194 E.
884 3179 927 3184 -
954 3162 1011 3193 22.
1040 3162 1252 3202 opulentiam
1278 3159 1350 3190 Pal.
1378 3165 1470 3190 sec.:
1500 3156 1698 3197 opulentam
1723 3154 1891 3186 PARTE.

138 3225 178 3233 —
206 3210 345 3250 aequali
369 3207 475 3240 ΛΒΤ.
506 3225 543 3230 -
587 3210 836 3241 remotissimae
859 3210 930 3240 sint
953 3208 1013 3240 AT
1040 3213 1073 3239 et
1098 3216 1183 3239 corr.
1211 3207 1258 3238 P:
1287 3205 1535 3237 remotissimae
1560 3204 1604 3235 sit
1630 3211 1682 3242 pr.
1710 3201 1757 3241 Ρ,
1785 3209 1893 3233 remo-

137 3256 274 3288 tissima
292 3258 336 3288 sit
353 3256 427 3287 RE.
450 3272 487 3278 —
515 3254 572 3286 26.
588 3263 658 3286 esse
676 3261 844 3287 remotum
856 3256 989 3287 PART.
1017 3253 1228 3294 (llexarnetri
1255 3257 1368 3284 tamen
1389 3253 1517 3283 exitum
1539 3251 1695 3288 recipere
1722 3250 1796 3280 aust
1822 3255 1892 3279 non

139 3301 287 3343 sumus.)
314 3320 357 3325 -—
390 3302 447 3334 32.
470 3305 658 3341 potuerunt
684 3299 760 3341 (per
786 3302 1046 3342 compendium)
1071 3300 1191 3332 l'ART
1218 3301 1394 3338 ceterique
1421 3299 1506 3330 noti.
1558 3296 1713 3329 Correxit.
1739 3295 1819 3327 Ern.
1838 3309 1888 3316 ·-

139 3349 196 3382 33.
217 3349 340 3393 quibus
358 3358 400 3384 ex
419 3348 574 3381 omnibus
591 3348 711 3380 PART
731 3348 882 3391 aliique:
911 3349 1035 3391 quibus
1054 3347 1209 3379 omnibus
1229 3344 1312 3387 (om.
1333 3342 1388 3383 ecc)
1405 3344 1444 3377 E.
1463 3361 1507 3368 --
1532 3342 1590 3377 35.
1611 3343 1652 3375 de
1670 3350 1737 3384 quo
1755 3339 1889 3373 PART.
