2117 3762
232 309 310 350 172
693 303 762 345 DE
793 300 1116 343 INVENTIONE
1147 303 1247 344 LIB.
1283 303 1335 344 ΙΙ.
1370 303 1413 346 C.
1448 303 1516 345 59.

227 413 328 456 illud
357 414 609 459 attendatur,
652 408 827 462 dignane
859 420 981 447 causa
1014 408 1199 450 videatur
1229 423 1298 457 ea,
1340 423 1447 464 quae
1477 411 1527 450 ad
1558 409 1773 452 utilitatem
1801 413 1983 468 pertine-

226 475 305 524 bit,
337 490 466 530 quare
498 476 548 515 de
578 468 889 526 magnificentia·
911 474 982 510 aut
1013 471 1063 510 de
1093 472 1305 514 honestate
1332 472 1527 527 quiddam
1550 471 1789 527 derogetur.
1847 477 1982 530 Atque

224 538 268 579 in
298 541 378 579 hoc
405 537 500 578 loco
531 535 631 576 mihi
663 536 785 586 caput
813 531 914 572 illud
944 531 1108 573 videtur
1137 546 1249 583 esse,
1281 540 1327 577 ut
1358 548 1625 590 quaeramus,
1660 534 1759 590 quid
1789 535 1840 577 sit
1868 537 1982 587 illud,

226 601 340 655 quod
381 598 416 641 si
454 595 624 652 adipisci
663 598 732 635 aut
771 592 957 649 effugere
995 594 1190 643 velimus,
1236 597 1374 653 aliqua
1402 612 1470 640 res
1500 596 1621 638 nobis
1652 599 1703 639 sit
1731 600 1980 650 necessaria,

196 664 305 704 ⁵hoc
336 666 415 708 est,
448 673 552 714 quae
583 657 634 698 sit
663 655 894 704 adiunctio,
924 662 970 697 ut
999 656 1196 711 proinde,
1228 659 1287 700 uti
1308 674 1496 716 quaeque
1524 673 1591 701 res
1620 660 1714 707 erit,
1746 659 1982 704 laboremus

225 728 266 766 et
295 724 577 779 gravissimam
608 732 813 774 quamque
845 732 1010 760 causam
1040 722 1398 764 vehementissime
1429 723 1704 764 necessariam
1734 722 1980 766 iudicemus.

340 788 433 827 176.
484 781 658 825 Affectio
699 787 761 822 est
795 784 996 837 quaedam
1037 795 1088 823 ex
1125 788 1314 838 tempore
1353 790 1423 826 aut
1457 799 1508 826 ex
1538 784 1802 839 negotiorum
1833 792 1984 828 eventu

225 854 295 890 aut
336 845 692 889 administratione
738 849 808 884 aut
853 845 1070 885 hominum
1115 847 1252 887 studio
1298 851 1564 889 commutatio
1606 862 1770 897 rerum,
1816 853 1862 889 ut
1900 863 1985 891 non

224 911 348 958 tales,
380 908 522 965 quales
553 912 647 948 ante
679 905 843 948 habitae
877 907 959 947 sint
988 912 1060 948 aut
1088 908 1336 963 plerumque
1368 911 1511 950 haberi
1543 912 1727 959 soleant,
1768 909 1983 953 habendae

175 984 211 1008 10
226 973 441 1015 videantur
471 984 587 1012 esse:
639 974 708 1018 ut,
755 971 806 1010 ad
836 970 978 1011 hostes
1008 971 1186 1011 transire
1216 976 1337 1025 turpe
1367 971 1531 1013 videtur
1562 986 1678 1023 esse;
1726 978 1766 1014 at
1796 987 1878 1014 non
1909 973 1982 1015 illo

224 1038 385 1083 animo,
432 1048 514 1089 quo
554 1032 693 1074 Ulixes
733 1031 915 1081 transiit3
968 1037 1008 1072 et
1045 1034 1263 1087 pecuniam
1293 1036 1335 1075 in
1366 1047 1481 1075 mare
1513 1033 1695 1076 deiicere
1725 1035 1893 1086 inutile;
1945 1042 1986 1079 at

223 1111 308 1139 non
346 1110 397 1139 eo
438 1096 639 1144 consilio,
692 1109 775 1151 quo
814 1094 1047 1151 Aristippus
1086 1095 1250 1137 deiecit.
1312 1097 1415 1138 Sunt
1445 1097 1570 1150 igitur
1599 1111 1667 1138 res
1697 1098 1901 1154 quaedam
1933 1114 1986 1141 ex

222 1166 413 1214 tempore
456 1163 497 1200 et
539 1172 591 1199 ex
629 1157 825 1206 consilio,
873 1171 958 1199 non
1000 1173 1053 1199 ex
1082 1172 1154 1200 sua
1186 1165 1332 1201 natura
1363 1161 1711 1209 considerandae3
1762 1160 1911 1217 quibus
1942 1161 1985 1203 in

224 1221 440 1271 omnibus,
488 1222 588 1277 quid
631 1226 819 1275 tempora
855 1225 996 1275 petant
1025 1226 1095 1262 aut
1124 1222 1223 1277 quid
1253 1221 1444 1277 personis
1475 1220 1645 1275 dignum
1676 1222 1750 1271 sit,
1799 1224 1986 1265 conside-

175 1303 208 1328 πε
223 1287 399 1327 randum
430 1290 491 1326 est
521 1290 561 1326 et
589 1296 673 1325 non
695 1285 818 1339 quid,
852 1285 926 1324 sed
948 1297 1030 1340 quo
1053 1284 1235 1340 quidque
1258 1284 1420 1333 animo,
1454 1286 1641 1339 quicum,
1673 1298 1756 1339 quo
1776 1290 1982 1340 tempore,

222 1349 422 1403 quamdiu
451 1346 540 1395 fiat,
572 1347 871 1387 attendendum
902 1352 978 1387 est.
1039 1348 1115 1388 His
1148 1362 1200 1387 ex
1221 1347 1408 1401 partibus
1429 1349 1480 1387 ad
1501 1346 1747 1388 sententiam
1769 1347 1985 1389 dicendam

221 1411 336 1452 locos
366 1409 473 1452 sumi
505 1414 702 1463 oportere
733 1407 995 1450 arbitramur.
1056 1411 1164 1451 LIX.
1207 1411 1301 1450 177.
1344 1411 1506 1451 Laudes
1537 1414 1676 1451 autem
1707 1415 1748 1450 et
1776 1411 1985 1466 vitupera-

222 1472 356 1514 tiones
386 1487 438 1514 ex
467 1471 518 1513 iis
548 1471 652 1513 locis
683 1477 927 1521 sumentur,
961 1472 1032 1527 qui
1061 1472 1144 1513 loci
1174 1473 1364 1525 personis
1395 1477 1489 1513 sunt
1518 1472 1728 1521 attributi,
1762 1471 1812 1515 de
1834 1477 1984 1529 quihus

223 1539 316 1576 ante
347 1534 502 1576 dictum
531 1540 607 1576 est.
671 1534 744 1575 Sin
775 1535 1033 1577 distributius
1064 1540 1239 1576 tractare
1279 1535 1350 1591 qui
1397 1537 1531 1584 volet,
1578 1535 1778 1590 partiatur
1816 1537 1859 1577 in
1898 1538 1986 1578 ani-

173 1612 337 1641 zomum
377 1603 418 1639 et
454 1611 604 1653 corpus
644 1603 686 1639 et
724 1599 924 1639 extrarias
963 1613 1029 1639 res
1069 1597 1225 1639 licebit.
1286 1599 1425 1639 Animi
1465 1602 1528 1639 est
1565 1599 1718 1647 virtus,
1770 1597 1886 1640 cuius
1934 1601 1985 1640 de

222 1658 409 1716 partibus
439 1662 579 1716 paullo
609 1665 703 1701 ante
741 1659 896 1702 dictum
936 1666 1021 1711 est;
1073 1660 1286 1716 corporis,
1332 1662 1554 1710 valetudo,
1605 1660 1803 1714 dignitas,
1848 1662 1982 1711 vires,

221 1721 440 1773 velocitas;
488 1723 717 1772 extrariae,
760 1724 923 1771 honos,
963 1723 1160 1778 pecunia,
1203 1722 1404 1771 affinitas,
1450 1737 1604 1777 genus,
1645 1724 1791 1772 amici,
1824 1725 1982 1779 patria,

221 1785 405 1840 potentia
437 1791 477 1827 et
507 1790 670 1835 cetera,
721 1799 825 1841 quae
866 1785 991 1826 simili
1029 1800 1118 1828 esse
1160 1786 1202 1827 in
1242 1798 1395 1840 genere
1425 1786 1722 1841 intelligentur.
1781 1789 1913 1842 Atque
1942 1787 1986 1827 in

230 1850 294 1891 his
336 1848 402 1897 id,
451 1850 561 1904 quod
600 1848 642 1889 in
696 1850 834 1890 omnia
878 1847 1044 1903 [valet],
1093 1848 1231 1890 valere
1265 1848 1496 1904 oportebit;
1544 1850 1753 1890 contraria
1791 1862 1981 1904 quoque,

174 1928 208 1952 25
224 1925 328 1966 quae
360 1916 401 1952 et
431 1910 565 1966 qualia
597 1912 695 1959 sint,
727 1911 1025 1965 intelligentur.
1089 1913 1183 1952 178.
1216 1911 1369 1954 Videre
1399 1917 1536 1952 autem
1568 1913 1610 1952 in
1640 1911 1847 1953 laudando
1879 1916 1919 1952 et
1942 1910 1984 1952 in

221 1974 496 2028 vituperando
529 1974 742 2030 oportebit
770 1989 855 2015 non
885 1980 988 2023 tam,
1035 1988 1139 2029 quae
1171 1975 1213 2015 in
1246 1988 1426 2028 corpore
1457 1979 1527 2016 aut
1557 1974 1599 2015 in
1631 1974 1823 2015 extrariis
1857 1976 1983 2015 rebus

223 2036 416 2078 habuerit
445 2037 504 2086 is,
549 2038 600 2078 de
631 2051 712 2092 quo
745 2042 914 2091 agetur,
955 2051 1078 2092 quam
1110 2051 1192 2092 quo
1223 2043 1341 2092 pacto
1373 2037 1436 2077 his
1467 2035 1592 2078 rebus
1621 2050 1720 2078 usus
1751 2038 1817 2077 sit.
1879 2038 1983 2077 Nam

222 2101 429 2142 fortunam
469 2099 636 2155 quidem
669 2105 707 2141 et
738 2102 907 2141 laudare
938 2099 1108 2140 stultitia
1141 2105 1180 2140 et
1217 2100 1453 2154 vituperare
1494 2100 1693 2154 superbia
1729 2104 1809 2148 est;
1855 2099 1983 2140 animi

223 2168 360 2205 autem
392 2168 432 2204 et
462 2164 550 2204 laus
580 2165 755 2204 honesta
785 2168 826 2204 et
845 2163 1096 2216 vituperatio
1117 2164 1342 2203 vehemens
1366 2167 1441 2203 est.
1502 2164 1620 2203 Nunc
1643 2163 1839 2216 quoniam
1859 2174 1983 2202 omne

175 2226 266 2273 30in
296 2239 443 2267 causae
473 2240 602 2280 genus
633 2225 948 2281 argumentandi
978 2225 1084 2266 ratio
1115 2226 1262 2265 tradita
1294 2230 1378 2273 cst,
1411 2224 1460 2265 de
1481 2224 1747 2272 inventione,
1780 2225 1915 2277 prima
1936 2238 1983 2264 ac

224 2291 403 2331 maxima
434 2295 550 2343 parte
581 2287 837 2338 rhetoricae,
871 2290 968 2330 satis
999 2288 1152 2330 dictum
1186 2289 1363 2329 videtur.
1426 2289 1584 2336 Quare,
1619 2288 1811 2343 quoniam
1844 2292 1884 2328 et
1902 2300 1984 2328 una

223 2366 320 2408 pars
363 2354 413 2393 ad
460 2354 617 2393 exitum
656 2353 738 2393 hoc
782 2365 829 2392 ac
867 2352 1085 2406 superiore
1124 2349 1231 2391 libro
1272 2349 1471 2403 perducta
1502 2355 1564 2391 est
1594 2355 1634 2390 et
1662 2350 1730 2391 hic
1760 2349 1869 2392 liber
1898 2362 1983 2391 non

223 2429 371 2472 parum
403 2414 587 2456 continet
616 2414 870 2463 litterarum,
905 2428 1010 2469 quae
1041 2418 1218 2460 restant,
1249 2412 1292 2454 in
1322 2412 1494 2468 reliquis
1525 2412 1721 2455 dicemus.

318 2564 350 2595 2.
380 2570 487 2604 quare
511 2561 553 2593 de
579 2560 689 2593 PAT:
717 2570 825 2603 quare
850 2565 913 2593 aut
938 2561 977 2592 de
1002 2560 1075 2592 RE.
1097 2577 1137 2582 —
1165 2560 1355 2601 quidquam
1380 2559 1501 2592 Lamb.
1522 2577 1566 2581 —-
1591 2559 1625 2591 5.
1646 2558 1857 2591 elaboremus
1874 2559 1916 2590 R.
1941 2575 1978 2581 —

223 2609 259 2641 7.
288 2613 479 2649 temporum
506 2617 582 2641 cum
612 2609 727 2640 Schol.
757 2608 849 2640 Oud.
879 2608 1074 2639 Schutzius.
1103 2607 1160 2646 (Ut
1185 2616 1267 2643 nos,
1303 2610 1431 2645 ceteri,
1461 2608 1562 2638 etiam
1591 2603 1730 2645 nostri.)
1773 2622 1807 2628 —
1851 2606 1905 2637 10.
1933 2606 1982 2636 υἰ-

225 2657 352 2688 deatur
370 2656 429 2687 AT
457 2659 492 2687 et
519 2665 569 2695 pr.
589 2656 627 2686 P.
650 2671 688 2677 —
716 2656 773 2686 11.
798 2655 914 2686 Ulixes
941 2655 1043 2686 iibri:
1077 2654 1206 2695 Ulysses
1225 2655 1265 2685 E.
1287 2670 1325 2677 —
1352 2654 1407 2685 12.
1427 2651 1563 2693 deiecit]
1592 2652 1670 2691 fecit
1688 2652 1758 2684 VP.
1785 2652 1981 2690 Utrumque

225 2704 326 2744 gloss.
362 2703 545 2736 videbatur
573 2702 735 2734 Grutero.
766 2719 804 2724 —
850 2702 904 2733 18.
944 2702 987 2732 iis
1011 2701 1132 2733 Lamb.
1162 2706 1196 2734 et
1222 2700 1364 2732 sortasse
1390 2701 1442 2733 R:
1484 2701 1535 2731 his
1571 2700 1705 2731 PATE.
1747 2715 1788 2722 -
1829 2698 1885 2730 19.
1921 2700 1982 2738 qui

225 2750 337 2782 PAT:
366 2751 443 2791 quis
461 2750 533 2782 RE.
557 2767 590 2772 —
622 2749 678 2780 20.
700 2752 730 2779 et
756 2749 998 2780 excontrarias
1014 2749 1061 2786 P,
1090 2752 1121 2779 et
1140 2752 1324 2779 eaetraneas
1340 2748 1383 2780 R.
1401 2763 1445 2769 ——
1476 2747 1533 2778 22.
1561 2752 1732 2779 extranea
1757 2744 1839 2783 ΑΤ,
1866 2749 1982 2777 extra-

224 2807 308 2829 neae
333 2797 362 2828 R
389 2801 422 2829 et
448 2806 498 2837 pr.
527 2796 564 2828 P.
594 2793 788 2835 (extrariae
813 2803 901 2827 corr.
929 2793 984 2832 P.)
1014 2811 1053 2817 —
1092 2795 1148 2826 23.
1185 2798 1215 2826 et
1241 2803 1310 2826 om.
1339 2803 1389 2834 pr.
1418 2794 1457 2825 P.
1497 2809 1536 2815 —-
1579 2793 1637 2825 2⁷4.
1663 2793 1755 2824 valet
1781 2801 1849 2824 om.
1876 2792 1979 2831 ΡΑΤ,

226 2844 326 2875 Leid.
355 2844 427 2879 11.;
456 2844 621 2883 expunxit
647 2842 842 2874 Schutzius.
874 2858 910 2864 —-
939 2840 995 2873 26.
1025 2843 1191 2873 extrariis
1218 2842 1318 2873 Letd.
1346 2843 1420 2874 IL:
1448 2840 1625 2872 eaetraneis
1647 2839 1813 2872 PARTE.
1843 2853 1884 2861 -
1921 2839 1978 2870 32.

226 2890 287 2923 hoc
313 2900 354 2923 ac
378 2890 438 2922 AT
466 2894 500 2923 et
525 2898 612 2923 corr.
640 2889 690 2921 P:
717 2889 805 2921 hunc
829 2888 873 2921 ab
900 2889 926 2920 E
953 2897 1031 2921 cum
1056 2889 1086 2920 R
1112 2892 1146 2922 et
1171 2897 1223 2928 pr.
1250 2889 1290 2921 P.
