2117 3762
229 257 311 302 214,
914 257 983 298 DE
1017 258 1262 301 ORATORE

231 368 300 425 qui
329 367 458 423 patris
489 363 705 407 clarissimi
735 362 1024 405 recordatione
1055 370 1096 406 et
1125 369 1326 409 memoria
1355 367 1494 409 fletum
1516 367 1670 423 populo
1694 373 1901 419 moveret,
1935 375 1976 411 et

232 434 338 473 duos
364 429 470 471 filios
501 442 597 470 suos
627 440 774 482 parvos
805 425 959 466 tutelae
988 429 1132 482 populi
1162 433 1490 472 commendasset
1521 445 1567 472 ac
1599 445 1665 479 se,
1696 437 1903 488 tamquam
1933 435 1975 474 in

229 494 447 549 procinctu
476 494 763 533 testamentum
792 488 946 529 faceret
975 491 1061 529 sine
1090 489 1195 531 libra
1223 498 1344 548 atque
1376 494 1544 541 tabulis,
1589 494 1788 548 populum
1828 497 1977 537 Roma-

231 572 330 599 num
358 562 536 597 tutorem
567 551 779 594 instituere
801 550 973 592 dixisset
1002 553 1171 593 illorum
1192 553 1370 596 orbitati.
1429 559 1569 610 Itaque
1590 569 1682 597 cum
1704 562 1744 597 et
1763 556 1917 599 invidia
1938 564 1978 599 et

200 620 328 662 sodio
358 618 502 672 populi
532 620 618 656 tum
652 614 780 654 Galba
809 619 1091 668 premeretur,
1121 614 1186 655 his
1218 615 1426 672 †qu0que
1457 634 1550 661 eum
1581 619 1806 673 tragoediis
1830 619 1978 661 libera-

229 689 317 724 tum
346 680 527 727 ferebat3
560 677 671 731 quod
702 676 800 716 item
831 677 941 731 apud
973 676 1170 717 Catonem
1202 680 1400 734 scripturn
1430 695 1519 723 esse
1547 683 1691 730 video,
1724 682 1831 724 nisi
1860 696 1980 736 pue-

230 746 301 786 ris
340 748 390 783 et
440 737 677 781 lacrimis
720 752 846 780 usus
893 744 1057 788 essct,
1103 753 1306 795 poenas
1353 756 1462 784 eum
1505 746 1746 786 daturum
1791 744 1974 787 fuisse.

230 809 342 848 Haec
377 801 552 845 Rutilius
590 802 711 842 valde
752 803 1019 855 vituperabat
1059 808 1100 843 et
1128 804 1225 844 huic
1252 804 1473 847 humilitati
1504 806 1664 848 dicebat
1692 809 1757 848 vel
1788 807 1978 849 exsilium

228 868 353 909 fuisse
392 866 459 906 vel
500 869 679 904 mortem
721 863 1067 917 anteponendam.
1124 867 1218 906 229.
1265 868 1408 921 Neque
1446 881 1547 910 vero
1576 869 1655 910 hoc
1685 869 1817 911 solum
1850 869 1975 919 dixit,

180 941 215 966 10
230 933 300 972 sed
331 929 418 984 ipsc
450 931 490 968 et
518 927 646 967 sensit
675 932 716 967 et
743 925 856 968 fecit.
913 929 1014 967 Nam
1046 942 1139 969 cum
1171 933 1281 969 esset
1308 928 1376 969 ille
1406 930 1470 970 vir
1491 933 1726 987 exemplum
1746 964 1756 980 ,
1788 937 1833 974 ut
1853 931 1980 985 scitis,

228 990 490 1035 innocentiae
538 1002 715 1043 cumque
759 989 832 1030 illo
876 1003 999 1030 nemo
1045 1003 1180 1045 neque
1210 990 1413 1045 integrior
1444 998 1549 1033 esset
1578 994 1621 1033 in
1652 995 1814 1035 civitate
1845 1008 1979 1050 neque

228 1054 423 1101 sanctior,
464 1066 548 1094 non
579 1051 704 1093 modo
736 1053 910 1107 supplex
939 1050 1144 1093 iudicibus
1177 1067 1266 1094 esse
1297 1052 1450 1102 noluit,
1489 1053 1562 1095 sed
1592 1070 1644 1096 ne
1675 1056 1860 1097 ornatius
1891 1058 1981 1111 qui-

227 1117 320 1158 dem
350 1122 419 1158 aut
446 1115 619 1156 liberius
650 1127 814 1155 causam
847 1115 926 1155 dici
957 1128 1091 1160 suam,
1123 1128 1245 1170 quam
1277 1115 1453 1170 simplex
1474 1116 1580 1157 ratio
1600 1118 1782 1160 veritatis
1802 1120 1977 1159 ferebat.

226 1179 413 1221 Paullum
454 1179 552 1219 huic
590 1179 731 1219 Cottae
770 1176 916 1219 tribuit
949 1177 1148 1232 partium,
1195 1179 1464 1218 disertissimo
1497 1178 1770 1229 adolescenti,
1819 1183 1976 1223 sororis

177 1253 212 1278 1⁵
228 1256 326 1285 suae
355 1241 455 1283 filio.
515 1239 628 1282 Dixit
656 1241 755 1280 item
786 1252 952 1281 causam
982 1240 1092 1281 illam
1124 1239 1299 1294 quadam
1339 1253 1392 1281 cx
1431 1246 1547 1293 parte
1586 1242 1637 1290 Q.
1661 1242 1818 1284 Mucius
1862 1257 1978 1284 more

227 1320 323 1353 suo,
369 1303 483 1345 nullo
512 1308 736 1359 apparatu,
785 1316 890 1356 pure
921 1307 961 1343 et
991 1303 1182 1344 dilucide.
1241 1305 1335 1344 230.
1382 1302 1540 1352 Quodsi
1570 1308 1614 1344 tu
1644 1309 1764 1350 tunc,
1811 1305 1977 1354 Crasse,

229 1368 423 1415 dixisses,
455 1368 524 1422 qui
556 1364 786 1407 subsidium
817 1366 973 1406 oratori
995 1380 1046 1406 ex
1066 1367 1147 1406 illis
1169 1364 1539 1420 disputationibus,
1575 1367 1725 1420 quibus
1745 1367 1982 1422 philosophi

227 1437 419 1477 utuntur,
467 1431 518 1470 ad
549 1428 712 1469 dicendi
743 1427 905 1482 copiam
934 1430 1160 1483 petendum
1191 1441 1280 1469 esse
1310 1427 1449 1483 paullo
1482 1433 1575 1469 ante
1607 1429 1796 1479 dicebas;
1847 1436 1908 1478 et,
1949 1433 1982 1471 si

229 1493 306 1534 tibi
335 1507 410 1548 pro
441 1495 485 1533 P.
508 1491 663 1532 Rutilio
699 1504 783 1532 non
819 1490 1165 1546 philosophorum
1211 1504 1327 1531 more
1373 1493 1446 1532 sed
1483 1497 1554 1531 tuo
1595 1491 1780 1533 licuisset
1816 1493 1981 1539 dicere,

180 1568 216 1593 20
231 1556 417 1613 quamvis
448 1555 639 1596 scelerati
668 1554 729 1594 illi
759 1553 955 1602 fuissent,
1001 1553 1119 1595 sicuti
1158 1552 1349 1602 fuerunt,
1395 1553 1581 1606 pestiferi
1619 1555 1729 1595 cives
1762 1554 1984 1610 supplicio-

230 1633 311 1675 que
352 1618 489 1672 digni,
534 1622 670 1658 tamen
713 1629 880 1657 omnem
918 1629 1063 1658 eorum
1100 1615 1456 1672 importunitatem
1497 1630 1549 1658 ex
1584 1615 1736 1658 intimis
1776 1617 1984 1657 mentibus

232 1680 440 1723 evellisset
467 1679 528 1721 vis
559 1678 760 1720 orationis
790 1683 908 1720 tuae:
956 1691 1065 1720 nunc
1094 1678 1185 1719 talis
1215 1679 1281 1720 vir
1317 1678 1491 1720 amissus
1523 1685 1603 1728 est,
1652 1678 1749 1720 dum
1779 1693 1899 1721 causa
1928 1680 1983 1720 ita

232 1743 401 1791 dicitur,
447 1748 493 1785 ut
527 1743 560 1784 si
594 1743 637 1783 in
666 1742 737 1783 illa
766 1741 1057 1783 commenticia
1084 1741 1266 1783 Platonis
1297 1741 1462 1782 civitate
1492 1755 1559 1782 res
1589 1747 1794 1797 ageretur.
1851 1745 1982 1784 Nemo

230 1804 456 1862 ingemuit,
487 1818 611 1846 nemo
640 1804 878 1846 inclamavit
906 1809 1204 1858 patronorum,
1237 1803 1342 1845 nihil
1373 1805 1564 1859 cuiquam
1596 1804 1746 1852 doluit,
1778 1819 1900 1845 nemo
1923 1809 1986 1845 est

182 1879 218 1904 2⁵
233 1874 424 1925 questus,
456 1881 579 1909 nemo
610 1882 699 1908 rem
719 1866 927 1923 publicam
948 1867 1203 1922 imploravit,
1235 1880 1358 1908 nemo
1380 1866 1639 1920 supplicavit.
1699 1867 1808 1917 Quid
1828 1866 1983 1908 multa?

231 1931 381 1986 pedem
410 1944 534 1972 nemo
562 1931 605 1971 in
633 1929 704 1971 illo
735 1929 887 1971 iudicio
920 1929 1140 1985 supplosit,
1186 1928 1335 1977 credo,
1382 1944 1435 1970 ne
1474 1930 1622 1971 Stoicis
1661 1931 1981 1970 renuntiaretur.

231 1995 335 2036 LIV.
367 1995 464 2035 231.
509 1994 696 2034 Imitatus
736 1998 798 2033 est
826 1994 952 2033 homo
983 1995 1194 2033 Romanus
1225 1995 1266 2032 et
1294 1991 1521 2032 consularis
1550 1996 1734 2033 veterem
1763 1990 1878 2032 illum
1909 1992 1985 2032 So-

234 2062 406 2103 cratem,
439 2056 531 2112 qui,
573 2069 667 2097 cum
708 2056 895 2096 omnium
925 2055 1250 2109 sapientissimus
1280 2058 1389 2095 esset
1418 2053 1756 2109 sanctissimeque
1785 2053 1982 2101 vixisset,

231 2119 289 2162 ita
317 2121 360 2160 in
388 2118 541 2160 iudicio
572 2119 714 2173 capitis
743 2132 820 2171 pro
858 2132 902 2158 se
940 2119 1028 2172 ipse
1071 2117 1192 2164 dixit,
1237 2121 1282 2158 ut
1324 2129 1407 2157 non
1448 2116 1624 2171 supplex
1664 2121 1734 2157 aut
1774 2129 1871 2156 reus
1913 2117 1984 2156 sed

185 2183 431 2236 somagister
473 2186 543 2222 aut
586 2180 779 2222 dominus
823 2179 1034 2221 videretur
1078 2193 1167 2220 esse
1209 2178 1408 2220 iudicum.
1470 2179 1581 2229 Quin
1619 2178 1760 2227 etiam,
1813 2191 1907 2218 cum
1936 2177 1986 2218 -ei

234 2245 429 2298 scriptam
460 2243 691 2285 orationem
720 2242 1013 2284 disertissimus
1047 2247 1189 2282 orator
1230 2241 1372 2297 Lysias
1408 2241 1635 2290 attulisset,
1683 2255 1829 2296 quam,
1876 2239 1909 2281 si
1947 2239 1986 2281 ei

234 2309 464 2355 videretur,
496 2308 722 2355 edisceret,
754 2312 800 2347 ut
829 2319 877 2346 ea
906 2319 981 2360 pro
1013 2318 1055 2346 se
1085 2306 1127 2344 in
1158 2305 1311 2345 iudicio
1342 2308 1545 2351 uteretur,
1592 2317 1675 2345 non
1705 2303 1857 2345 invitus
1887 2301 1987 2356 legit

236 2376 277 2412 et
305 2371 523 2411 commode
553 2369 745 2424 scriptam
776 2381 866 2409 esse
897 2367 1019 2418 dixit;
1052 2370 1145 2413 sed,
1174 2367 1329 2420 inquit,
1363 2371 1430 2414 ut,
1465 2366 1499 2407 si
1528 2365 1628 2407 mihi
1659 2365 1819 2407 calceos
1844 2365 1985 2421 Sicyo-

235 2435 327 2475 nios
346 2431 585 2480 attulisse&
629 2446 714 2472 non
752 2436 917 2479 uterer,
966 2430 1154 2484 quamvis
1186 2434 1323 2470 essent
1352 2429 1511 2470 habiles
1544 2435 1584 2469 et
1613 2430 1696 2483 apti
1726 2431 1778 2470 ad
1807 2426 1982 2483 pedem,

188 2496 331 2551 ³⁵quia
361 2510 447 2537 non
477 2499 614 2536 essent
642 2493 802 2542 viriles;
855 2494 912 2534 sic
942 2493 1055 2534 illam
1086 2493 1318 2534 orationem
1348 2493 1544 2533 disertam
1576 2491 1654 2533 sibi
1686 2496 1727 2532 et
1756 2491 1983 2532 oratoriam

236 2559 392 2608 videri,
441 2559 593 2599 fortem
625 2562 665 2598 et
692 2557 857 2598 virilem
888 2570 974 2596 non
1002 2554 1151 2597 videri.
1211 2557 1319 2608 Ergo
1358 2554 1427 2595 ille
1463 2567 1628 2608 quoque
1658 2552 1873 2595 damnatus
1903 2558 1984 2602 est;

236 2635 373 2676 neque
403 2620 535 2662 solum
564 2620 706 2675 primis
737 2618 972 2666 sententiis,
1019 2619 1169 2671 quibus
1198 2621 1356 2657 tantum
1388 2615 1619 2658 statuebant
1647 2614 1826 2663 iudices,
1873 2613 1987 2655 dam-

236 2689 407 2732 narent,
440 2696 492 2723 an
521 2683 804 2729 absolverent,
836 2682 909 2721 sed
941 2679 1062 2721 etiam
1092 2679 1196 2728 illis,
1230 2692 1330 2733 quas
1351 2678 1502 2720 iterum
1529 2677 1690 2732 legibus
1719 2676 1831 2719 ferre
1862 2675 1987 2718 debe-

238 2749 351 2788 bant.
408 2748 506 2787 Erat
535 2744 643 2786 enim
672 2742 841 2784 Athenis
871 2756 945 2783 reo
965 2744 1181 2791 damnato,
1214 2741 1248 2783 si
1267 2743 1379 2783 fraus
1401 2741 1584 2796 capitalis
1604 2754 1689 2782 non
1711 2745 1838 2789 esset,
1870 2740 1986 2796 quasi

187 2817 224 2844 ἰο
239 2823 398 2865 poenae
428 2807 686 2857 aestimatio3
733 2808 828 2847 232.
864 2811 904 2846 et
933 2806 1134 2846 sententia
1164 2819 1257 2846 cum
1289 2803 1490 2846 iudicibus
1521 2803 1711 2852 daretur,
1754 2803 1987 2856 interroga-

331 2925 364 2956 [ι.
393 2928 424 2956 et
448 2928 526 2957 ante
554 2924 632 2955 odio
659 2930 727 2953 om.
755 2921 796 2952 B.
826 2938 864 2943 —
893 2921 926 2952 5.
953 2921 1005 2952 his
1030 2928 1161 2960 quoque
1185 2918 1247 2960 τη]
1274 2921 1325 2951 his
1350 2923 1395 2950 tr.
1423 2919 1472 2956 B,
1500 2919 1551 2950 his
1576 2920 1678 2959 quasi
1704 2922 1749 2950 tr.
1777 2926 1844 2958 mg.
1875 2917 1983 2954 Crat„

241 2971 329 3002 hisce
354 2977 399 3003 tr.
427 2975 567 3003 auctore
595 2970 813 3008 Heusingero
832 2967 872 2998 T.
915 2967 1002 2999 Puto
1030 2967 1135 2999 fuisse
1162 2967 1216 2997 his
1240 2968 1387 3007 quinque
1412 2966 1624 3006 trayoediis:
1653 2966 1688 3001 1)
1716 2965 1869 3005 pupillus
1895 2964 1984 2995 filius

242 3026 302 3057 per
327 3027 362 3050 se
387 3022 559 3056 spectatus
598 3015 766 3057 (Iuvenal.
795 3015 851 3051 15,
879 3013 998 3053 132.);
1038 3013 1074 3053 2)
1103 3015 1208 3052 patris
1236 3015 1309 3045 eius
1336 3012 1514 3043 clarissimi
1542 3014 1733 3048 memoria:
1785 3011 1827 3049 3,
1853 3008 1887 3051 lo)
1915 3010 1984 3040 duo

241 3065 301 3096 filii
330 3066 447 3102 parvi;
474 3065 507 3099 5)
534 3064 639 3096 tutela
667 3061 786 3104 populi
812 3061 958 3092 Romani
986 3069 1003 3091 a
1030 3060 1136 3092 Galba
1164 3060 1356 3098 implorata.
1386 3059 1452 3091 On.
1496 3075 1532 3080 -
1572 3061 1629 3091 11.
1664 3067 1771 3098 neque
1796 3061 1874 3090 ante
1899 3057 1984 3087 inte-

242 3111 341 3151 grior
366 3119 432 3141 om.
460 3110 499 3140 B.
530 3128 564 3134 —
597 3111 653 3142 12.
679 3109 791 3141 voluit
817 3116 893 3139 cum
920 3108 1034 3139 multis
1063 3107 1174 3139 Codd.
1203 3110 1237 3138 et
1263 3107 1306 3142 R,
1327 3106 1367 3136 Τ.
1398 3104 1527 3145 (noluit
1552 3104 1736 3146 firmatB.)
1757 3121 1795 3128 --
1823 3103 1878 3136 13.
1906 3102 1987 3133 libe-

241 3154 328 3195 rius]
356 3156 492 3187 uberius
518 3157 657 3188 Bakius.
685 3174 727 3179 —
753 3156 866 3187 oratio
892 3155 935 3186 R.
965 3172 1001 3177 —
1043 3154 1099 3186 28.
1127 3152 1199 3194 qui]
1227 3162 1329 3193 quam
1354 3152 1394 3182 B.
1426 3168 1465 3174 —
1504 3151 1561 3183 29.
1587 3153 1644 3184 sed
1667 3155 1707 3183 ut
1730 3151 1897 3191 mayister
1921 3148 1982 3189 Lg.

242 3203 325 3241 9.3.;
365 3211 433 3233 non
459 3203 514 3239 R,
555 3213 645 3244 quae
673 3204 738 3235 hoc
764 3210 906 3242 quoque
935 3201 1008 3232 loco
1037 3201 1080 3232 ab
1108 3201 1164 3231 illo
1191 3200 1328 3235 differt,
1368 3200 1432 3230 etsi
1466 3201 1500 3230 in
1528 3200 1702 3239 plerisque
1727 3196 1912 3230 simillima.
1943 3212 1981 3218 -

243 3250 300 3281 30.
328 3258 402 3280 cum
428 3254 505 3279 ante
531 3250 561 3280 ei
586 3259 654 3280 om.
681 3250 721 3281 B.
742 3266 784 3272 -—
810 3248 865 3280 35.
894 3244 1103 3287 oratoriam]
1131 3250 1293 3277 ornatam
1319 3245 1499 3278 Schutzius
1516 3268 1524 3282 ,
1554 3250 1733 3278 tornatam
1751 3242 1982 3275 Eichstadius.

245 3313 284 3321 —
312 3295 369 3327 37.
394 3292 513 3335 neque]
541 3303 612 3327 non
635 3296 675 3327 B.
703 3311 745 3318 —
784 3295 841 3327 40.
865 3303 1004 3335 poena:
1033 3303 1072 3326 ea
1096 3294 1293 3326 aestimatio
1319 3292 1393 3324 BR.
1424 3309 1461 3315 -
1505 3290 1549 3334 et]
1586 3301 1628 3325 ear:
1652 3293 1691 3324 B.
1735 3290 1791 3327 (Ut
1816 3298 1902 3329 nos,
1939 3288 1983 3320 R.

242 3343 361 3376 Malim
386 3350 438 3374 ea.
465 3338 548 3382 On.)
